1821 2928
300 126 381 162 248
680 121 795 156 Liber
819 120 888 156 IV.
937 123 998 164 (A.
1022 134 1058 156 u.
1083 134 1112 157 ο.
1139 123 1347 166 345—346.)

299 262 346 287 ea
391 250 446 287 ita
492 250 582 295 sint,
629 249 778 286 liberos
808 249 1006 287 tollendos
1037 262 1132 295 esse,
1178 250 1246 299 qui
1276 249 1384 299 pulsi
1416 249 1607 288 maiorum
1638 251 1724 289 loco

300 324 585 370 cernentesque
616 321 715 358 alios
747 321 788 358 in
810 321 1059 370 possessione
1083 321 1291 369 dignitatis
1308 334 1398 368 suae,
1428 321 1518 359 salii
1533 321 1724 361 flamines-

299 405 376 442 que
415 405 610 441 nusquam
648 392 725 429 alio
765 405 881 442 quam
920 392 969 430 ad
1007 392 1309 430 sacrificandum
1349 406 1423 444 pro
1463 394 1611 443 populo
1642 393 1726 432 sine

259 464 283 501 8
303 463 483 513 imperiis
508 476 553 501 ac
568 464 834 513 potestatibus
850 464 1138 513 relinquantur.
1184 464 1362 502 Irritatis
1378 465 1585 514 utriusque
1600 466 1726 515 partis

299 535 455 581 animis,
486 548 607 584 quum
638 539 678 573 et
707 535 870 585 spiritus
901 536 1015 585 plebs
1032 538 1263 586 sumpsisset
1279 539 1319 573 et
1332 540 1413 573 tres
1430 536 1480 573 ad
1496 537 1724 586 popularem

299 619 457 644 causam
484 607 734 645 celeberrimi
750 606 922 645 nominis
946 607 1109 644 haberet
1135 607 1266 654 duces,
1296 611 1440 657 patres,
1472 609 1605 645 omnia
1621 621 1726 658 quae-

299 678 435 716 storiis
467 678 651 726 comitiis,
681 678 753 716 ubi
784 681 997 728 utrumque
1028 679 1138 728 plebi
1169 679 1321 726 liceret,
1353 679 1502 717 similia
1531 679 1615 717 fore
1646 691 1726 717 cer-

299 754 448 797 nentes,
478 750 641 788 tendere
673 750 724 788 ad
756 740 961 788 consulum
994 750 1166 796 comitia,
1198 763 1286 800 quae
1311 751 1486 788 nondum
1503 750 1729 800 promiscua

260 823 283 860 9
303 826 449 868 essent;
476 822 585 859 Icilii
603 825 742 859 contra
756 821 940 859 tribunos
957 821 1129 858 militum
1147 822 1337 860 creandos
1354 822 1498 870 dicere,
1515 826 1555 860 et
1569 822 1728 860 tandem

176 891 228 938 55
302 894 515 943 aliquando
547 893 834 943 impertiendos
865 893 975 942 plebi
1006 893 1186 931 honores.
1233 892 1312 930 Sed
1343 893 1455 931 nulla
1479 896 1566 931 erat
1592 906 1729 931 consu-

299 966 396 1003 laris
427 965 543 1012 actio,
575 979 692 1015 quam
724 964 976 1014 impediendo
1008 964 1060 1012 id,
1092 965 1199 1014 quod
1216 965 1418 1014 petebant,
1449 965 1729 1015 exprimerent,

299 1050 421 1087 quum
453 1038 555 1075 mira
584 1037 887 1087 opportunitate
919 1036 1087 1074 Volscos
1119 1039 1157 1074 et
1181 1037 1336 1086 AEquos
1367 1037 1589 1086 praedatum
1621 1039 1729 1073 extra

260 1109 398 1147 2fines
444 1110 570 1147 exisse
615 1109 657 1146 in
703 1121 841 1157 agrum
872 1108 1059 1145 Latinum
1091 1108 1392 1158 Hernicumque
1430 1108 1602 1146 affertur.
1663 1107 1729 1145 Ad

299 1180 406 1231 quod
436 1181 582 1218 bellum
613 1180 683 1217 ubi
714 1193 762 1216 ex
787 1182 947 1217 senatus
972 1180 1150 1217 consulto
1175 1181 1356 1217 consules
1374 1180 1564 1218 dilectum
1580 1179 1727 1217 habere

299 1252 513 1302 occipiunt,
548 1251 709 1289 obstare
740 1256 834 1289 tunc
865 1252 982 1289 enixe
1008 1251 1172 1297 tribuni,
1204 1252 1282 1289 sibi
1299 1251 1489 1301 plebique
1507 1265 1590 1289 eam
1608 1251 1730 1289 fortu-

260 1325 391 1361 3nam
436 1324 612 1361 oblatam
658 1326 931 1361 memorantes.
991 1323 1090 1360 Tres
1135 1326 1260 1370 erant,
1305 1327 1343 1360 et
1383 1336 1516 1360 omnes
1547 1323 1729 1361 acerrimi

300 1396 377 1433 viri
408 1396 670 1445 generosique
701 1395 791 1441 iam,
822 1397 868 1431 ut
899 1395 1005 1432 inter
1028 1395 1219 1444 plebeios.
1264 1394 1359 1432 Duo
1385 1394 1536 1443 singuli
1553 1394 1732 1443 singulos

301 1466 379 1505 sibi
420 1467 602 1504 consules
633 1466 892 1504 asservandos
924 1466 1084 1504 assidua
1114 1480 1235 1516 opera
1266 1466 1494 1513 desumunt3
1539 1465 1610 1502 uni
1642 1477 1731 1502 con-

265 1538 480 1576 4tionibus
526 1538 620 1576 data
665 1551 766 1576 nunc
813 1538 1037 1583 detinenda,
1082 1551 1188 1575 nunc
1219 1537 1436 1576 concienda
1465 1536 1592 1586 plebs.
1651 1535 1734 1574 Nec

303 1609 494 1646 dilectum
526 1610 706 1647 consules
739 1623 810 1647 nec
837 1610 1007 1656 comitia,
1039 1623 1127 1659 quae
1144 1609 1344 1659 petebant,
1375 1608 1531 1646 tribuni
1548 1607 1732 1658 expedie-

304 1681 412 1719 bant.
467 1681 694 1718 Inclinante
726 1680 870 1718 deinde
901 1694 941 1718 se
973 1681 1133 1718 fortuna
1164 1681 1214 1717 ad
1246 1693 1402 1717 causam
1426 1679 1573 1729 plebis,
1603 1678 1732 1716 nuntii

302 1752 480 1799 veniunt,
511 1766 640 1790 arcem
658 1752 960 1798 Carventanam,
988 1751 1156 1801 dilapsis
1173 1751 1224 1788 ad
1239 1751 1415 1801 praedam
1433 1750 1640 1796 militibus,
1665 1749 1735 1799 qui

303 1825 344 1861 in
374 1823 565 1873 praesidio
596 1827 721 1870 erant,
752 1824 919 1873 AEquos,
950 1823 1173 1861 interfectis
1203 1822 1340 1872 paucis
1368 1821 1597 1859 custodibus
1622 1820 1735 1866 arcis,

302 1896 509 1941 invasisse3
552 1896 654 1933 alios
684 1899 933 1933 recurrentes
965 1895 1006 1931 in
1037 1908 1180 1941 arcem,
1212 1894 1311 1932 alios
1342 1894 1524 1943 palantes
1556 1892 1598 1930 in
1628 1891 1736 1941 agris

261 1966 285 2004 5
304 1980 435 2005 caesos.
479 1967 539 2004 Ea
562 1967 726 2004 adversa
751 1967 909 2004 civitati
936 1979 1000 2003 res
1027 1966 1132 2004 vires
1155 1965 1384 2003 tribuniciae
1411 1964 1561 2003 actioni
1577 1963 1733 2001 adiecit.

303 2038 341 2076 N
344 2039 579 2089 equiequam
597 2039 700 2076 enim
716 2038 874 2084 tentati,
890 2042 935 2075 ut
949 2041 1034 2075 tum
1051 2037 1222 2087 denique
1233 2037 1472 2074 desisterent
1482 2034 1735 2085 impediendo

304 2109 423 2155 bello,
454 2113 665 2160 postquam
696 2124 774 2147 non
807 2123 957 2147 cessere
988 2123 1058 2147 nec
1090 2109 1263 2159 publicae
1293 2107 1525 2157 tempestati
1555 2119 1628 2143 nec
1655 2117 1735 2143 suae

304 2180 478 2227 invidiae,
509 2182 756 2230 pervincunt,
787 2185 832 2218 ut
863 2185 1021 2219 senatus
1048 2181 1271 2218 consultum
1288 2179 1360 2217 fiat
1375 2178 1424 2216 de
1439 2176 1614 2215 tribunis
1631 2175 1735 2213 mili-

266 2253 389 2289 6tum
421 2252 613 2296 creandis,
645 2256 750 2290 certo
782 2256 914 2290 tamen
930 2257 1059 2302 pacto,
1091 2265 1139 2289 ne
1163 2252 1274 2289 cuius
1291 2251 1393 2289 ratio
1410 2249 1637 2294 haberetur,
1667 2246 1737 2296 qui

305 2336 350 2361 eo
383 2337 486 2361 anno
516 2324 702 2361 tribunus
732 2323 863 2373 plebis
896 2327 1009 2371 esset,
1040 2336 1137 2360 neve
1169 2323 1258 2372 quis
1288 2322 1518 2360 reficeretur
1534 2320 1576 2357 in
1592 2330 1737 2356 annum

270 2396 294 2431 7
315 2394 500 2433 tribunus
531 2394 671 2445 plebis,
702 2394 808 2432 haud
825 2393 944 2431 dubie
959 2394 1096 2431 Icilios
1113 2393 1326 2432 denotante
1342 2395 1492 2438 senatu,
1523 2403 1622 2440 quos
1637 2401 1736 2426 mer-

305 2467 440 2504 cedem
486 2466 668 2504 seditiosi
711 2465 940 2503 tribunatus
978 2469 1114 2515 petere
1154 2464 1402 2502 consulatum
1444 2460 1736 2499 insimulabant.

306 2537 408 2575 Tum
454 2538 622 2576 dilectus
668 2536 808 2575 haberi
853 2537 1082 2586 bellumque
1122 2535 1298 2573 omnium
1329 2533 1513 2570 ordinum
1545 2542 1737 2568 consensu

265 2609 496 2658 Sapparari
543 2613 726 2659 coeptum.
788 2607 980 2645 Consules
1026 2607 1140 2644 ambo
1184 2604 1354 2655 profecti
1399 2603 1478 2640 sint
1517 2601 1567 2640 ad
1607 2613 1735 2639 arcem

305 2679 605 2728 Carventanam,
628 2694 679 2719 an
704 2680 806 2717 alter
830 2678 881 2717 ad
905 2677 1066 2715 comitia
1082 2675 1266 2715 habenda
1281 2673 1518 2719 substiterit,
1542 2673 1737 2710 incertum
