1821 2928
316 126 392 162 162
728 121 842 157 Liber
865 122 940 160 ΙΙΙ.
977 123 1034 166 (A.
1059 135 1096 157 u.
1123 135 1151 158 c.
1179 123 1270 167 305.)

276 251 297 285 7
316 263 434 299 quam
466 249 549 286 illis
581 253 760 287 senatum
791 263 931 299 cogere
963 251 1095 289 liceat.
1157 250 1239 289 Ubi
1261 250 1422 296 vellent,
1455 250 1744 300 experirentur,

311 325 458 371 quanto
490 321 634 358 fortior
666 321 778 358 dolor
810 322 850 359 in
880 322 1067 360 libertate
1085 335 1155 358 sua
1177 321 1421 359 vindicanda
1438 335 1556 371 quam
1583 321 1741 372 cupidi-

273 397 374 433 Stas
408 393 444 429 in
480 392 628 430 iniusta
653 392 928 431 dominatione
954 397 1067 431 esset.
1128 393 1192 430 De
1209 393 1315 430 bello
1334 392 1482 431 Sabino
1499 406 1566 430 eos
1581 394 1743 440 referre,

309 469 499 513 tanquam
532 464 661 502 maius
692 465 816 502 ullum
849 466 996 516 populo
1027 465 1209 503 Romano
1240 465 1388 502 bellum
1420 465 1473 502 sit
1504 478 1622 514 quam
1654 478 1743 502 cum

311 536 370 575 iis.
406 536 474 585 qui
507 535 638 583 legum
670 536 924 574 ferendarum
957 550 1074 574 causa
1105 536 1226 574 creati
1257 536 1358 573 nihil
1389 536 1490 574 iuris
1515 536 1558 573 in
1581 536 1742 574 civitate

309 607 560 657 reliquerint,
592 607 661 656 qui
694 608 869 654 comitia,
900 609 969 658 qui
1002 621 1151 645 annuos
1184 609 1455 656 magistratus,
1488 609 1557 658 qui
1586 608 1740 645 vicissi-

307 679 487 715 tudinem
518 679 788 729 imperitandi,
837 680 943 730 quod
982 693 1104 717 unum
1143 680 1396 729 exaequandae
1434 679 1487 717 sit
1524 680 1739 728 libertatis,

309 751 556 796 sustulerint,
599 751 668 800 qui
699 752 848 801 privati
880 752 1005 789 fasces
1047 755 1086 788 et
1125 752 1280 799 regium
1314 751 1525 801 imperium
1553 748 1739 789 habeant.

269 824 292 860 9
312 822 452 860 Fuisse
483 822 644 871 regibus
684 824 835 860 exactis
878 823 1066 873 patricios
1097 823 1371 871 magistratus3
1419 827 1572 860 creat-os
1603 826 1741 873 postea

305 897 396 944 post
444 894 704 931 secessionem
739 895 867 944 plebis
901 895 1099 944 plebei0s;
1167 896 1278 932 cuius
1325 895 1386 932 illi
1424 895 1551 944 partis
1598 899 1740 941 essent,

306 967 495 1014 rogitare.
575 965 829 1015 Populares?
875 966 985 1014 Quid
1025 967 1129 1004 enim
1162 980 1226 1004 eos
1258 980 1329 1017 per
1359 966 1549 1016 populum
1581 966 1740 1015 egisse?

308 1037 562 1087 Optimates?
595 1036 673 1083 Qui
700 1051 802 1074 anno
830 1039 907 1075 iam
933 1052 1056 1088 prope
1084 1041 1262 1076 senatum
1280 1052 1358 1075 non
1375 1038 1602 1086 habuerint,
1633 1052 1738 1076 nunc

241 1109 292 1146 10
312 1110 366 1146 ita
397 1109 579 1154 habeant,
611 1112 657 1146 ut
688 1110 737 1147 de
769 1123 810 1146 re
842 1110 1007 1160 publica
1038 1111 1149 1160 loqui
1181 1109 1449 1159 prohibeant?
1480 1096 1540 1148 Ne
1570 1110 1737 1147 nimium

306 1182 344 1217 in
377 1184 484 1218 metu
515 1181 645 1218 alieno
674 1182 759 1231 spei
777 1185 989 1231 ponerent;
1022 1182 1217 1230 graviora,
1251 1194 1338 1230 quae
1362 1182 1579 1231 patiantur,
1608 1181 1738 1219 videri

311 1253 391 1289 iam
422 1253 661 1299 hominibus,
694 1267 816 1302 quam
850 1267 938 1303 quae
970 1257 1160 1292 metuant.

186 1329 243 1375 40
418 1324 518 1361 Haec
534 1324 778 1361 vociferante
807 1325 978 1362 Horatio
1002 1338 1122 1374 quum
1147 1324 1362 1362 decemviri
1393 1337 1464 1361 nec
1485 1325 1552 1362 irae
1578 1338 1649 1362 nec
1676 1325 1736 1374 ig-

304 1396 491 1433 noscendi
508 1397 665 1433 modum
683 1397 905 1446 reperirent
920 1410 1003 1443 nec,
1028 1410 1104 1446 quo
1118 1409 1284 1434 evasura
1304 1409 1367 1433 res
1385 1399 1499 1445 esset,
1519 1400 1737 1442 cernerent,

265 1467 349 1508 ΞΟ.
384 1467 557 1515 Claudii,
607 1469 676 1517 qui
716 1471 883 1518 patruus
923 1469 1052 1518 Appii
1096 1468 1310 1506 decemviri
1349 1471 1445 1515 erat,
1490 1468 1619 1506 oratio
1657 1469 1736 1505 fuit

299 1540 484 1588 precibus
516 1552 634 1588 quam
662 1540 790 1587 iurgio
817 1540 1000 1586 similior,
1032 1540 1180 1577 orantis
1205 1553 1277 1589 per
1301 1540 1362 1576 sui
1387 1539 1523 1577 fratris
1540 1541 1734 1589 parentis-

261 1616 283 1652 3
302 1623 377 1659 que
411 1611 495 1647 eius
527 1624 673 1655 manes,
706 1614 752 1647 ut
769 1611 901 1648 civilis
918 1612 1050 1661 potius
1067 1612 1282 1659 societatis,
1318 1611 1359 1648 in
1383 1624 1461 1660 qua
1476 1614 1593 1648 natus
1617 1614 1733 1656 esset,

300 1695 418 1731 quam
449 1681 608 1718 foederis
640 1683 790 1719 nefarie
824 1683 892 1720 icti
919 1696 1006 1720 cum
1034 1683 1197 1731 collegis
1225 1683 1482 1719 meminisset.
1541 1682 1672 1720 Multo
1689 1683 1732 1720 id

263 1759 285 1794 4
307 1754 430 1802 magis
462 1767 502 1790 se
535 1753 645 1789 illius
678 1766 795 1790 causa
826 1767 939 1791 orare
978 1768 1094 1803 quam
1135 1755 1195 1791 rei
1234 1754 1425 1803 publicae3
1471 1753 1618 1803 quippe
1648 1767 1732 1791 rem

301 1825 515 1874 publicam,
546 1825 580 1861 si
611 1838 633 1861 a
664 1825 892 1863 volentibus
923 1829 1109 1875 nequeat,
1141 1827 1189 1862 ab
1209 1825 1346 1862 invitis
1366 1825 1427 1862 ius
1445 1826 1732 1875 expetituram;

300 1897 368 1933 sed
400 1911 447 1933 ex
479 1910 622 1945 magno
653 1898 867 1934 certamine
899 1911 1061 1945 magnas
1093 1898 1259 1934 excitari
1290 1898 1411 1934 ferme
1451 1897 1549 1943 iras;
1597 1911 1730 1934 earum

263 1974 285 2011 5
305 1972 486 2005 eventum
518 1982 558 2005 se
591 1969 766 2008 horrere.
828 1968 958 2015 Quum
991 1969 1103 2016 alios,
1132 1972 1398 2019 praeterquam
1431 1969 1480 2005 de
1506 1982 1583 2019 quo
1605 1972 1728 2006 rettu-

302 2039 451 2087 lissent,
485 2040 703 2077 decemviri
736 2040 867 2077 dicere
897 2041 1171 2090 prohiberent,
1204 2040 1413 2078 Claudium
1447 2040 1731 2090 interpellandi

299 2112 540 2149 verecundia
572 2112 658 2150 suit.
735 2111 985 2149 Sententiam
1018 2112 1143 2161 igitur
1174 2112 1342 2161 peregit,
1381 2112 1537 2148 nullum
1575 2111 1732 2161 placere.

261 2184 460 2220 sssenatus
493 2184 713 2220 consultum
746 2183 848 2223 fieri.
912 2182 1136 2233 Omnesque
1171 2184 1228 2220 ita
1260 2183 1521 2232 accipiebant,
1552 2183 1731 2232 privatos

300 2266 365 2290 eos
384 2267 406 2290 a
425 2253 594 2291 Claudio
614 2255 831 2300 iudicatos3
864 2255 1059 2304 multique
1084 2269 1131 2292 ex
1149 2254 1424 2292 consularibus
1440 2254 1562 2291 verbo
1580 2254 1731 2291 assensi

260 2325 280 2358 7
301 2327 406 2362 sunt.
468 2324 568 2361 Alia
599 2326 812 2373 sententia,
845 2326 1025 2375 asperior
1056 2327 1096 2363 in
1128 2325 1311 2375 speciem,
1343 2325 1423 2362 vim
1450 2325 1642 2362 minorem
1659 2325 1728 2363 ali-

300 2400 447 2445 quanto
479 2395 632 2441 habuit,
663 2409 750 2444 quae
782 2397 974 2445 patricios
1006 2398 1111 2435 coire
1143 2398 1192 2434 ad
1216 2396 1466 2447 prodendum
1489 2396 1728 2445 interregem

300 2466 480 2506 iubebat.
542 2466 750 2504 Censendo
783 2468 887 2504 enim
921 2469 1198 2519 quodcunque,
1243 2468 1500 2516 magistratus
1532 2481 1627 2513 esse,
1657 2467 1728 2517 qui

299 2542 477 2575 senatum
516 2537 721 2582 haberent,
767 2538 982 2583 iudicabat,
1029 2552 1127 2587 quos
1172 2540 1350 2589 privatos
1395 2539 1544 2576 fecerat
1589 2544 1730 2576 auctor

251 2610 275 2646 8
295 2609 445 2646 nullius
464 2613 624 2646 senatus
641 2609 811 2646 consulti
827 2609 1014 2646 faciendi.
1073 2609 1138 2646 Ita
1167 2611 1327 2647 labante
1344 2609 1421 2646 iam
1438 2621 1558 2646 causa
1574 2609 1726 2646 decem-

298 2680 485 2727 virorum,
530 2681 577 2717 L.
611 2679 819 2718 Cornelius
859 2679 1168 2728 Maluginensis,
1212 2680 1269 2720 M.
1303 2679 1482 2718 Cornelii
1513 2679 1727 2718 decemviri
