1821 2928
189 383 218 429 5

365 193 446 230 202
784 202 874 228 Liber
891 203 929 228 x.
966 202 1013 232 (A.
1031 211 1060 228 u.
1079 210 1105 229 c.
1123 204 1279 233 452-454.)

307 318 450 367 Itaque
481 331 648 367 propere
679 317 730 354 ad
760 317 996 355 dictatorem
1027 318 1178 355 auxilia
1208 318 1380 355 accitum
1410 318 1553 364 mittit;
1589 318 1744 356 interea

307 388 392 436 ipse
424 387 594 436 impetus
634 385 807 422 hostium
846 386 1025 423 sustinet.
1091 386 1242 423 Nuntio
1274 386 1395 423 allato
1427 386 1599 424 dictator
1628 387 1744 436 signa

307 455 402 491 ferri
432 467 478 491 ac
509 454 622 504 sequi
652 454 764 491 iubet
795 457 985 500 armat0s;
1023 453 1091 491 sed
1132 455 1324 492 celeriora
1352 468 1477 504 prope
1507 456 1641 494 omnia
1671 455 1742 494 im-

267 523 290 559 2
310 523 420 572 perio
452 526 576 559 erant.
642 522 774 572 Rapta
815 523 1012 572 extemplo
1054 523 1167 571 signa
1197 535 1394 573 armaque,
1425 527 1465 560 et
1493 525 1560 561 vix
1589 523 1640 561 ab
1671 523 1742 561 im·

306 594 403 640 petu
433 593 472 627 et
502 603 619 627 cursu
648 591 899 627 tenebantur.
944 591 1077 637 Quum
1107 590 1168 627 ira
1199 591 1248 628 ab
1281 595 1442 642 accepta
1472 605 1600 642 nuper
1631 590 1743 629 clade

307 658 554 704 stimulabat,
586 661 671 696 tum
717 659 953 696 concitatior
998 658 1181 696 accidens
1222 659 1371 697 clamor
1411 660 1459 697 ab
1499 660 1743 697 increscente

269 728 292 765 3
312 728 536 764 certamine.
596 726 755 775 Urgent
793 727 928 775 itaque
965 726 1036 763 alii
1074 726 1173 763 alios
1203 728 1493 778 hortanturque
1523 728 1744 777 signiferos,

306 798 350 831 ut
381 795 489 832 ocius
520 798 623 832 eant.
682 795 771 842 Quo
803 795 930 843 magis
959 795 1193 832 festinantes
1223 795 1336 832 videt
1365 795 1555 843 dictator,
1596 809 1641 833 eo
1671 796 1742 833 im-

267 864 471 912 4pensius
508 866 682 900 retentat
719 876 861 912 agmen
906 877 951 900 ac
990 863 1138 900 sensim
1176 863 1359 900 incedere
1395 864 1516 902 iubet.
1583 863 1745 902 Etrusci

308 936 457 978 contra,
489 932 688 981 principio
721 932 840 969 exciti
863 944 1019 981 pugnae,
1051 931 1233 968 omnibus
1257 932 1381 981 copiis
1405 931 1588 979 aderant3
1620 935 1660 969 et
1681 945 1743 970 su·

306 1013 378 1050 per
408 1000 509 1037 alios
540 1000 612 1038 alii
641 1001 828 1037 nuntiant
858 1000 1066 1046 dictatori,
1106 1013 1240 1036 omnes
1277 999 1452 1048 legiones
1483 1000 1744 1038 Etruscorum

307 1069 522 1118 capessisse
552 1081 727 1118 pugnam
758 1082 830 1105 nec
860 1068 939 1105 iam
970 1068 1018 1105 ab
1050 1068 1130 1104 suis
1160 1069 1295 1105 resisti
1319 1082 1446 1118 posse,
1477 1073 1515 1106 et
1545 1069 1632 1119 ipse
1663 1081 1742 1106 cer-

306 1137 368 1174 nit
397 1150 444 1174 ex
474 1137 678 1186 superiore
708 1137 813 1182 loco,
858 1136 900 1172 in
931 1140 1080 1186 quanto
1111 1136 1336 1173 discrimine
1366 1137 1599 1186 praesidium
1629 1140 1742 1175 esset.

268 1204 291 1242 5
310 1204 493 1242 Ceterum
533 1205 629 1242 satis
668 1205 810 1251 fretus,
856 1218 939 1242 esse
984 1205 1102 1242 etiam
1146 1217 1251 1241 nunc
1291 1204 1498 1242 tolerando
1536 1205 1744 1243 certamini

306 1273 492 1321 legatum,
523 1286 594 1310 nec
626 1286 666 1310 se
696 1273 838 1322 procul
869 1273 1006 1310 abesse
1035 1272 1205 1322 periculi
1234 1272 1452 1319 vindicem,
1491 1286 1609 1322 quam
1638 1286 1744 1310 max-

308 1341 386 1378 ime
416 1341 504 1378 vult
533 1341 697 1390 fatigari
727 1342 893 1388 hostem,
925 1344 970 1378 ut
1000 1340 1169 1389 integris
1200 1342 1404 1378 adoriatur
1433 1341 1588 1379 viribus
1609 1342 1744 1379 fessos.

261 1410 284 1446 6
304 1409 543 1459 Quanquam
573 1409 679 1447 lente
710 1409 950 1459 procedunt,
990 1410 1071 1446 iam
1108 1413 1240 1446 tamen
1279 1409 1330 1446 ad
1360 1409 1551 1459 impetum
1582 1409 1742 1459 capiun-

308 1477 423 1523 dum,
465 1478 591 1526 equiti
620 1479 776 1527 utique,
815 1477 1017 1515 modicum
1055 1481 1140 1514 erat
1178 1478 1360 1528 spatium.
1419 1477 1558 1515 Prima
1587 1477 1742 1515 incede-

306 1545 404 1582 bant
433 1546 547 1594 signa
577 1546 789 1594 legionum,
820 1560 868 1583 ne
900 1545 997 1595 quid
1029 1546 1227 1583 occultum
1252 1549 1321 1582 aut
1342 1545 1594 1595 repentinum
1616 1545 1742 1583 hostis

305 1613 481 1659 timeret;
513 1615 582 1651 sed
612 1614 834 1663 reliquerat
864 1614 1080 1651 intervalla
1110 1613 1215 1651 inter
1244 1614 1402 1651 ordines
1432 1613 1623 1664 peditum,
1663 1626 1742 1663 qua

269 1683 291 1718 7
309 1681 404 1718 satis
436 1681 527 1718 laxo
558 1682 687 1731 spatio
720 1682 813 1730 equi
842 1682 1023 1731 permitti
1053 1684 1225 1730 possent.
1279 1681 1441 1719 Pariter
1471 1682 1635 1719 sustulit
1663 1682 1741 1720 cla·
1774 1678 1778 1681 ⁵

307 1763 454 1786 morem
493 1751 596 1787 acies
635 1753 674 1786 et
711 1749 877 1786 emissus
916 1763 1035 1799 eques
1073 1750 1201 1786 libero
1234 1762 1350 1786 cursu
1381 1750 1422 1786 in
1452 1749 1605 1787 hostem
1633 1750 1740 1787 inve-

305 1817 427 1864 hitur,
456 1818 809 1868 incompositisque
840 1818 1030 1855 adversus
1062 1820 1283 1866 equestrem
1319 1817 1536 1866 procellam
1567 1818 1742 1856 subitum

264 1886 289 1923 8
305 1898 493 1934 pavorem
524 1885 703 1923 offundit.
748 1886 903 1935 ltaque,
934 1890 979 1923 ut
1008 1899 1132 1935 prope
1155 1898 1286 1922 serum
1309 1885 1502 1922 auxilium
1524 1885 1604 1922 iam
1628 1898 1740 1936 paene

306 1952 596 2001 circumventis,
628 1955 684 1991 ita
713 1955 900 1992 universa
929 1955 1087 2004 requies
1118 1954 1212 1990 data
1243 1956 1311 1990 est.
1365 1952 1522 2002 Integri
1553 1967 1741 2004 accepere

266 2022 496 2069 9pugnam,
541 2036 613 2060 nec
658 2037 703 2060 ea
748 2023 837 2072 ipsa
880 2023 1001 2071 longa
1043 2025 1112 2059 aut
1142 2034 1286 2071 anceps
1321 2021 1407 2058 suit.
1473 2022 1572 2060 Fusi
1609 2022 1742 2060 hostes

305 2092 435 2126 castra
464 2094 659 2139 repetunt,
690 2091 1031 2140 inferentibusque
1055 2091 1134 2128 iam
1157 2091 1270 2138 signa
1313 2089 1506 2127 Romanis
1528 2090 1676 2128 cedunt
1701 2091 1742 2127 et

239 2159 290 2195 10
307 2156 349 2193 in
379 2157 558 2195 ultimam
589 2162 807 2196 castrorum
831 2162 985 2208 partem
1008 2158 1310 2206 conglobantur.
1353 2157 1523 2196 Haerent
1542 2158 1740 2207 fugientes

306 2224 347 2261 in
379 2226 573 2273 angustiis
604 2231 830 2275 portarum;
866 2240 959 2277 pars
997 2239 1141 2274 magna
1171 2239 1357 2275 aggerem
1387 2226 1618 2276 vallumque
1647 2240 1738 2264 con-

306 2293 477 2340 scendit,
519 2294 553 2330 si
591 2299 659 2331 aut
696 2308 743 2332 ex
780 2296 983 2345 superiore
1019 2295 1105 2332 loco
1144 2295 1250 2331 tueri
1280 2308 1320 2332 se
1351 2298 1419 2331 aut
1449 2307 1636 2344 superare
1665 2294 1736 2332 ali-

239 2362 286 2398 ll
308 2374 385 2410 qua
423 2365 462 2398 et
500 2361 666 2399 evadere
704 2366 848 2411 posset.
914 2363 1036 2400 Forte
1076 2362 1247 2412 quodam
1285 2363 1371 2400 loco
1409 2362 1511 2399 male
1551 2362 1736 2399 densatus

305 2442 426 2478 agger
457 2430 631 2479 pondere
662 2431 971 2479 superstantium
1012 2430 1052 2467 in
1082 2431 1227 2468 fossam
1256 2430 1491 2480 procubuit,
1530 2432 1650 2479 atque
1680 2442 1736 2476 ea,

304 2510 425 2546 quum
456 2497 550 2535 deos
581 2496 755 2548 pandere
783 2497 890 2534 viam
919 2499 1023 2547 fugae
1055 2499 1375 2545 conclamassent,
1405 2498 1540 2548 plures
1564 2497 1735 2534 inermes

235 2565 284 2601 12
303 2577 421 2614 quam
452 2566 596 2602 armati
628 2565 812 2602 evadunt.
880 2565 971 2603 Hoc
1008 2567 1152 2616 proelio
1188 2567 1323 2603 fractae
1361 2566 1507 2603 iterum
1546 2565 1733 2602 Etrusco-

304 2645 392 2669 rum
421 2633 543 2679 vires,
581 2637 630 2679 et,
654 2638 785 2683 ,pacto
823 2647 955 2671 annuo
994 2634 1195 2683 stipendio
1227 2638 1266 2671 et
1295 2633 1416 2671 duum
1445 2645 1623 2669 mensum
1652 2632 1732 2670 fru-

303 2703 447 2746 mento,
477 2700 713 2750 permissum
745 2701 794 2738 ab
826 2701 1031 2748 dictatore,
1067 2705 1112 2738 ut
1143 2701 1191 2739 de
1221 2715 1317 2751 pace
1347 2701 1500 2749 legatos
1528 2699 1735 2737 mitterent
