1821 2928
929 165 1020 200 XIV

259 279 335 311 tur:
361 289 433 321 quo
460 279 497 311 in
523 279 679 320 maiore„
704 279 786 313 Em.
812 280 894 324 195)
921 281 964 314 15
990 279 1087 323 (Em.
1113 282 1181 316 195
1206 282 1260 325 n.)
1287 281 1366 320 XL,
1397 284 1418 318 6
1441 283 1566 327 iubet3
1603 284 1689 318 sub-

258 335 426 379 sidiaque
468 335 561 379 (My.
599 335 679 370 Em.
718 336 796 371 195.
824 336 871 370 M
898 337 1142 381 subsidiaque
1183 340 1258 373 suis
1285 350 1367 383 quae
1392 339 1501 384 locis)
1527 342 1548 374 7
1574 339 1689 384 (Prae-

256 402 385 426 nomen
414 391 588 427 Trebonio
614 392 696 427 add.
728 393 870 435 Weiss.)
897 396 919 428 8
944 406 1028 430 cum
1054 393 1129 429 III
1150 397 1370 431 cohortibus
1398 395 1468 439 (Et
1495 407 1583 431 sane
1602 408 1689 441 pro-

257 449 425 484 babiliter
439 450 535 484 Crev.
562 449 738 484 excidisse
751 450 956 485 cohortium
968 463 1161 487 numerum
1172 453 1354 497 putabat.)
1378 453 1383 497 l
1404 454 1567 488 maxime
1583 453 1688 498 (Lov.

256 507 299 543 4:
329 518 360 541 v.
386 506 433 541 ad
459 506 534 549 IX,
566 507 621 550 10,
647 507 701 541 10.
730 507 820 541 Tum
844 507 1025 552 Pfflock„
1051 508 1121 544 duo
1146 521 1245 553 rece„
1270 510 1322 544 ed.
1344 510 1449 544 Rom.
1474 514 1581 545 motu
1605 511 1687 554 pul-

257 574 362 597 veres
389 564 599 598 ostendere.
632 564 734 598 Fort.
760 575 826 598 scr.
852 570 958 600 moto
992 567 1145 610 pulvere
1171 579 1209 601 se
1244 567 1456 601 ostendere.
1494 566 1575 601 Em.
1600 567 1685 611 196)

258 621 301 654 12
335 620 510 654 hostibus
548 633 698 666 quoque
726 621 814 666 (My.
840 621 922 656 Em.
947 623 1032 666 196)
1058 622 1159 662 XLI,
1185 626 1205 658 5
1232 624 1307 658 dux
1333 624 1496 658 alaribus
1523 624 1688 659 cohorti-

255 677 325 710 bus
353 677 447 722 (My.
473 677 553 712 Em.
581 679 665 721 196)
696 680 737 712 10
765 679 871 723 (Quae
895 678 976 714 Em.
1002 680 1071 713 196
1096 680 1196 715 dicta
1219 682 1316 724 sunt,
1349 692 1424 716 non
1449 681 1541 716 satis
1565 680 1690 716 valent

255 735 385 768 contra
411 734 530 778 codd.)
567 737 607 769 11
636 735 759 778 (Prob.
796 736 866 770 duo
891 736 991 771 codd.
1017 748 1117 782 recc.,
1148 738 1258 772 Wesb.
1284 739 1463 782 Equitem
1490 749 1604 783 eques
1631 749 1686 772 se-

257 792 401 834 quitur)
429 791 551 831 XLII,
581 796 603 827 4
630 794 837 837 (proxima,
866 806 908 828 ea
938 798 1047 837 parte
1062 794 1138 828 Iac.
1155 794 1267 829 Gron.
1295 794 1413 838 Coclcl.y
1439 794 1686 839 Drakprox·

254 848 329 882 ima
355 860 400 883 ex
425 850 551 893 parte)
577 849 729 893 XLIH,
754 853 776 885 9
802 850 926 894 (Prob.
958 851 1081 886 Weiss.
1113 852 1152 885 in
1177 853 1320 895 medio)
1343 852 1348 896 1
1369 863 1523 896 passum
1546 853 1585 886 11
1609 863 1687 886 cer-

254 905 364 939 tioris
387 905 481 949 (Iac.
504 905 637 951 Gron.;
658 907 847 951 genetivus
872 919 916 943 eoe
940 909 1056 943 cladis
1083 911 1185 943 ortus
1210 910 1289 952 est.)
1318 911 1360 943 12
1374 909 1471 953 (Em.
1498 910 1543 944 18
1568 911 1603 944 et
1623 909 1684 951 20)

256 963 298 996 13
323 967 617 998 consternantur
641 966 834 1008 conspecti
872 966 917 1000 ab
945 966 1136 1010 equitibus
1170 965 1261 1010 (My.
1287 965 1368 1001 Em.
1393 966 1478 1010 197)
1503 965 1639 1008 XLIV,
1664 967 1687 1000 2

256 1018 314 1061 (de
338 1019 470 1064 interp.
486 1019 568 1055 Em.
582 1022 666 1066 198)
682 1024 702 1056 6
716 1022 900 1065 habitum,
926 1033 1010 1056 cum
1024 1050 1030 1057 .
1047 1049 1054 1056 .
1070 1049 1078 1056 .
1093 1023 1264 1066 alterius3
1291 1024 1479 1067 optimum
1491 1024 1570 1058 cett.
1586 1022 1684 1067 (Em.

254 1076 339 1120 198)
362 1077 367 1119 1
389 1076 483 1116 (Ser.
519 1078 563 1112 de
597 1079 764 1122 Samnio,
790 1078 871 1113 Em.
897 1080 983 1123 198)
1009 1079 1151 1122 XLVI.
1183 1081 1204 1115 6
1231 1083 1268 1115 et
1297 1081 1409 1114 militi
1441 1092 1577 1115 munus
1604 1080 1687 1115 dari

257 1132 349 1177 (My.
377 1133 458 1167 Em.
484 1135 569 1178 198)
595 1137 616 1170 8
641 1137 861 1180 colonisque
891 1136 981 1181 (My.
1014 1136 1095 1171 Em.
1121 1137 1206 1179 198)
1242 1138 1285 1172 16
1314 1137 1355 1171 in
1384 1138 1576 1182 legatione
1607 1136 1686 1172 sine

255 1190 360 1225 uncis
398 1192 458 1234 (A.
496 1191 615 1226 Periz.
654 1192 773 1236 Codd„
805 1193 923 1228 Drak.
960 1194 999 1227 in
1042 1194 1289 1238 legationem)
1328 1192 1484 1238 XLVII,
1521 1196 1542 1229 2
1580 1194 1685 1238 (inde

253 1248 473 1282 vicesimum
479 1261 551 1294 pro
565 1250 886 1285 undevicesimum
911 1250 1011 1285 codd.
1037 1251 1181 1297 aliquot
1201 1261 1301 1294 recen,
1327 1251 1508 1295 Huschke,
1534 1250 1686 1286 Momm-

253 1315 317 1339 sen
342 1303 468 1340 Herm.
497 1305 525 1340 I
535 1317 574 1351 p.
600 1307 678 1341 129.
730 1306 838 1352 Apud
867 1307 988 1342 Weiss.
1015 1319 1136 1342 errore
1160 1308 1300 1343 mansit
1320 1309 1449 1351 unde).
