1821 2928
569 141 686 176 Liber
711 141 757 176 V.
809 143 871 189 (A.
899 142 963 177 Ch.
989 143 1084 188 390.)
1467 149 1549 187 299

103 269 276 308 flammis
307 283 352 308 ac
383 270 511 308 ruinis
542 274 700 320 aequata
730 270 940 318 vidissent,
971 272 1153 321 quamvis
1179 272 1339 322 inopem
1363 287 1550 323 parvum-

104 355 194 393 que,
226 355 342 392 quem
372 342 577 389 tenebant,
610 342 751 380 collem
784 343 967 381 libertati
993 344 1178 382 relictum
1196 345 1345 382 virtute
1364 345 1550 384 defende-

103 417 212 461 rent;
250 418 291 452 et
320 415 410 462 iam,
449 428 571 464 quum
603 414 740 452 eadem
773 415 953 465 quotidie
984 416 1228 463 acciderent,
1259 417 1371 455 velut
1400 418 1593 456 assuetiS

105 486 224 525 malis
268 486 598 525 abalienaverant
634 488 683 525 ab
726 501 844 525 sensu
874 501 1004 525 rerum
1039 501 1198 525 suarum
1230 489 1394 536 animos,
1441 503 1552 528 arma

103 561 262 598 tantum
299 560 530 609 ferrumque
570 559 610 596 in
649 559 804 597 dextris
843 560 954 598 velut
992 559 1097 597 solas
1130 560 1322 610 reliquias
1354 562 1439 612 spei
1470 575 1552 600 suae

104 631 316 670 intuentes.

222 702 335 741 Galli
367 717 535 754 quoque,
572 717 644 754 per
676 705 834 755 aliquot
865 704 950 742 dies
981 705 1022 742 in
1052 707 1159 742 tecta
1189 705 1306 743 modo
1339 705 1452 743 urbis
1483 720 1549 744 ne·
1625 700 1684 750 43

106 775 324 826 quicquam
356 775 463 814 bello
495 779 620 825 gesto,
660 791 782 827 quum
820 777 928 815 inter
965 777 1150 815 incendia
1182 791 1227 815 ac
1258 778 1395 816 ruinas
1426 783 1554 828 captae

103 847 220 886 urbis
250 848 354 886 nihil
385 863 593 899 superesse
624 854 771 899 praeter
802 852 975 887 armatos
1006 849 1139 887 hostes
1163 849 1358 897 viderent,
1390 851 1554 900 nequic-

106 933 226 971 quam
256 924 317 959 tot
349 921 532 960 cladibus
563 923 727 960 territos
758 936 831 960 nec
855 922 1029 960 flexuros
1056 922 1106 959 ad
1125 922 1372 960 deditionem
1389 923 1557 970 animos,

104 992 148 1031 ni
177 993 240 1031 vis
271 993 543 1040 adhiberetur,
576 995 750 1044 experiri
773 995 915 1033 ultima
939 999 980 1033 et
1005 995 1200 1046 impetum
1218 995 1348 1033 facere
1365 996 1405 1032 in
1424 1009 1556 1033 arcem

106 1068 299 1104 statuunt.
360 1065 498 1104 Prima
544 1067 632 1105 luce
679 1067 793 1118 signo
841 1067 933 1105 dato
980 1067 1193 1105 multitudo
1237 1068 1364 1106 omnis
1396 1068 1437 1105 in
1467 1068 1596 1105 foro2

106 1138 340 1186 instruitur;
383 1139 478 1176 inde
517 1139 690 1177 clamore
729 1139 888 1178 sublato
927 1153 972 1177 ac
1002 1140 1205 1178 testudine
1235 1141 1342 1178 faeta
1372 1141 1556 1178 subeunt.

106 1210 319 1250 Adversus
352 1224 452 1261 quos
482 1211 654 1250 Romani
692 1212 794 1250 nihil
830 1216 978 1250 temere
1010 1227 1082 1251 nec
1113 1213 1290 1263 trepide;
1336 1212 1386 1250 ad
1419 1226 1557 1250 omnes

106 1282 240 1321 aditus
272 1283 516 1322 stationibus
542 1284 724 1331 firmatis,
756 1299 835 1335 qua
862 1286 977 1335 signa
1000 1286 1098 1323 ferri
1115 1285 1320 1332 videbant,
1353 1299 1398 1322 ea
1414 1285 1557 1323 robore

60 1359 64 1362 ’
105 1355 286 1394 virorum
303 1357 502 1407 opposito,
530 1357 718 1395 scandere
733 1357 888 1396 hostem
907 1358 1054 1404 sinunt,
1082 1371 1160 1408 quo
1179 1358 1414 1395 successerit
1432 1357 1558 1406 magis

107 1427 151 1465 in
182 1427 366 1476 arduum,
405 1442 450 1467 eo
489 1429 586 1479 pelli
617 1443 732 1479 posse
764 1443 837 1479 per
868 1431 1048 1480 proclive
1078 1430 1238 1468 facilius
1268 1431 1358 1468 rati.
1418 1429 1555 1468 Medio
1576 1431 1600 1468 3

108 1500 203 1538 fere·
225 1501 327 1538 clivo
359 1502 562 1547 restitere;
594 1506 715 1552 atque
747 1502 842 1540 inde
873 1516 922 1540 ex
954 1503 1041 1540 loco
1073 1503 1290 1553 superiore,
1329 1502 1399 1552 qui
1430 1515 1558 1552 prope

109 1585 181 1610 sua
226 1577 367 1623 sponte
407 1574 447 1611 in
486 1574 641 1612 hostem
681 1575 891 1622 inferebat,
939 1576 1092 1625 impetu
1130 1576 1235 1614 facto
1267 1578 1402 1623 strage
1435 1587 1483 1613 ea
1514 1587 1560 1612 ac

108 1645 227 1684 ruina
257 1646 397 1684 fudere
416 1645 570 1693 Gallos,
602 1651 646 1685 ut
677 1661 881 1697 nunquam
912 1652 1052 1698 postea
1083 1661 1153 1685 nec
1182 1661 1275 1698 pars
1291 1661 1364 1685 nec
1383 1646 1560 1685 universi

108 1719 357 1757 tentaverint
392 1720 472 1757 tale
510 1733 654 1770 pugnae
694 1733 831 1769 genus.
894 1718 1051 1758 Omissa
1093 1721 1229 1770 itaque
1270 1734 1339 1771 spe
1371 1733 1443 1770 per
1474 1719 1602 1757 vim4

108 1794 230 1842 atque
262 1806 373 1830 arma
403 1793 614 1839 subeundi,
646 1791 896 1830 obsidionem
927 1797 1084 1843 parant,
1116 1793 1229 1830 cuius
1261 1793 1312 1831 ad
1335 1792 1377 1830 id
1400 1796 1560 1842 tempus

109 1863 359 1903 immemores
390 1868 440 1912 et,
472 1864 580 1915 quod
604 1865 646 1902 in
669 1865 770 1903 urbe
795 1865 926 1903 fuerat
943 1865 1212 1912 frumentum„
1230 1865 1430 1904 incendiis
1448 1865 1559 1903 urbis

109 1935 427 1987 absumpserant,
468 1941 508 1975 et
548 1951 596 1975 ex
635 1937 743 1987 agris
781 1952 854 1988 per
894 1952 960 1976 eos
990 1938 1100 1988 ipsos
1133 1938 1219 1976 dies
1250 1942 1411 1988 raptum
1443 1950 1559 1975 omne

110 2007 235 2046 Veios
267 2013 366 2047 erat.
411 2009 548 2060 Igitur
580 2009 760 2047 exercitu
793 2009 921 2048 diviso
953 2010 1102 2060 partim
1134 2024 1205 2060 per
1221 2009 1415 2048 finitimos
1431 2022 1557 2060 popu·
1577 2009 1601 2047 5

109 2080 171 2118 los
204 2081 378 2131 praedari
416 2081 583 2132 placuit,
620 2081 768 2131 partim
807 2082 992 2120 obsidere
1024 2096 1166 2129 arcem,
1203 2085 1249 2120 ut
1279 2081 1560 2120 obsidentibus

109 2153 353 2191 frumentum
384 2154 644 2204 populatores
675 2166 863 2202 agrorum
895 2155 1134 2205 praeberent.
1196 2145 1200 2148 Δ

226 2226 533 2264 Proficiscentes
558 2224 698 2264 Gallos
729 2227 777 2264 ab
809 2227 910 2265 urbe
943 2227 992 2265 ad
1015 2227 1238 2265 Romanam
1270 2226 1599 2276 experiendam6

110 2300 302 2338 virtutem
334 2300 495 2337 fortuna
526 2299 615 2349 ipsa
631 2298 822 2345 Ardeam,
854 2300 923 2337 ubi
953 2300 1147 2338 Camillus
1172 2299 1394 2344 exsulabat,
1427 2299 1558 2345 ‹luxit3

111 2372 184 2424 qui
215 2373 392 2411 maestior
424 2371 481 2408 ibi
512 2371 673 2408 fortuna
703 2371 866 2421 publica
894 2386 1016 2423 quam
1040 2386 1122 2419 sua,
1155 2386 1276 2423 quum
1302 2371 1362 2409 dis
1387 2370 1556 2409 homini·
1576 2371 1598 2409 7

110 2445 266 2496 busque
298 2443 534 2483 accusandis
565 2448 796 2492 senesceret,
829 2445 1077 2494 indignando
1095 2445 1371 2494 mirandoque,
1404 2442 1477 2480 ubi
1496 2441 1560 2479 illi

111 2517 192 2555 viri
223 2521 366 2564 essent,
407 2516 477 2566 qui
509 2529 640 2553 secum
672 2515 798 2554 Veios
829 2517 1095 2568 Faleriosque
1127 2517 1338 2567 cepissent,
1377 2515 1446 2565 qui
1478 2514 1560 2552 alia

111 2589 222 2627 bella
251 2589 396 2627 fortius
427 2601 582 2638 semper
613 2601 732 2638 quam
762 2589 920 2627 felicius
960 2590 1187 2639 gessissent,
1232 2591 1395 2638 repente
1433 2585 1601 2635 audit,8

113 2659 323 2700 Gallorum
355 2661 575 2700 exercitum
606 2659 822 2699 adventare
853 2665 974 2713 atque
1006 2661 1054 2699 de
1087 2674 1132 2698 eo
1163 2659 1329 2710 pavidos
1356 2658 1558 2697 Ardeates
