1821 2928
571 181 662 206 Liber
679 182 731 206 VI.
769 181 817 210 (A.
838 181 891 206 ch.
912 180 1068 208 377-371.)
1440 166 1492 202 37

108 298 206 336 mali
236 296 387 347 plebes,
425 296 504 333 nisi
536 296 620 333 suis
652 296 693 333 111
717 309 868 333 5111111110
902 294 1070 345 imperio
1103 293 1257 338 locatis,
1288 291 1443 329 nullum
1466 302 1551 339 spe-

108 369 233 403 raret:
294 364 585 413 accingendum
639 365 689 401 ad
736 378 822 400 eam
875 363 1161 412 cogitationem
1207 373 1309 405 esse3
1369 358 1549 396 conando
1568 358 1591 394 2

108 433 344 482 agendoque
387 433 466 469 iam
508 445 553 469 eo
595 431 764 480 gradum
803 431 944 468 fecisse
984 430 1176 481 plebeios,
1221 429 1327 465 unde
1358 428 1392 464 si
1430 439 1551 476 porro

107 502 354 547 annitantur⁷
385 499 596 550 pervenire
628 500 679 536 ad
711 513 861 536 summa
893 502 932 536 et
961 498 1148 548 patribus
1179 497 1330 546 aequari
1369 499 1452 533 tam
1483 495 1552 531 ho-

109 582 206 607 nore
237 582 356 618 quam
379 569 529 606 virtute
561 571 734 617 possent.
779 568 829 605 In
859 567 1074 617 praesentia
1096 565 1284 602 tribunos
1307 564 1439 614 plebis
1463 562 1551 600 ficri
1571 562 1593 599 3

108 637 274 687 placuit,
305 650 383 687 quo
410 637 451 673 in
468 637 708 685 magistratu
732 636 894 674 sibimet
919 635 997 684 ipsi
1014 635 1121 671 viam
1139 633 1190 671 ad
1208 636 1360 670 ceteros
1383 633 1554 669 honores

109 706 326 756 aperirent.
387 705 603 754 Creatique
640 704 797 742 tribuni
831 704 873 741 C.
904 703 1090 741 Licinius
1122 705 1161 739 et
1192 701 1238 739 L.
1270 699 1432 738 Sextius
1463 713 1553 750 pro·
1572 698 1598 734 4

107 775 337 823 mulgavere
383 773 491 821 leges
533 786 667 810 omnes
708 772 898 810 adversus
945 785 1040 821 opes
1085 770 1351 821 patriciorum
1397 772 1436 805 et
1479 781 1553 818 pro

109 842 330 880 commodis
370 841 512 891 plebis,
552 854 671 878 unam
713 841 761 878 de
802 853 879 877 aere
920 840 1066 886 alieno,
1106 842 1162 885 ut,
1203 837 1375 875 deducto
1418 849 1463 873 eo
1507 837 1554 873 de

110 911 255 960 capite,
287 910 394 959 quod
426 909 558 946 usuris
588 912 912 958 pernumeratum
944 911 1057 954 esset,
1096 907 1151 955 id,
1182 906 1290 956 quod
1322 908 1556 956 superesset,

107 979 287 1016 triennio
330 978 456 1027 aequis
496 977 758 1027 pensionibus
798 977 1111 1026 persolve1·etur;
1152 976 1319 1013 alteram
1351 974 1399 1011 cle
1437 970 1599 1010 mod05

111 1060 312 1096 agrorum,
357 1060 406 1083 ne
453 1046 543 1095 quis
588 1046 678 1095 plus
725 1046 946 1095 quingenta
999 1046 1139 1093 iugera
1185 1044 1273 1092 agri
1319 1041 1556 1092 possideret,

110 1115 285 1161 tert-iam,
316 1128 365 1151 ne
396 1114 652 1151 tribunorum
683 1114 860 1151 militum
892 1114 1058 1151 comitia
1087 1113 1240 1158 fierent,
1272 1110 1557 1159 consulumque

110 1183 251 1233 utique
284 1183 385 1221 alter
417 1196 465 1220 ex
496 1182 616 1232 plebe
649 1186 871 1220 crearetur:
903 1186 1045 1219 cuncta
1076 1181 1260 1230 ingentia
1286 1183 1325 1216 et
1351 1191 1438 1228 quae
1472 1178 1557 1215 sine

111 1251 330 1289 certamine
354 1251 529 1288 maximo
555 1250 732 1288 obtineri
757 1264 837 1288 non
860 1253 1034 1300 possent.
1088 1249 1277 1287 Omnium
1294 1247 1422 1296 igitur
1438 1245 1558 1283 simul
1576 1246 1599 1282 6

111 1333 256 1365 rerum,
302 1333 470 1369 quarum
512 1319 730 1356 immodica
771 1319 917 1368 cupido
965 1319 1070 1355 inter
1112 1317 1302 1355 mortales
1344 1319 1413 1361 est,
1459 1313 1559 1362 agri,

111 1388 303 1438 peouniae⁷
334 1388 541 1428 honorum,
559 1387 793 1424 discrimine
810 1387 1030 1436 proposito,
1056 1385 1268 1424 conterriti
1283 1387 1419 1434 patres
1436 1395 1558 1432 quum

112 1456 385 1506 trepidassent
415 1456 592 1505 publicis
624 1456 875 1505 privatisque
903 1455 1097 1501 consiliis,
1128 1454 1240 1491 nullo
1273 1452 1450 1490 remedio
1477 1451 1558 1488 alio

114 1528 259 1574 praeter
283 1528 488 1573 expertam
519 1524 657 1561 multis
681 1524 761 1560 iam
787 1527 878 1560 ante
904 1523 1196 1561 certaminibus
1228 1520 1559 1559 intercessionem

116 1594 291 1638 invento,
308 1592 484 1641 collegas
500 1593 690 1630 adversus
706 1592 949 1629 tribunicias
965 1591 1197 1640 rogationes
1216 1590 1560 1640 comparaverunt.

115 1662 196 1708 Qui
237 1660 309 1698 ubi
353 1661 485 1698 tribus
531 1661 581 1697 ad
629 1659 863 1708 suffragium
910 1659 1128 1697 ineundum
1170 1659 1290 1696 citari
1332 1672 1354 1695 a
1394 1655 1601 1694 Licini07

115 1727 336 1778 Sextioque
381 1728 588 1775 viderunt,
635 1728 776 1778 stipati
822 1731 982 1778 patrum
1026 1727 1230 1778 praesidiis
1275 1741 1348 1764 nec
1393 1725 1558 1763 recitari

114 1797 345 1846 rogationes
377 1809 449 1834 nec
473 1798 665 1835 sollemne
690 1797 906 1846 quiequam
938 1796 1052 1834 aliud
1085 1795 1136 1834 ad
1168 1795 1416 1833 sciscendum
1447 1793 1559 1843 plebi

115 1866 204 1903 fieri
221 1865 328 1916 passi
356 1869 458 1903 sunt.
505 1866 672 1915 Iamque
698 1865 847 1902 frustra
874 1877 978 1914 saepe
997 1865 1170 1902 concilio
1198 1864 1406 1909 advocato,
1437 1875 1559 1912 quum
1577 1859 1602 1896 8

117 1947 189 1984 pro
222 1934 445 1983 antiquatis
467 1934 700 1982 rogationes
726 1936 867 1979 essent,
902 1932 1037 1978 ⁷.Bene
1061 1933 1206 1969 11111191ἐι
1235 1931 1369 1981 111(11111;
1386 1929 1560 1968 Sextius.

121 2033 137 2050 ‚.
146 2003 317 2050 Quando
336 2002 498 2052 quidem
522 2005 678 2038 tantum
698 2001 1023 2038 intercessionem
1040 2001 1194 2051 pollere
1211 2000 1355 2050 placet,
1378 1999 1455 2036 isto
1473 1999 1560 2048 ipso

115 2072 198 2109 telo
229 2071 455 2108 tutabimur
485 2069 656 2120 plebem.
715 2068 844 2117 Agite
870 2069 974 2106 dum.
1007 2069 1172 2106 comitia
1202 2068 1386 2114 indicite,
1416 2071 1562 2117 patres.
1581 2065 1603 2100 9

116 2139 295 2177 tribunis
326 2139 502 2176 militum
529 2137 731 2183 creandis;
762 2137 867 2183 faxo,
897 2150 946 2173 ne
972 2137 1081 2174 iuvet
1104 2150 1182 2174 vox
1215 2137 1292 2174 ista
1322 2139 1452 2182 veto,
1485 2149 1562 2185 qua

118 2222 223 2245 nunc
262 2208 517 2245 concinentes
557 2205 732 2254 collegas
770 2207 929 2242 nostros
959 2207 1040 2242 tam
1072 2205 1154 2242 laeti
1187 2205 1375 2243 9111111115.δι
1439 2203 1561 2241 Haud
1584 2202 1633 2238 lo

121 2276 247 2313 irritae
273 2275 454 2313 cecidere
477 2274 616 2319 minae3
647 2273 823 2319 comitia,
853 2275 999 2322 praeter
1022 2273 1202 2310 aedilium
1225 2267 1561 2322 tribunorumque

120 2344 242 2394 plebi,
273 2344 384 2381 nulla
415 2346 507 2380 sunt
538 2342 689 2380 habita.
749 2340 936 2378 Licinius
968 2339 1210 2392 Sextiusque
1241 2341 1399 2378 tribuni
1432 2339 1562 2389 plebis

121 2412 262 2450 refecti
286 2411 600 2468 nullos-curules
625 2409 884 2458 magistratus
909 2410 1037 2447 creari
1060 2410 1168 2460 passi
1193 2412 1296 2456 sunt,
1328 2422 1452 2458 eaque
1469 2407 1563 2445 soli·

120 2479 218 2518 tudo
236 2481 553 2529 magistratuum,
571 2482 608 2515 et
621 2477 738 2528 plebe
750 2477 955 2515 reficiente
968 2477 1068 2515 duos
1078 2477 1265 2515 tribunos
1278 2481 1317 2514 et
1334 2477 1386 2513 iis
1399 2475 1563 2513 comitia

121 2547 378 2585 tribunorum
394 2547 571 2585 militum
587 2546 837 2591 tollentibus,
853 2559 924 2596 per
937 2545 1254 2595 quinquennium
1268 2545 1406 2581 urbem
1423 2543 1565 2580 tenuit.

237 2616 339 2654 Alia
356 2616 464 2653 bella
481 2618 705 2665 opportune
723 2614 930 2663 quievere3
961 2613 1165 2651 Veliterni
1191 2612 1324 2649 coloni
1348 2611 1566 2660 gestientes
1642 2605 1699 2652 36

126 2682 222 2730 otio,
252 2682 358 2733 quod
383 2683 518 2720 nullus
542 2682 743 2719 exercitus
758 2681 964 2719 Romanus
982 2685 1095 2720 esset.
1127 2684 1164 2717 et
1182 2694 1321 2729 agrum
1337 2679 1565 2716 Romanum
