1821 2928
389 218 468 254 162
840 224 930 249 Liber
947 223 1001 248 Ix.
1038 223 1086 251 (A.
1104 231 1133 248 u.
1153 230 1178 249 c.
1197 224 1267 253 435.)

330 341 397 386 cis,
438 341 507 390 qui
547 339 788 376 Parthorum
827 350 984 387 quoque
1027 339 1166 374 contra
1195 350 1338 374 nomen
1368 336 1593 374 Romanum
1624 335 1762 385 gloriae

328 409 473 451 favent,
514 407 705 444 dictitare
750 406 897 451 solent,
938 418 987 441 ne
1027 405 1272 441 maiestatem
1313 405 1484 442 nominis
1524 403 1762 450 Alexandri,

329 489 444 525 quem
486 488 534 512 ne
570 475 674 511 fama
713 473 871 522 quidem
915 473 997 509 illis
1034 476 1170 510 notum
1202 472 1376 509 arbitror
1406 472 1538 519 fuisse,
1567 471 1763 509 sustinere

293 545 409 580 711011
447 542 627 592 potuerit
665 541 838 590 populus
876 540 1090 587 Romanus,
1129 544 1178 586 et,
1211 540 1399 577 adversus
1431 553 1547 589 quem
1578 538 1763 585 Athenis,

330 611 371 647 in
413 610 575 647 civitate
613 610 739 647 fracta.
777 608 1042 645 Macedonum
1083 608 1214 655 armis,
1255 612 1440 646 cernente
1477 611 1562 644 tum
1593 607 1763 644 maxime

329 691 453 727 prope
483 678 679 714 fumantes
710 676 938 712 Thebarum
969 675 1115 720 ruinas,
1154 677 1378 713 contionari
1410 676 1535 713 libere
1566 674 1653 713 ausi
1682 675 1763 712 sint

328 746 518 792 homines,
565 745 608 782 id
648 745 755 794 quod
794 758 840 780 ex
878 744 1142 780 monumentis
1173 744 1397 781 orationum
1426 746 1546 794 patet,
1578 742 1764 780 adversus

329 828 416 851 eum
448 826 560 850 nenio
593 827 638 849 ex
663 816 724 849 tot
751 811 984 861 proceribus
1007 811 1202 848 Romanis
1228 825 1365 849 vocem
1390 812 1556 849 liberam
1572 811 1764 847 missurus

288 883 313 919 8
330 881 451 918 fuerit
464 881 482 917 ἱ)
508 867 769 928 Quantalibet
786 879 1019 927 magnitudo
1032 879 1205 916 hominis
1217 879 1470 929 concipiatur
1481 879 1630 925 animo;
1646 878 1765 915 unius
1780 886 1784 891 “

329 953 462 986 tamen
493 963 536 986 ea
570 947 802 995 magnitudo
833 946 1006 984 hominis
1038 947 1124 993 erit,
1163 948 1325 984 collecta
1359 947 1478 996 paulo
1510 946 1599 996 plus
1631 946 1764 983 decem

291 1020 313 1051 ἵ)
332 1030 524 1054 annorum
555 1015 768 1061 felicitate3
800 1028 918 1064 quam
951 1014 1019 1063 qui
1050 1028 1094 1052 eo
1127 1015 1334 1061 extollunt,
1368 1015 1475 1064 quod
1495 1014 1669 1064 populus
1684 1013 1764 1051 Ro-

329 1097 479 1131 manus,
511 1084 584 1120 etsi
614 1084 726 1121 nullo
758 1083 878 1128 bello,
909 1082 1044 1119 multis
1074 1086 1207 1120 tamen
1224 1083 1378 1132 proeliis
1404 1083 1535 1120 victus
1559 1083 1623 1129 sit,
1641 1081 1763 1120 Alex-

330 1152 454 1189 andro
487 1151 637 1188 nullius
667 1164 812 1200 pugnae
843 1163 923 1187 non
954 1150 1125 1187 secunda
1157 1151 1317 1188 fortuna
1347 1152 1479 1198 fuerit,
1508 1164 1588 1188 non
1613 1150 1764 1188 intelli-

329 1225 438 1268 gunt,
470 1233 509 1257 se
541 1219 713 1256 hominis
744 1232 806 1255 res
837 1222 980 1265 gestas,
1013 1222 1051 1255 et
1083 1219 1167 1255 eius
1199 1219 1364 1264 iuvenis,
1395 1232 1483 1256 cum
1513 1218 1656 1268 populi
1686 1219 1765 1256 iam

270 1289 320 1325 10
334 1277 706 1336 octingentesimum
746 1286 934 1323 bellantis
973 1299 1118 1323 annum
1149 1286 1264 1323 rebus
1295 1286 1485 1324 conferre.
1558 1287 1766 1333 Miremur,

328 1356 371 1401 si,
414 1369 535 1404 quum
574 1368 620 1392 ex
657 1354 731 1391 hac
769 1357 883 1404 parte
924 1354 1069 1391 saecula
1110 1354 1224 1403 plura
1265 1357 1521 1391 numerentur
1561 1367 1680 1404 quam
1719 1367 1766 1391 ex

328 1423 397 1460 illa
429 1423 534 1469 anni,
571 1422 661 1472 plus
699 1422 741 1458 in
777 1425 859 1458 tam
890 1421 1010 1470 longo
1041 1422 1172 1471 spatio
1205 1435 1324 1470 quam
1355 1422 1396 1458 in
1427 1424 1542 1459 zeta-te
1572 1421 1762 1459 tredecim

269 1493 524 1528 llannorum
560 1491 722 1527 fortuna
757 1489 1005 1526 variaverit?
1064 1489 1173 1536 Quin
1209 1493 1254 1525 tu
1284 1489 1457 1527 hominis
1488 1503 1576 1526 cum
1605 1489 1766 1528 homine

264 1560 313 1596 12
332 1563 369 1596 et
411 1558 524 1595 <lueis
566 1571 653 1595 cum
694 1558 793 1595 duce
831 1558 1031 1594 fortunam
1071 1557 1174 1607 [cum
1205 1557 1380 1607 fortuna]
1413 1556 1598 1595 confers?
1656 1557 1763 1604 Quot

328 1626 530 1663 Romanos
569 1626 688 1663 duces
728 1625 939 1671 nominem!⁹
980 1625 1126 1674 quibus
1167 1637 1369 1674 nunquam
1409 1625 1576 1663 adversa
1605 1625 1763 1662 fortuna

328 1707 470 1743 pugnae
503 1693 609 1730 fuit?
639 1693 816 1741 Paginas
843 1693 883 1729 in
910 1693 1120 1729 annalibus
1145 1693 1451 1741 magistratuum
1468 1693 1660 1742 fastisque
1677 1706 1764 1742 per-

329 1775 486 1799 currere
518 1762 611 1798 licet-
643 1761 846 1798 consulum
873 1761 1202 1809 dictatorumque.
1228 1773 1395 1809 quorum
1418 1774 1491 1798 nec
1513 1760 1676 1798 virtutis
1692 1773 1763 1798 nec

265 1830 314 1866 13
332 1830 500 1866 fortunae
531 1830 614 1867 ullo
648 1829 712 1866 die
742 1829 935 1878 populum
965 1828 1189 1865 Romanum
1220 1829 1416 1877 paenituit.
1488 1827 1543 1864 Et
1573 1840 1651 1877 quo
1683 1828 1761 1865 sint

327 1897 598 1934 mirabiliores
639 1911 756 1946 quam
788 1896 1020 1933 Alexander
1057 1899 1125 1933 aut
1156 1896 1366 1945 quisquam
1396 1909 1476 1942 rex,
1509 1896 1629 1932 denos
1658 1895 1762 1933 vice-

326 1977 476 2014 nosque
508 1965 591 2002 dies
623 1965 787 2014 quidam
818 1964 1070 2009 dictaturam,
1101 1976 1214 2001 nemo
1245 1963 1336 2013 plus
1363 1977 1480 2013 quam
1503 1976 1649 2000 annum
1673 1976 1762 2000 con-

260 2032 312 2068 14
329 2033 502 2069 sulatum
533 2033 675 2080 gessit3
707 2033 756 2069 ab
785 2032 962 2069 tribunis
986 2032 1116 2081 plebis
1140 2031 1311 2068 dilectus
1330 2030 1515 2079 impediti
1534 2033 1642 2077 sunt;
1672 2034 1761 2080 post

328 2103 483 2149 tempus
515 2100 564 2136 ad
596 2100 703 2136 bella
734 2100 878 2145 ierunt,
911 2102 1000 2136 ante
1031 2103 1187 2148 tempus
1219 2098 1473 2135 comitiorum
1504 2111 1621 2136 causa
1650 2111 1761 2136 revo-

256 2166 307 2204 15
328 2167 407 2203 cati
438 2170 546 2203 sunt:
580 2166 619 2203 in
651 2167 737 2215 ipso
770 2171 914 2204 conatu
944 2180 1075 2204 rerum
1108 2166 1346 2214 circumegit
1368 2179 1408 2203 se
1426 2179 1568 2212 annus3
1599 2166 1761 2215 collegae

330 2247 434 2270 nunc
465 2234 682 2270 temeritas.
723 2247 826 2270 nunc
868 2236 1044 2283 pravitas
1076 2234 1358 2283 impedimento
1390 2236 1459 2271 aut
1489 2233 1632 2271 damno
1663 2233 1760 2270 fuit:

329 2302 432 2339 male
474 2302 595 2349 gestis
635 2301 755 2338 rebus
795 2302 963 2339 alterius
995 2315 1216 2339 successsum
1249 2305 1324 2347 θεῖς
1354 2302 1524 2338 tironem
1556 2305 1626 2338 aut
1655 2301 1760 2339 mala

263 2370 311 2406 16
330 2368 544 2418 disciplina
576 2369 802 2405 institutum
833 2369 1050 2406 exercitum
1075 2373 1322 2419 acceperunt.
1383 2369 1443 2407 At
1464 2369 1623 2407 hercule
1647 2382 1760 2418 reges

327 2450 406 2473 non
447 2436 567 2473 liberi
608 2436 733 2473 solun]
772 2436 1066 2485 impedimentis
1108 2438 1302 2483 omniLus⁷
1343 2437 1411 2473 sed
1443 2437 1596 2474 domini
1626 2449 1757 2474 rerum
1803 2469 1806 2471 .

262 2505 312 2540 17
328 2506 631 2552 temporumque
660 2504 824 2540 trahunt
855 2504 1034 2541 consiliis
1057 2508 1208 2551 cuncta,
1225 2517 1303 2541 non
1319 2507 1548 2553 sequuntur.
1578 2503 1759 2541 Invictus

328 2583 422 2618 ergo
455 2571 689 2607 Alexander
721 2583 806 2606 cum
838 2571 1001 2609 invictis
1025 2572 1192 2609 ducibus
1216 2572 1321 2610 bella
1347 2572 1542 2620 gessisset,
1565 2574 1604 2607 et
1620 2571 1755 2608 eadem

262 2638 312 2674 18
329 2637 498 2674 fortunae
530 2638 697 2687 pignora
727 2638 767 2674 in
801 2638 1015 2676 discrimen
1046 2639 1272 2685 detulisset3
1304 2639 1422 2677 immo
1454 2639 1573 2676 etiam
1598 2652 1642 2676 eo
1665 2639 1757 2688 plus
