1821 2928
245 129 320 166 132
629 122 744 158 Liber
770 122 844 157 ΠΙ.
894 124 956 167 (A.
983 135 1018 157 u.
1046 135 1075 158 c.
1101 124 1313 167 291—292.)

195 252 438 302 TSulpicius
472 252 580 288 curio
614 252 829 299 maximus,
877 256 914 288 et
945 265 1016 301 per
1059 252 1196 300 ignota
1237 251 1370 301 capit-a
1410 252 1490 289 late
1532 255 1680 300 vagata

240 330 298 362 est
329 325 388 361 vis
421 323 559 361 morbi.
622 323 824 374 Inopsque
856 328 1014 361 senatus
1047 323 1189 361 auxilii
1215 322 1379 360 humani
1410 323 1460 361 ad
1486 323 1580 361 deos
1611 335 1681 373 po-

239 397 376 446 pulum
409 410 453 433 ac
485 400 577 433 vota
609 396 751 442 vertit3
784 396 883 433 iussi
914 409 1002 433 cum
1032 396 1271 444 coniugibus
1295 408 1340 432 ac
1366 395 1505 432 liberis
1530 395 1681 445 suppli·

197 468 221 506 8
241 473 370 506 catum
403 468 459 505 ire
484 481 701 517 pacemque
725 481 937 518 exposcere
962 467 1088 505 deum.
1137 466 1204 504 Ad
1237 466 1291 515 id,
1324 467 1430 516 quod
1454 480 1525 505 sua
1548 480 1681 517 quem-

240 554 314 590 que
346 540 450 577 mala
482 539 690 589 cogebant⁷
723 541 965 578 auctoritate
993 540 1155 589 publica
1180 540 1333 577 evocati
1360 539 1493 576 omnia
1517 538 1684 577 delubra

243 612 424 662 implent.
486 609 632 648 Stratae
671 613 817 662 passim
849 616 1015 657 matres,
1052 612 1231 649 crinibus
1270 611 1421 661 templa
1457 615 1683 659 verrentes,

240 685 397 722 veniam
431 684 580 721 irarum
612 685 826 721 caelestium
858 684 1054 733 finemque
1086 684 1186 733 pesti
1222 687 1454 733 exposcunt.

125 747 151 792 8
355 753 455 790 Inde
485 756 706 804 paulatim,
749 770 818 794 seu
850 770 947 806 pace
990 756 1107 793 deum
1147 755 1360 806 impetrata
1398 769 1467 793 seu
1497 756 1683 805 graviore

242 829 422 874 ternpore
453 827 549 864 anni
582 827 658 864 iam
691 828 945 874 circumacto,
978 828 1169 865 defuncta
1201 827 1350 865 morbis
1382 841 1549 878 corpora
1579 827 1682 865 salu-

203 893 224 929 2
244 897 377 934 briora
410 912 492 935 esse
538 900 735 949 incipere,
775 901 978 949 versisque
1021 900 1163 936 animis
1194 900 1270 937 iam
1303 899 1354 937 ad
1384 899 1586 949 publicam
1617 912 1682 936 cu-

36 955 149 1021 }ssss
168 954 230 1019 ἓξὲξ
249 982 345 1015 ram,
377 983 498 1020 quum
532 972 689 1021 aliquot
721 973 949 1021 interregna
981 973 1164 1021 exissent,
1199 972 1246 1011 P.
1265 971 1453 1010 Valerius
1470 971 1684 1009 Publicola

239 1042 360 1078 tertio
394 1042 472 1088 die,
496 1056 614 1092 quam
641 1044 913 1092 interregnum
942 1044 1098 1091 inierat,
1131 1045 1311 1082 consules
1336 1048 1443 1081 creat
1469 1043 1516 1082 L.
1534 1042 1682 1080 Lucre-

243 1114 345 1150 tium
366 1113 650 1164 Tricipitinum
683 1119 722 1153 et
738 1115 782 1153 T.
803 1114 1017 1153 Veturium
1035 1114 1259 1164 Geminum,
1293 1115 1377 1154 sive
1404 1115 1474 1152 ille
1491 1114 1684 1153 Vetusius

200 1180 329 1223 3fuit.
405 1186 514 1224 Ante
557 1186 660 1224 diem
699 1188 861 1224 tertium
903 1188 992 1225 idus
1024 1186 1198 1225 Sextiles
1242 1188 1491 1226 consulatum
1532 1187 1682 1235 ineunt,

242 1259 319 1294 iam
352 1258 448 1295 satis
487 1257 624 1295 valida
666 1258 849 1308 civitate,
891 1264 935 1296 ut
966 1273 1044 1297 non
1078 1260 1208 1298 solum
1240 1273 1374 1298 arcere
1405 1259 1578 1306 bellum,
1614 1257 1684 1296 sed

196 1325 221 1360 4
240 1330 346 1367 ultro
379 1330 500 1367 etiam
533 1330 681 1367 inferre
713 1334 856 1380 posset.
917 1331 1053 1379 Igitur
1086 1332 1365 1370 nuntiantibus
1395 1330 1603 1376 Hernicis,
1641 1330 1683 1367 in

239 1401 336 1439 fines
368 1415 460 1439 suos
491 1402 786 1440 transcendisse
818 1404 968 1450 hostes,
1002 1404 1174 1453 impigre
1204 1405 1442 1454 promissum
1474 1402 1681 1441 auxilium.

240 1473 334 1510 Duo
368 1474 595 1511 consulares
627 1475 826 1511 exercitus
858 1475 1007 1525 scripti.
1069 1476 1263 1513 Veturius
1290 1476 1432 1513 missus
1452 1476 1494 1513 in
1511 1474 1680 1514 Volscos

202 1538 224 1575 5
244 1544 292 1580 ad
310 1545 461 1582 bellum
478 1546 583 1583 ultro
610 1546 877 1594 inferendum;
910 1547 1178 1598 Tricipitinus
1201 1547 1528 1598 populationibus
1544 1560 1679 1585 arcen-

242 1617 302 1653 dis
336 1618 532 1654 sOciorum
563 1631 659 1666 agro
690 1619 898 1668 oppositus
925 1633 1004 1656 non
1036 1621 1140 1657 ultra
1167 1634 1284 1670 quam
1310 1620 1351 1657 in
1368 1619 1565 1657 Hernicos
1588 1632 1680 1668 pro-

199 1685 220 1720 6
243 1687 360 1725 cedit.
421 1688 613 1726 Veturius
644 1690 775 1739 primo
802 1691 945 1740 proelio
970 1692 1101 1728 hostes
1125 1692 1258 1736 fundit
1287 1692 1498 1740 fugatque3
1531 1690 1678 1728 Lucre-

240 1761 354 1808 tium,
388 1760 482 1798 dum
517 1762 555 1798 in
575 1761 763 1799 Hernicis
796 1761 920 1810 sedet,
954 1764 1186 1812 praedonum
1219 1777 1358 1812 agmen
1384 1762 1528 1800 fefellit
1558 1775 1679 1812 supra

240 1837 390 1870 montes
411 1832 683 1871 Praenestinos
703 1833 877 1879 ductum,
910 1834 1002 1871 inde
1020 1834 1235 1872 demissum
1253 1836 1294 1872 in
1313 1848 1485 1884 campos.
1533 1834 1678 1872 Vasta-

240 1918 331 1941 vere
350 1918 467 1954 agros
486 1904 777 1943 Praenestinum
799 1904 1099 1956 Gabinumque3
1133 1920 1181 1944 ex
1197 1906 1354 1944 Gabino
1374 1907 1414 1944 in
1431 1906 1678 1944 Tusculanos

199 1971 387 2013 7flexere
421 1977 551 2014 colles.
612 1977 718 2016 Urbi
759 1991 916 2028 quoque
948 1978 1086 2016 Romae
1127 1979 1266 2027 ingens
1298 1978 1492 2028 praebitus
1533 1981 1677 2028 terror,

240 2049 367 2096 magis
414 2062 455 2085 re
502 2049 634 2086 subita
673 2063 791 2099 quam
833 2050 940 2099 quod
982 2050 1031 2087 ad
1073 2051 1285 2088 arcendam
1322 2051 1404 2088 vim
1441 2063 1582 2100 parum
1621 2049 1679 2087 vi-

240 2120 343 2155 rium
377 2124 490 2158 esset.
568 2120 614 2167 Q.
647 2121 800 2159 Fabius
842 2125 1013 2171 praeerat
1056 2123 1166 2169 urbi;
1211 2124 1244 2160 is
1283 2126 1435 2160 armata
1473 2122 1678 2160 iuventute

195 2186 220 2222 8
240 2190 529 2240 dispositisque
561 2193 760 2242 praesidiis
790 2197 877 2231 tuta
906 2195 1037 2232 omnia
1067 2208 1111 2232 ac
1137 2195 1359 2244 tranquilla
1381 2193 1488 2231 fecit.
1533 2192 1677 2242 Itaque

238 2262 384 2310 hostes,
418 2263 554 2311 praeda
581 2278 627 2300 ex
656 2265 852 2313 proximis
876 2266 974 2303 locis
992 2270 1119 2316 rapta,
1151 2266 1476 2317 appropinquare
1491 2264 1583 2303 urbi
1599 2277 1679 2303 non

238 2333 336 2379 ausi,
368 2347 490 2383 quum
532 2335 770 2373 circumacto
809 2338 967 2385 agmine
1007 2338 1209 2387 redirent,
1255 2341 1404 2387 quanto
1435 2336 1596 2386 longius
1625 2336 1676 2374 ab

238 2405 336 2443 urbe
369 2405 543 2442 hostium
571 2406 841 2457 abscederent,
875 2422 920 2446 eo
945 2409 1137 2447 solutiore
1166 2423 1270 2456 cura,
1303 2410 1344 2446 in
1361 2409 1592 2447 Lucretium
1617 2408 1676 2445 in·

238 2477 379 2514 cidunt
396 2477 610 2526 consulem,
630 2478 708 2515 iam
726 2482 816 2515 ante
834 2480 1053 2529 exploratis
1069 2481 1279 2518 itineribus
1298 2480 1422 2531 [suis]‚
1439 2481 1675 2518 instructum

201 2550 224 2585 9
244 2555 282 2586 et
314 2549 364 2586 ad
397 2553 595 2586 certamen
628 2549 833 2586 intentum.
880 2551 1012 2599 Igitur
1036 2553 1272 2602 praeparatis
1298 2552 1441 2589 animis
1467 2551 1675 2600 repentino

238 2634 384 2669 pavore
417 2620 621 2670 perculsos
653 2620 783 2658 adorti
814 2621 1020 2671 aliquanto
1052 2623 1259 2672 pauciores
1285 2622 1582 2660 multitudinem
1614 2623 1674 2659 in-

238 2697 396 2740 gentem
427 2692 599 2729 fundunt
625 2694 844 2742 fugantque
871 2698 909 2730 et
933 2694 1156 2743 compulsos
1184 2695 1224 2731 in
1249 2707 1363 2732 cavas
1388 2693 1521 2740 valles,
1553 2705 1675 2743 quum

174 2763 226 2800 10
245 2764 371 2801 exitus
402 2764 509 2801 haud
541 2765 581 2801 in
604 2764 715 2801 facili
747 2769 888 2811 essent,
919 2765 1245 2804 circumveniunt.
1292 2765 1357 2803 Ibi
1381 2764 1573 2802 Volscum
1603 2777 1673 2803 no-
