1821 2928
303 148 380 184 144
737 144 852 179 Liber
877 143 949 178 111.
999 144 1058 187 (A.
1086 154 1119 177 u.
1146 154 1174 178 c.
1200 144 1294 187 294.)

297 285 376 309 rem
411 271 613 320 publicam
645 271 807 317 fecistis,
843 272 876 309 si
907 272 995 322 quis
1027 285 1075 309 ex
1104 271 1168 308 his
1201 271 1359 308 domum
1391 284 1500 310 suam
1532 271 1733 310 obsessam

233 343 282 380 10
300 358 321 381 a
354 344 504 381 familia
536 346 687 381 armat-a
713 344 928 393 nuntiaret,
961 344 1166 381 ferendum
1184 343 1376 380 auxilium
1394 344 1604 393 putaretis3
1636 343 1732 395 Iup-

299 418 402 467 piter
437 416 609 466 optimus
643 416 836 452 maximus
867 415 1048 453 exsulum
1081 419 1200 464 atque
1231 429 1435 453 servorum
1451 420 1597 466 saeptus
1614 416 1733 454 armis

299 489 407 526 nulla
437 488 608 525 humana
634 501 706 538 ope
735 487 881 536 dignus
898 487 1010 525 erat?
1056 487 1108 524 Et
1124 488 1166 524 hi
1183 488 1397 538 postulant,
1428 492 1473 525 ut
1489 489 1731 527 sacrosancti

234 560 278 596 11
300 561 532 605 habeantur,
566 559 711 609 quibus
741 559 817 609 ipsi
849 559 888 596 di
918 572 1046 608 neque
1078 559 1181 596 sacri
1209 573 1336 610 neque
1363 560 1489 598 sancti
1508 559 1628 598 sunt‘?
1673 560 1732 598 At

300 633 416 679 enim,
464 631 616 669 divinis
660 631 921 681 humanisque
960 631 1095 668 obruti
1128 631 1356 678 sceleribus,
1400 632 1526 680 legem
1556 645 1625 670 vos
1656 633 1730 671 hoe

296 719 398 742 anno
431 704 657 754 perlaturos
689 703 897 741 dictitatis.
946 702 1048 740 Tum
1079 703 1241 741 hercule
1259 704 1328 741 illo
1348 704 1423 751 die,
1455 717 1532 754 quo
1551 718 1623 754 ego
1641 718 1730 743 con-

296 777 357 814 sul
405 790 489 813 sum
537 779 704 821 creatus,
751 776 853 812 male
891 779 1006 824 gesta
1045 789 1107 812 res
1140 776 1301 825 publica
1332 780 1402 821 est,
1449 776 1562 826 peius
1593 777 1731 824 multo,

229 850 277 888 12
297 862 415 898 quam
446 862 567 898 quum
586 847 630 885 P.
648 847 836 885 Valerius
862 847 998 884 consul
1023 848 1154 897 periit.
1217 847 1302 885 Iam
1328 848 1501 898 primum
1528 849 1726 887 omnium“

297 921 442 970 inquit,
486 919 701 967 „Qun-stes,
742 920 780 956 in
814 919 982 957 Volscos
1022 923 1061 956 et
1092 919 1248 970 AEquos
1286 920 1385 958 mihi
1416 923 1535 970 atque
1567 921 1731 970 collegae

295 994 470 1041 legiones
502 992 646 1029 ducere
679 992 720 1029 in
752 992 882 1029 animo
915 995 984 1028 est.
1030 991 1175 1029 Nescio
1207 1006 1286 1042 quo
1317 993 1398 1030 fato
1429 994 1554 1041 magis
1579 992 1729 1031 bellan-

293 1070 352 1102 tes
384 1078 501 1114 quam
534 1063 666 1113 pacati
697 1064 893 1113 propitios
924 1063 1115 1101 habemus
1133 1064 1239 1102 deos,
1288 1063 1491 1111 Quantum
1507 1065 1728 1115 periculum

295 1137 342 1174 ab
376 1137 454 1174 illis
485 1136 645 1186 populis
677 1136 810 1184 fuerit,
852 1137 885 1173 si
918 1135 1162 1186 Capitolium
1200 1136 1249 1173 ab
1291 1137 1496 1174 exsulibus
1527 1137 1729 1175 obsessum

293 1209 469 1254 scissent,
517 1208 713 1258 suspicari
760 1208 807 1245 de
851 1208 1056 1258 praeterito
1103 1222 1221 1258 quam
1262 1222 1304 1245 re
1346 1209 1431 1259 ipsa
1462 1209 1639 1259 experiri
1670 1213 1730 1247 est

295 1281 473 1318 melius.“

159 1349 215 1398 20
412 1353 595 1390 Moverat
625 1352 783 1402 plebem
817 1352 943 1389 oratio
977 1352 1166 1398 consulis3
1200 1353 1322 1389 erecti
1352 1355 1484 1402 patres
1501 1353 1728 1391 restitutam

294 1424 511 1462 credebant
542 1438 623 1462 rem
655 1424 867 1474 publicam.
914 1423 1063 1462 Consul
1087 1424 1199 1469 alter,
1233 1437 1361 1462 comes
1378 1425 1593 1463 animosior
1609 1438 1728 1475 quam

293 1502 440 1544 auctor,
472 1497 691 1546 suscepisse
722 1496 915 1544 collegam
948 1496 1124 1545 priorem
1157 1497 1331 1534 actiones
1357 1500 1437 1534 tam
1454 1510 1594 1546 graves
1608 1497 1728 1535 facile

293 1582 442 1617 passus,
484 1569 523 1604 in
563 1567 802 1617 peragendis
842 1568 1061 1606 consularis
1101 1567 1225 1605 officii
1256 1572 1409 1618 partem
1441 1569 1492 1606 ad
1523 1582 1564 1607 se
1594 1569 1728 1607 vindi-

251 1641 273 1676 2
294 1639 421 1679 cabat.
470 1639 571 1676 Tum
603 1639 769 1687 tribuni,
803 1639 1006 1677 eludentes
1023 1640 1132 1677 velut
1148 1654 1249 1677 vana
1267 1640 1384 1687 dicta,
1415 1641 1604 1691 persequi
1622 1655 1726 1691 quae-

291 1712 426 1757 rendo,
458 1724 629 1761 quonam
662 1711 778 1748 modo
811 1712 1026 1748 exercitum
1055 1711 1238 1748 educturi
1255 1713 1436 1749 consules
1455 1716 1596 1760 essent,
1626 1727 1726 1763 quos

252 1785 273 1821 3
295 1784 486 1820 dilectum
524 1782 671 1820 habere
703 1796 816 1820 nemo
848 1796 1038 1832 passurus
1077 1786 1188 1820 esset.
1257 1783 1409 1832 „Nobis
1442 1784 1557 1821 vero“
1592 1785 1725 1834 inquit

292 1855 502 1902 Quinctius
523 1855 650 1902 „nihil
668 1855 816 1892 dilectu
834 1868 933 1905 opus
951 1859 1021 1901 est,
1038 1868 1170 1905 quum,
1187 1869 1264 1905 quo
1282 1861 1459 1905 tempore
1476 1855 1523 1896 P.
1536 1855 1725 1895 Valerius

291 1927 340 1964 ad
373 1927 647 1976 recipiundum
667 1926 909 1976 Capitolium
943 1940 1051 1964 arma
1081 1927 1190 1977 plebi
1222 1927 1342 1976 dedit,
1375 1941 1510 1965 omnes
1536 1929 1578 1965 in
1602 1928 1726 1966 verba

293 1998 526 2047 iuraverint,
561 2003 826 2037 conventuros
858 2012 898 2036 se
930 1999 1039 2036 iussu
1064 1999 1238 2036 consulis
1263 2012 1333 2036 nec
1360 1999 1514 2037 iniussu
1530 1999 1722 2039 abituros.

252 2073 274 2106 4
294 2069 496 2107 Edicimus
528 2072 674 2121 itaque,
723 2084 868 2117 omnes,
914 2071 983 2120 qui
1015 2071 1054 2107 in
1086 2072 1207 2109 verba
1240 2071 1410 2118 iurastis,
1451 2072 1627 2110 crastina
1657 2072 1722 2110 die

290 2143 432 2178 armati
466 2143 516 2179 ad
549 2144 677 2180 lacum
694 2143 898 2192 Regillum
931 2142 1108 2182 adsitis.“
1158 2142 1351 2180 Cavillari
1383 2147 1467 2180 tum
1497 2143 1653 2181 tribuni
1685 2147 1724 2181 et

290 2214 481 2263 populum
508 2215 707 2252 exsolvere
733 2215 930 2264 religione
947 2215 1069 2253 velle:
1096 2215 1295 2264 privatum
1321 2228 1364 2252 eo
1381 2219 1558 2265 tempore
1575 2214 1721 2262 Quinc-

252 2284 274 2321 5
294 2285 389 2321 tium
424 2285 557 2333 fuisse,
590 2300 711 2335 quum
742 2291 988 2324 sacramento
1020 2286 1152 2324 adacti
1182 2287 1273 2325 sint.
1322 2285 1400 2324 Sed
1425 2287 1600 2324 nondum
1625 2287 1720 2335 haec,

291 2369 377 2405 quae
410 2369 513 2392 nunc
544 2361 652 2394 tenet
675 2359 875 2407 saeculum,
907 2358 1155 2408 negligentia
1173 2359 1288 2395 deum
1305 2362 1481 2408 venerat,
1512 2372 1584 2396 nec
1598 2358 1720 2396 inter-

289 2427 484 2477 pretando
515 2427 592 2464 sibi
626 2429 795 2478 quisque
821 2430 882 2466 ius
900 2429 1110 2467 iurandum
1129 2434 1167 2467 et
1183 2430 1291 2479 leges
1308 2433 1420 2481 aptas
1436 2430 1620 2477 faciebat,
1650 2430 1719 2467 sed

251 2501 272 2537 6
292 2513 382 2536 suos
422 2500 554 2549 potius
583 2501 720 2536 'mores
752 2500 801 2536 ad
833 2514 878 2538 ea
909 2502 1241 2540 accommodabat.
1302 2502 1434 2551 Igitur
1463 2502 1628 2551 tribuni,
1674 2504 1720 2538 ut

290 2571 554 2620 impediendae
585 2571 645 2608 rei
675 2571 784 2608 nulla
815 2584 902 2620 spes
929 2576 1026 2620 erat,
1059 2572 1107 2610 de
1133 2574 1371 2623 proferendo
1389 2573 1498 2610 exitu
1513 2586 1641 2622 agere,
1672 2586 1717 2611 eo

289 2643 428 2691 magis,
462 2642 568 2692 quod
599 2647 639 2679 et
668 2655 838 2691 augures
871 2642 995 2680 iussos
1026 2643 1164 2681 adesse
1180 2645 1230 2682 ad
1246 2644 1450 2693 Regillum
1468 2645 1596 2682 lacum
1612 2645 1718 2683 fama

289 2714 452 2763 exierat,
494 2714 704 2764 lucumque
735 2714 979 2763 inaugurari,
1017 2714 1087 2752 ubi
1119 2716 1324 2765 auspicato
1356 2729 1443 2754 cum
1474 2717 1621 2767 populo
1652 2717 1719 2766 agi
