1821 2928
308 113 386 149 234
691 108 802 143 Liber
827 108 895 142 IV.
946 111 1005 153 (A.
1032 122 1065 144 u.
1092 122 1120 144 c.
1147 110 1355 153 331-332.)

308 238 424 274 risne.
456 235 496 273 (¹.
515 235 794 286 Sempronium
826 237 1024 274 consulem
1057 241 1124 274 aut
1157 237 1396 286 intempore
1424 249 1598 286 pugnam
1614 236 1735 275 inisse

307 314 373 345 aut
415 308 591 345 firmasse
629 307 817 345 subsidiis
856 308 980 345 aciem
1013 313 1081 345 aut
1112 308 1194 345 ullo
1226 307 1320 345 boni
1353 307 1525 346 consulis
1555 307 1734 346 functum

269 382 287 415 7
309 379 455 423 officio3
502 382 540 417 et
570 383 665 416 tune
699 379 792 428 ipse,
831 379 947 417 victis
979 379 1205 427 legionibus
1235 378 1438 428 Romanis,
1469 382 1536 416 tuo
1567 379 1735 417 consilio

307 451 478 500 equitem
520 450 570 488 ad
599 450 720 500 pedes
753 450 967 488 deduxeris
998 450 1303 501 restituerisque
1332 463 1527 500 pugnam3
1573 450 1735 488 excluso

307 523 448 560 deinde
479 522 527 559 ab
560 522 642 559 acie
674 525 809 560 nostra
835 521 912 558 tibi
937 526 1055 571 atque
1083 522 1283 571 equitibus
1300 535 1393 559 num
1409 525 1479 560 aut
1494 521 1632 560 consul
1649 522 1735 572 ipse

267 595 290 631 8
309 594 538 632 subvenerit
569 598 636 631 aut
665 593 819 631 miserit
849 593 1097 642 praesidium;
1129 597 1289 643 postero
1316 594 1486 644 denique
1511 593 1577 631 die
1593 593 1736 643 ecquid

307 665 481 715 praesidii
513 677 677 714 usquam
710 665 910 710 habueris,
949 678 998 701 an
1038 668 1082 701 tu
1123 665 1342 715 cohorsque
1373 665 1414 702 in
1445 668 1574 702 castra
1602 667 1736 702 vestra

307 738 455 775 virtute
486 737 764 787 perruperitis3
797 749 960 786 ecquem
985 737 1026 773 in
1044 737 1185 774 castris
1203 736 1421 783 consulem,·
1444 749 1606 786 ecquem
1625 749 1734 774 exer-

309 810 430 846 eitum
461 809 694 847 inveneritis
726 822 775 845 an
809 809 969 845 deserta
1009 811 1150 855 castra,
1190 808 1350 845 relictos
1389 808 1543 846 saucios
1576 807 1735 845 milites.

267 882 288 917 9
309 880 405 918 Haec
436 894 509 930 pro
540 880 689 918 virtute
720 884 788 917 tua
818 879 985 929 fideque,
1023 893 1101 930 qua
1131 893 1211 918 una
1240 880 1313 917 hoc
1344 879 1450 917 bello
1481 893 1543 917 res
1573 879 1736 929 publica

306 953 429 997 stetit,
457 952 628 989 dicenda
643 952 717 989 tibi
736 955 827 989 sunt
843 951 980 998 hodie;
1015 952 1197 1002 denique,
1228 952 1298 989 ubi
1315 950 1356 989 C.
1374 950 1642 1002 Sempronius,
1664 950 1735 988 ubi

323 1024 481 1072 egiones
507 1027 652 1061 nostrae
677 1023 774 1069 sint;
806 1023 985 1060 desertus
1013 1024 1068 1061 sis
1094 1037 1143 1061 an
1171 1023 1392 1061 deserueris
1410 1023 1609 1061 consulem
1627 1035 1736 1060 exer-

174 1092 222 1138 41
307 1096 526 1144 citumque3
559 1095 656 1132 victi
688 1095 857 1145 denique
888 1094 1011 1132 simus
1043 1108 1091 1132 an
1122 1095 1371 1132 vicerimus.“
1419 1093 1630 1132 Adversus
1653 1094 1736 1131 haec

307 1166 519 1216 Tempanii
551 1166 678 1204 oratio
711 1167 914 1216 incompta
944 1166 1065 1204 fuisse
1103 1166 1259 1211 dicitur,
1299 1168 1472 1204 ceterum
1504 1165 1736 1203 militariter

308 1239 451 1287 gravis,
496 1251 575 1275 non
622 1238 704 1275 suis
749 1251 851 1275 vana
896 1238 1095 1285 laudibus,
1141 1251 1218 1275 non
1264 1237 1429 1275 crimine
1470 1237 1601 1275 alieno
1632 1237 1735 1275 laeta.

269 1311 290 1346 2
311 1311 469 1358 Quanta
499 1309 715 1360 prudentia
738 1310 796 1347 rei
814 1310 969 1348 bellicae
986 1310 1022 1347 in
1044 1309 1086 1347 C.
1103 1309 1336 1359 Sempronio
1355 1311 1470 1356 esset,
1499 1322 1578 1347 non
1595 1309 1736 1346 militis

309 1382 355 1419 de
385 1382 624 1431 imperatore
657 1382 991 1419 existimationem
1024 1393 1119 1428 esse,
1150 1381 1217 1418 sed
1247 1380 1387 1430 populi
1402 1379 1574 1418 Romani
1603 1380 1738 1426 fuisse,

271 1454 293 1489 3
312 1467 432 1503 quum
464 1466 551 1491 eum
583 1453 756 1491 comitiis
788 1453 987 1491 consulem
1018 1453 1180 1501 legeret.v
1224 1439 1367 1502 Itaque
1397 1464 1446 1488 ne
1477 1452 1527 1489 ab
1553 1465 1593 1488 se
1615 1451 1736 1501 impe-

309 1526 457 1562 ratoria
489 1525 655 1562 consilia
685 1538 761 1562 neu
793 1525 1020 1562 consulares
1045 1529 1149 1563 artes
1177 1524 1445 1574 exquirerent,
1475 1535 1574 1573 quae,
1606 1523 1736 1573 pensi-

308 1596 429 1634 tanda
461 1609 629 1646 quoque,
674 1596 806 1645 magni
843 1597 963 1633 animi
1002 1601 1121 1645 atque
1153 1596 1305 1645 ingenii
1336 1598 1484 1642 essent3
1531 1595 1600 1633 sed
1632 1594 1738 1644 quod

269 1669 291 1703 4
310 1667 468 1712 viderit,
501 1668 650 1705 referre
679 1680 806 1717 posse.
869 1667 1028 1704 Vidisse
1061 1670 1192 1704 autem
1223 1681 1274 1713 se,
1311 1667 1541 1716 priusquam
1572 1666 1622 1704 ab
1653 1666 1737 1703 acie

310 1740 655 1784 intercluderetur,
688 1739 887 1777 consulem
919 1739 958 1775 in
985 1738 1115 1788 prima
1141 1739 1224 1776 acie
1240 1740 1492 1787 pugnantem,
1523 1737 1736 1774 adhortan-

271 1810 292 1847 5
311 1815 402 1856 tem,
435 1811 537 1848 inter
568 1811 681 1860 signa
703 1811 885 1848 Romana
914 1810 1073 1860 telaque
1104 1810 1278 1848 hostium
1309 1811 1540 1847 versantem.
1591 1807 1739 1846 Postea

309 1896 349 1920 se
380 1896 402 1920 a
435 1886 645 1932 conspectu
676 1895 836 1919 suorum
867 1882 1043 1919 ablatum
1076 1895 1123 1919 ex
1153 1881 1325 1931 strepitu
1354 1883 1487 1919 tamen
1512 1884 1551 1918 et
1566 1879 1737 1918 clamore

309 1954 489 1999 sensisse,
513 1967 637 2003 usque
655 1954 704 1990 ad
722 1958 878 1991 noctem
896 1957 1115 1991 extractum
1133 1957 1349 1999 certamem
1375 1965 1447 1990 nec
1464 1951 1514 1989 ad
1525 1952 1737 1998 tumulum,

309 2038 426 2074 quem
457 2025 541 2074 ipse
572 2029 764 2072 tenuerat,
796 2038 878 2075 prae
894 2025 1150 2063 multitudine
1166 2024 1337 2062 hostium
1354 2023 1515 2061 credere
1531 2023 1736 2073 perrumpi

273 2096 294 2132 6
312 2096 497 2146 potuisse.
550 2096 758 2135 Exercitus
783 2097 853 2134 ubi
878 2100 990 2143 esset,
1021 2109 1062 2134 se
1086 2096 1256 2142 nescire3
1288 2095 1486 2141 arbitrari,
1517 2094 1627 2132 velut
1652 2094 1737 2144 ipse

311 2168 351 2204 in
382 2180 424 2204 re
454 2168 611 2217 trepida
642 2169 720 2206 loci
743 2157 931 2218 prae'sidio
956 2181 996 2206 se
1011 2180 1180 2217 suosque
1196 2168 1251 2205 sit
1266 2170 1431 2214 tutatus,
1461 2166 1519 2204 sic
1536 2165 1737 2203 consulem

271 2240 290 2274 7
312 2238 495 2276 servandi
526 2239 722 2276 exercitus
755 2253 871 2277 causa
902 2240 990 2277 loca
1019 2239 1169 2277 tutiora
1195 2239 1333 2277 castris
1350 2237 1520 2288 cepisse3
1549 2224 1623 2274 nec
1639 2235 1736 2274 Vol-

310 2323 463 2348 scorum
494 2311 677 2347 meliores
708 2324 770 2348 res
801 2324 886 2348 esse
917 2312 1077 2348 credere
1103 2323 1221 2360 quam
1237 2309 1377 2359 populi
1391 2308 1583 2355 Romani;
1612 2307 1736 2345 fortu-

310 2395 398 2420 nam
429 2385 664 2431 noctemque
696 2382 828 2419 omnia
856 2382 1002 2420 erroris
1028 2382 1154 2419 mutui
1180 2381 1376 2430 implesse.
1421 2379 1738 2428 Precantemque

310 2444 466 2500 deinde,
497 2466 545 2490 ne
568 2466 609 2490 se
631 2452 774 2489 fessum
792 2452 928 2489 labore
945 2466 990 2490 ac
1007 2452 1239 2490 vulneribus
1254 2453 1448 2497 tenerent,
1480 2463 1568 2488 cum
1582 2449 1738 2498 ingenti

269 2525 294 2562 8
312 2525 428 2562 laude
458 2537 536 2562 non
566 2523 729 2562 virtutis
752 2524 878 2571 inagis
905 2537 1022 2573 quam
1038 2523 1324 2562 moderationis
1341 2522 1558 2559 dimissum.
1603 2520 1736 2568 Quum

259 2619 262 2622 ·
309 2595 394 2633 haec
420 2598 644 2645 agerentur,
668 2594 744 2632 iam
771 2595 907 2632 consul
933 2595 998 2632 via
1013 2595 1214 2632 Lavicana
1237 2593 1286 2631 ad
1310 2593 1445 2631 fanum
1461 2592 1621 2640 Quietis
1638 2595 1735 2630 erat.

311 2667 369 2704 Eo
401 2667 522 2705 missa
551 2667 730 2717 plaustra
759 2666 1013 2715 iumentaque
1038 2666 1118 2703 alia
1142 2666 1189 2703 ab
1206 2664 1306 2703 urbe
1322 2665 1536 2702 exercitum
1553 2663 1735 2702 affectum
