1821 2928
403 221 483 258 236
860 230 950 256 Liber
968 230 1005 256 x.
1042 230 1089 260 (A.
1109 237 1136 255 u.
1155 237 1179 255 c.
1199 231 1269 259 460.)

346 346 394 383 ab
425 344 673 382 Samnitibus
699 345 894 391 audierat,
925 346 977 383 ad
1006 345 1123 382 finem
1149 345 1390 382 Lucerinum
1421 345 1457 382 ei
1481 344 1605 383 hostis
1629 344 1770 384 obvius

306 415 329 451 2
349 414 436 450 fuit.
506 413 573 450 Ibi
602 413 662 450 ira
691 413 794 451 vires
827 414 1016 463 aequavit3
1055 413 1240 463 proelium
1265 414 1420 451 varium
1446 417 1486 451 et
1510 427 1651 463 anceps
1681 413 1770 460 fuit,

346 482 501 519 tristius
527 485 660 519 tamen
687 485 830 519 eventu
852 481 1057 529 Romanis,
1090 485 1128 519 et
1154 481 1250 532 quia
1275 482 1420 519 insueti
1447 485 1560 519 erant
1583 481 1701 530 vinci,
1732 485 1773 519 et

349 551 442 600 quia
488 551 756 599 digredientes
786 551 913 600 magis
953 564 1071 600 quam
1110 551 1151 587 in
1190 551 1277 599 ipso
1309 550 1522 588 certamine
1553 553 1772 587 senserunt,

308 620 331 656 3
349 622 541 668 quantum
571 620 612 656 in
643 633 712 657 sua
737 623 850 669 parte
875 619 964 668 plus
988 619 1195 656 vulnerum
1221 631 1265 655 ac
1292 617 1409 656 caedjs
1433 618 1584 656 fuisset.
1627 617 1770 667 Itaque

347 688 379 724 is
409 691 540 724 terror
570 688 611 724 in
643 687 782 724 castris
809 690 929 733 ort-us,
969 687 1037 736 qui
1068 687 1101 723 si
1131 688 1355 735 pugnantes
1381 686 1563 736 cepisset,
1603 686 1771 736 insignis

347 758 509 805 accepta
540 755 670 793 clades
701 756 822 802 foret3
866 759 951 792 tum
991 768 1149 804 quoque
1180 754 1353 791 sollicita
1391 767 1468 791 nox
1497 754 1574 792 fuit
1603 754 1681 791 iam
1712 754 1771 791 in·

347 837 535 861 vasurum
566 828 694 861 castra
725 822 941 861 Samnitem
987 822 1240 860 credentibus
1286 826 1354 859 aut
1398 822 1526 872 prima
1565 823 1652 860 luce
1683 835 1771 860 cum

307 892 564 930 4victoribus
604 891 865 930 conserendas
910 905 1058 929 manus.
1117 891 1252 927 Minus
1297 891 1432 937 eladis
1477 893 1650 928 ceterum
1691 904 1771 928 non

347 961 435 1010 plus
467 961 687 997 animorum
717 961 768 997 ad
791 961 923 997 hostes
940 964 1034 997 erat.
1095 960 1177 997 Ubi
1192 959 1365 1009 primum
1381 958 1528 1005 illuxit,
1560 959 1670 996 abire
1685 959 1772 996 sine

347 1029 560 1066 certamine
592 1028 771 1078 cupiunt.
831 1027 911 1065 Sed
948 1028 1014 1065 via
1053 1041 1150 1074 una,
1192 1031 1231 1064 et
1271 1041 1316 1065 ea
1346 1028 1433 1077 ipsa
1463 1029 1609 1076 praeter
1637 1027 1772 1064 hostes

348 1100 454 1141 erat3
501 1110 580 1146 qua
625 1097 794 1146 ingressi
838 1097 1042 1146 praebuere
1083 1097 1253 1146 speciem
1293 1098 1402 1133 recta
1438 1094 1691 1133 tendentium
1721 1096 1773 1133 ad

309 1164 332 1201 5
350 1168 479 1202 castra
509 1165 788 1215 oppugnanda.
850 1164 997 1202 Consul
1028 1178 1136 1202 arma
1166 1177 1306 1214 capere
1336 1164 1484 1201 milites
1514 1163 1625 1201 iubet
1654 1166 1694 1200 et
1714 1176 1771 1201 se-

349 1234 416 1282 qui
448 1247 488 1271 se
519 1237 633 1271 extra
661 1234 832 1280 vallum3
862 1234 1017 1283 legatis,
1047 1234 1228 1280 tribunis,
1259 1232 1458 1282 praefectis
1483 1232 1680 1269 sociorum
1702 1231 1772 1268 im-

309 1302 330 1338 6
349 1305 474 1351 perat,
505 1301 612 1351 quod
643 1302 750 1352 apud
780 1316 974 1352 quemque
1005 1302 1111 1340 facto
1142 1315 1240 1351 opus
1271 1305 1339 1338 est.
1394 1299 1539 1338 Omnes
1562 1300 1774 1346 affirmant,

351 1383 390 1406 se
423 1370 584 1419 quidem
615 1371 746 1408 omnia
775 1370 960 1417 facturos,
1005 1370 1073 1407 sed
1105 1370 1276 1406 militum
1307 1369 1436 1406 iacere
1475 1369 1647 1414 animos3
1687 1370 1773 1405 tota

312 1439 465 1475 'lnocte
496 1439 599 1475 inter
627 1439 794 1476 vulnera
825 1442 863 1475 et
894 1439 1063 1488 gemitus
1093 1438 1346 1475 morientium
1368 1437 1579 1486 vigilatum
1610 1448 1710 1482 esse;
1741 1436 1774 1473 si

350 1511 441 1543 ante
473 1507 601 1543 lucem
632 1506 682 1544 ad
713 1511 842 1544 castra
870 1511 1032 1545 ventum
1062 1507 1174 1554 foret,
1204 1509 1359 1543 tantum
1387 1505 1545 1555 pavoris
1568 1504 1700 1551 fuisse,
1729 1506 1774 1540 ut

347 1575 529 1612 relicturi
560 1576 673 1625 signa
703 1576 866 1621 fuerint,
897 1589 1001 1612 nunc
1031 1576 1183 1625 pudore
1214 1589 1236 1612 a
1266 1574 1362 1623 fuga
1388 1572 1595 1619 contineri,
1625 1571 1775 1621 alioqui

308 1642 421 1692 Spro
452 1643 566 1680 victis
598 1657 691 1680 esse.
751 1644 849 1691 Quae
879 1644 950 1680 ubi
982 1644 1118 1681 consul
1149 1643 1310 1692 accepit,
1341 1642 1502 1679 sibimet
1516 1641 1595 1691 ipsi
1610 1640 1773 1677 circum-

350 1711 500 1748 eundos
531 1711 869 1761 alloquendosque
901 1712 1051 1748 milites
1081 1715 1209 1757 rat-us,
1241 1714 1287 1747 ut
1317 1710 1367 1747 ad
1398 1722 1574 1759 quosque
1602 1710 1775 1753 venerat,

311 1779 333 1815 9
351 1783 582 1816 cunctantes
613 1793 720 1816 arma
747 1793 887 1829 capere
913 1779 1164 1828 increpabat:
1198 1778 1307 1826 Quid
1324 1779 1521 1816 cessarent
1535 1776 1774 1825 tergiversa-

349 1848 598 1897 renturque‘?
642 1847 809 1884 Hostem
836 1847 877 1884 in
904 1851 1033 1884 castra
1058 1851 1279 1893 venturum,
1316 1845 1392 1882 nisi
1418 1845 1479 1881 illi
1505 1848 1618 1882 extra
1646 1846 1775 1881 castra

350 1916 533 1962 exissent,
563 1918 602 1953 et
631 1929 703 1965 pro
734 1915 917 1952 tentoriis
943 1916 1024 1952 suis
1049 1919 1307 1964 pugnaturos,
1338 1914 1372 1950 si
1393 1925 1466 1962 pro
1481 1912 1588 1950 vallo
1610 1911 1774 1949 nollent.

284 1984 533 2021 lOArmatis
565 1998 610 2021 ac
642 1983 924 2021 dimicantibus
956 1984 1118 2021 dubiam
1147 1982 1356 2020 victoriam
1393 1994 1499 2027 esse;
1540 1980 1608 2030 qui
1646 1979 1776 2017 nudus

351 2055 469 2101 atque
501 2052 664 2089 inermis
694 2052 846 2089 hostem
876 2056 1043 2099 maneat,
1084 2052 1121 2088 ei
1153 2054 1221 2089 aut
1250 2052 1416 2087 mortem
1447 2052 1516 2086 aut
1544 2047 1775 2086 servitutem

287 2121 332 2157 11
353 2120 596 2169 patiendam.
654 2119 753 2157 Haec
784 2120 961 2168 iurganti
991 2119 1291 2170 increpantique
1329 2116 1643 2167 respondebant,
1685 2127 1774 2152 con-

351 2189 474 2225 fectos
505 2202 545 2224 se
577 2201 711 2237 pugna
741 2188 926 2225 hesterna
956 2201 1055 2234 esse;
1086 2200 1157 2224 nec
1187 2187 1331 2224 virium
1363 2185 1575 2235 quicquam
1599 2196 1671 2221 nec
1687 2196 1774 2221 san-

353 2257 485 2306 guinis
522 2269 743 2306 superesse;
789 2257 977 2293 maiorem
1021 2254 1318 2292 multitudinem
1360 2253 1533 2291 hostium
1572 2264 1776 2302 appalere,

289 2326 335 2362 12
355 2338 471 2374 quam
502 2324 632 2374 pridie
661 2324 791 2361 fuerit.
866 2325 978 2361 Inter
1018 2324 1101 2360 haec
1143 2321 1489 2372 appropinquabat
1528 2332 1680 2369 agmen,
1726 2322 1775 2364 et,

352 2394 430 2430 iam
476 2393 656 2430 breviore
702 2392 912 2429 intervallo
968 2392 1137 2429 certiora
1181 2391 1398 2436 intuentes,
1451 2387 1600 2425 vallum
1645 2399 1776 2424 secum

354 2465 514 2510 portare
545 2460 762 2498 Samnitem
793 2459 1004 2506 affirmant,
1049 2473 1121 2496 nec
1159 2458 1323 2496 dubium
1364 2470 1468 2503 esse,
1513 2455 1611 2506 quin
1648 2457 1777 2492 castra

287 2529 338 2566 13
357 2528 695 2566 circumvallaturi
725 2528 815 2564 sint.
875 2527 987 2564 Tunc
1025 2528 1222 2564 enimvero
1261 2525 1398 2563 consul
1436 2523 1646 2572 indignum
1682 2521 1776 2560 faci-

354 2610 425 2634 nus
457 2610 540 2634 esse
570 2596 796 2642 vociferari,
840 2599 993 2632 tantam
1038 2593 1319 2631 contumeliam
1359 2590 1695 2642 ignominiamque
1726 2590 1775 2627 ab

289 2664 340 2700 14
357 2664 615 2713 ignavissimo
647 2663 775 2713 accipi
804 2663 928 2700 hoste.
985 2663 1192 2708 „Etiamne
1215 2658 1616 2698 circumsedebimur“
1643 2657 1777 2707 inquit
