1821 2928
756 128 874 164 Liber
897 127 929 164 Ι.
1540 132 1566 171 5

119 260 225 308 nius,
270 258 500 308 ubicunque
547 260 585 295 et
624 269 862 308 quacunque
903 258 1030 295 matre
1071 257 1230 306 genitus
1268 255 1390 309 (certe
1428 260 1565 294 natum

121 332 252 370 AEnea
282 329 466 381 constat),
497 328 728 368 abundante
744 328 912 367 Lavinii
939 328 1212 375 multitudine,
1243 327 1450 366 florentem
1477 329 1569 376 iam,

120 408 166 442 ut
196 407 282 441 tum
312 416 375 441 res
407 404 530 449 erant,
563 404 682 451 atque
715 400 948 451 opulentam
979 400 1118 438 urbem
1145 400 1264 438 matri
1291 414 1359 438 seu
1385 414 1566 439 novercae

122 475 301 526 reliquit,
332 487 475 513 novam
506 474 590 524 ipse
623 473 743 512 aliam
774 473 847 511 sub
879 472 1044 511 Albano
1077 476 1211 510 monte
1244 472 1436 520 condidit,
1478 486 1567 522 quae

123 548 173 585 ab
204 547 286 584 situ
316 548 511 597 porrectae
543 546 585 583 111
617 545 734 583 dorso
765 545 877 583 urbis
893 544 1035 594 Longa
1052 544 1164 583 Alba
1190 544 1405 595 appellata.
1454 544 1610 582 Inter4

123 619 338 657 Lavinium
366 621 406 655 et
422 618 571 656 Albam
588 617 770 668 Longam
795 618 1008 656 deductam
1034 617 1233 655 coloniam
1259 616 1431 665 triginta
1447 617 1570 654 ferme

122 691 340 728 interfuere
372 691 477 728 anni.
531 690 706 728 Tantum
736 693 871 728 tamen
903 703 997 740 opes
1029 691 1236 727 creverant
1267 688 1440 726 maxime
1472 688 1571 726 fusis

123 763 318 810 Etruscis,
358 767 403 800 ut
444 776 494 801 ne
532 766 659 800 morte
697 762 858 812 quidem
890 762 1029 799 AEneae
1070 774 1142 798 nec
1174 759 1319 798 deinde
1350 760 1456 798 inter
1487 773 1570 798 mu-

124 836 293 874 liebrem
323 835 490 873 tutelam
517 835 872 885 rudimentumque
897 835 1069 885 primum
1096 833 1265 884 puerilis
1281 833 1396 882 regni
1414 846 1573 871 movere

125 921 235 946 arma
266 911 335 945 aut
358 907 583 945 Mezentius
601 907 843 957 Etruscique
875 910 945 945 aut
974 907 1052 944 ulli
1084 906 1155 943 alii
1187 905 1331 943 accolae
1364 905 1452 943 ausi
1483 905 1573 942 sint.

125 980 215 1019 Pax
254 981 311 1018 ita
350 982 602 1026 convenerat,
640 983 685 1017 ut
725 979 908 1017 Etruscis
951 978 1189 1028 Latinisque
1229 977 1374 1016 fluvius
1405 976 1614 1022 Albula,5

125 1066 242 1103 quem
275 1066 381 1090 nunc
411 1051 595 1089 Tiberim
626 1056 784 1099 vocant,
815 1052 906 1090 finis
940 1054 1052 1089 esset.

244 1123 394 1163 Silvius
433 1124 579 1162 deinde
621 1129 774 1174 regnat,
821 1124 993 1162 Ascanii
1032 1122 1153 1168 filius,
1200 1134 1296 1160 casu
1328 1121 1502 1172 quodam
1533 1121 1616 1158 in6

129 1197 245 1234 silvis
286 1201 414 1235 natus.
475 1196 517 1234 Is
549 1197 720 1235 AEneam
753 1195 925 1234 Silvium
965 1200 1092 1242 creat;
1134 1195 1168 1233 is
1211 1194 1355 1232 deinde
1384 1194 1574 1232 Latinum
1596 1195 1618 1231 7

129 1268 312 1308 Silvium.
372 1267 440 1306 Ab
473 1282 518 1307 eo
551 1269 716 1307 coloniae
750 1269 908 1319 aliquot
940 1267 1132 1314 deductae,
1175 1266 1308 1304 Prisci
1339 1265 1478 1304 Latini
1510 1278 1578 1315 ap-

129 1341 284 1392 pellati.
345 1341 498 1379 Mansit
530 1339 671 1379 Silviis
703 1344 842 1392 postea
873 1339 1059 1378 omnibus
1092 1352 1323 1388 cognomen,
1355 1338 1425 1388 qui
1458 1336 1580 1375 Albae

131 1416 411 1464 regnaverunt.
457 1413 606 1450 Latino
626 1413 736 1450 Alba
763 1417 884 1459 ortus,
917 1411 1028 1450 Alba
1045 1411 1161 1460 Atys,
1193 1410 1302 1460 Atye
1329 1409 1472 1460 Capys,
1505 1408 1576 1446 Ca·
1596 1411 1622 1448 8

130 1499 207 1536 pye
235 1485 422 1536 Capetus,
455 1485 606 1535 Capeto
633 1484 861 1532 Tiberinus,
893 1485 961 1535 qui
994 1485 1034 1521 in
1065 1484 1237 1522 traiectu
1256 1482 1421 1521 Albulae
1453 1480 1581 1519 amnis

133 1571 377 1595 summersus
410 1557 566 1595 celebre
599 1557 649 1595 ad
680 1560 862 1607 posteros
887 1569 1030 1594 nomen
1047 1555 1204 1594 flumini
1223 1555 1343 1593 dedit.
1392 1554 1580 1604 Agrippa
1599 1555 1622 1591 9

135 1629 239 1677 inde,
272 1629 454 1668 Tiberini
484 1629 604 1676 filius,
636 1633 726 1679 post
743 1628 973 1679 Agrippam
990 1628 1188 1666 Romulus
1213 1626 1380 1674 Silvius,
1413 1640 1436 1664 a
1466 1628 1581 1676 patre

134 1706 299 1753 accepto
332 1702 511 1752 imperio,
541 1704 695 1751 regnat.
743 1701 949 1739 Aventino
981 1700 1147 1738 fulmine
1174 1699 1260 1750 ipse
1286 1699 1390 1737 ictus
1413 1711 1582 1748 regnum

135 1787 206 1824 per
248 1787 390 1812 manus
420 1774 601 1812 tradidit.
660 1774 703 1811 Is
734 1774 915 1824 sepultus
947 1773 987 1810 in
1020 1786 1064 1810 eo
1098 1772 1212 1819 colle,
1253 1772 1323 1822 qui
1354 1784 1459 1809 nunc
1490 1784 1583 1821 pars

137 1846 330 1884 Romanae
362 1850 422 1884 est
452 1846 579 1894 urbis,
611 1859 830 1895 cognomen
858 1845 953 1883 colli
968 1845 1076 1883 fecit.
1120 1844 1252 1882 Proca
1269 1843 1414 1882 deinde
1431 1847 1584 1893 regnat.

136 1918 178 1956 Is
201 1919 453 1957 Numitorem
485 1922 604 1969 atque
622 1918 830 1956 Amulium
863 1921 1066 1968 procreat3
1098 1917 1316 1963 Numitori,
1349 1916 1419 1966 qui
1443 1915 1583 1966 stirpis
1605 1915 1655 1954 10

139 1991 333 2029 maximus
374 1994 472 2038 erat,
511 2004 677 2040 regnum
719 1993 922 2028 vetustum
954 1988 1096 2028 Silviae
1137 1990 1267 2039 gentis
1306 1989 1426 2038 legat.
1487 1987 1586 2026 Plus

136 2068 270 2101 tamen
301 2063 361 2101 vis
392 2062 525 2113 potuit
557 2076 675 2112 quam
707 2063 894 2102 voluntas
924 2062 1053 2113 patris
1079 2065 1149 2100 aut
1174 2061 1420 2100 verecundia
1436 2060 1587 2107 aetatis3

137 2135 255 2186 pulso
297 2135 421 2172 fratre
452 2134 641 2173 Amulius
671 2139 824 2185 regnat.
886 2134 1019 2173 Addit
1050 2134 1193 2172 sceleri
1226 2134 1372 2181 scelus3
1420 2133 1587 2183 stirpem
1608 2133 1656 2170 11

139 2208 278 2246 fratris
309 2207 467 2244 virilem
499 2207 714 2254 interimit;
745 2207 883 2246 fratris
914 2207 1009 2244 filiae
1028 2206 1126 2245 Reae
1146 2205 1284 2245 Silviae
1316 2219 1389 2256 per
1415 2205 1588 2256 speciem

139 2280 313 2327 honoris,
360 2293 482 2329 quum
514 2278 723 2318 Vestalem
763 2294 850 2318 eam
889 2280 1066 2330 legisset,
1111 2282 1308 2330 perpetua
1347 2277 1588 2328 virginitate

138 2366 249 2403 spem
279 2354 422 2402 partus
453 2351 606 2390 adimit.

256 2423 334 2462 Sed
366 2423 599 2471 debebatur,
629 2428 674 2462 ut
706 2424 860 2475 opinor,
890 2424 986 2462 fatis
1016 2428 1139 2462 tantae
1171 2423 1285 2473 origo
1317 2423 1428 2460 urbis
1457 2422 1582 2459 maxi·
1671 2418 1702 2464 4

139 2497 275 2547 mique
307 2496 525 2534 secundum
558 2497 721 2534 deorum
753 2509 849 2547 opes
881 2496 1040 2546 imperii
1070 2495 1329 2546 principium.
1391 2493 1446 2531 Vi
1482 2506 1585 2531 com·
1605 2494 1629 2530 2

139 2583 277 2620 pressa
295 2568 476 2608 Vestalis
509 2582 631 2618 quum
663 2569 866 2618 geminum
897 2571 1058 2619 partum
1085 2567 1290 2615 edidisset,
1323 2580 1388 2605 seu
1417 2567 1474 2603 ita
1490 2569 1587 2611 rata,

140 2655 211 2679 seu
249 2641 343 2692 quia
385 2641 482 2679 deus
513 2643 654 2679 auctor
687 2641 814 2692 culpae
845 2641 1050 2679 honestior
1081 2644 1180 2686 erat,
1220 2639 1394 2676 Martem
1427 2638 1590 2675 incertae

140 2714 279 2764 stirpis
310 2717 466 2764 patrem
498 2715 718 2764 nuncupat.
769 2712 849 2751 Sed
881 2726 954 2751 nec
987 2713 1028 2751 di
1060 2726 1131 2750 nec
1164 2711 1348 2748 homines
1371 2713 1440 2748 aut
1466 2709 1638 2761 ipsam3
