1821 2928
295 141 377 178 294
750 135 863 171 Liber
887 134 935 170 V.
985 136 1046 180 (A.
1071 147 1105 170 u.
1131 147 1160 170 c.
1187 137 1281 180 364.)

297 265 485 314 deinceps
516 264 607 301 inde
640 264 809 302 aliorum
841 263 1095 314 populorum,
1125 263 1339 313 plurimum
1369 263 1538 302 terroris
1562 263 1735 302 Romam

257 338 278 372 7
300 337 484 374 celeritas
514 335 687 373 hostium
720 336 826 382 tulit,
858 335 1007 385 quippe
1038 335 1183 385 quibus
1214 336 1322 372 velut
1344 336 1607 374 tumultuario
1624 349 1734 374 exer-

296 408 378 445 citu
409 408 555 458 raptim
588 407 706 445 ducto
740 420 841 456 aegre
874 407 923 444 ad
957 407 1209 444 undecimum
1239 407 1412 457 lapidem
1431 420 1637 445 occursum
1661 409 1734 454 est,

296 493 373 530 qua
403 480 549 517 flumen
568 479 676 526 Alia,
708 479 979 516 Crustuminis
1012 479 1212 516 montibus
1230 480 1397 528 praealto
1416 479 1592 517 defluens
1609 479 1737 528 alveo,

256 552 405 589 Shaud
438 552 605 588 multum
639 551 741 588 infra
780 545 1108 588 viam'Tiberino
1140 551 1245 588 amni
1276 551 1475 589 miscetur.
1536 551 1623 589 Iam
1654 564 1735 588 om-

295 625 362 661 nia
394 628 533 661 contra
565 624 749 673 circaque
780 623 955 660 hostium
986 622 1104 672 plena
1150 626 1272 670 erant,
1318 627 1357 661 et
1396 627 1491 661 nata
1530 624 1572 660 in
1611 636 1736 661 vanos

296 697 489 733 tumultus
522 709 619 746 gens
651 695 755 732 truci
787 699 906 732 cantu
924 694 1244 744 clamoribusque
1261 695 1383 733 variis
1401 695 1599 733 horrendo
1617 708 1734 733 cunc-

295 771 337 805 ta
368 768 666 817 compleverant
699 780 806 804 sono.

160 834 215 882 38
410 840 474 877 Ibi
504 840 662 877 tribuni
695 839 887 885 militum',
936 853 1012 876 non
1061 839 1148 875 loco
1190 839 1333 875 castris
1374 843 1465 877 ante
1497 843 1626 890 capt0,
1656 851 1738 877 non

296 912 533 961 praemunito
565 912 684 959 vallo,
724 925 801 962 quo
833 915 1016 961 receptus
1049 914 1162 956 esset,
1202 923 1281 947 non
1322 910 1486 948 deorum
1517 911 1670 958 saltem,
1700 911 1736 948 si

296 997 374 1020 non
405 983 622 1030 hominum,
655 997 858 1029 memores,
897 997 970 1020 nec
1010 982 1217 1032 auspicato
1249 996 1321 1020 nec
1353 983 1494 1030 litato,
1535 983 1740 1020 instruunt

297 1056 420 1093 aciem
460 1056 661 1093 diductam
704 1056 742 1092 in
775 1069 932 1103 cornua,
973 1069 1022 1092 ne
1064 1055 1349 1093 circumveniri
1379 1055 1639 1092 multitudine
1669 1054 1739 1092 ho-

258 1128 281 1162 2
300 1128 420 1164 stium
453 1131 632 1177 possent,
664 1141 736 1165 nec
769 1131 900 1165 tamen
932 1127 1084 1177 aequari
1108 1128 1258 1164 frontes
1289 1130 1487 1177 poterant,
1519 1140 1639 1177 quum
1672 1140 1739 1164 ex-

298 1200 502 1237 tenuando
535 1199 732 1237 infirmam
757 1203 796 1237 et
825 1200 892 1237 vix
916 1199 1182 1237 cohaerentem
1200 1199 1372 1236 mediam
1390 1199 1515 1236 aciem
1534 1199 1740 1236 haberent.

297 1270 469 1308 Paulum
502 1276 587 1310 erat
618 1271 667 1309 ab
700 1271 863 1308 dextera
894 1271 995 1308 editi
1026 1271 1117 1317 loci,
1156 1285 1271 1320 quem
1304 1271 1556 1309 subsidiariis
1586 1270 1739 1320 repleri

298 1343 464 1393 placuit,
498 1358 622 1394 eaque
653 1357 716 1381 res
747 1346 792 1380 ut
822 1343 983 1380 initium
1015 1343 1177 1392 pavoris
1209 1356 1254 1380 ac
1285 1343 1402 1393 fugae,
1434 1342 1492 1381 sic
1523 1356 1603 1380 una
1633 1342 1741 1380 salus

259 1415 282 1451 3
301 1415 549 1464 fugientibus
565 1416 652 1453 fuit.
698 1416 799 1454 Nam
817 1414 1013 1461 Brennus,
1045 1414 1207 1464 regulus
1226 1413 1450 1462 Gallorum,
1481 1415 1522 1452 in
1540 1414 1743 1465 paucitate

297 1486 472 1525 hostium
504 1492 629 1525 artem
663 1487 835 1524 maxime
867 1487 1025 1533 timens,
1062 1490 1171 1524 ratus
1213 1486 1263 1524 ad
1294 1486 1336 1523 id
1367 1490 1528 1536 captum
1559 1485 1740 1536 superio-

299 1572 381 1596 rem
411 1560 553 1606 locum,
584 1563 640 1606 ut,
671 1559 742 1596 ubi
760 1558 871 1596 Galli
904 1572 991 1596 cum
1023 1559 1106 1595 acie
1137 1558 1338 1607 legionum
1370 1562 1480 1596 recta
1503 1559 1634 1596 fronte
1649 1571 1740 1596 con-

298 1632 577 1677 cucurrissent,
610 1631 791 1668 subsidia
824 1631 865 1667 in
897 1643 1056 1667 aversos
1087 1633 1417 1680 transversosque
1448 1630 1642 1680 impetum
1673 1628 1739 1667 da-

257 1704 399 1749 4rent,
432 1703 482 1740 ad
514 1702 776 1740 subsidiarios
808 1703 923 1750 signa
954 1702 1162 1748 convertit,
1202 1703 1235 1739 si
1275 1715 1340 1739 eos
1378 1702 1466 1739 loeo
1507 1700 1741 1750 depulisset,

297 1775 406 1813 haud
437 1775 593 1820 dubius,
625 1775 783 1812 facilem
814 1775 854 1811 in
887 1787 999 1823 aequo
1033 1774 1163 1823 campi
1193 1776 1350 1810 tantum
1378 1773 1586 1823 superanti
1603 1771 1738 1809 multi·

296 1847 437 1884 tudine
468 1847 674 1884 victoriam
706 1847 801 1884 fore.
878 1845 994 1884 Adeo
1034 1859 1112 1883 non
1151 1845 1312 1883 fortuna
1351 1845 1479 1892 modo,
1520 1844 1590 1882 sed
1632 1843 1736 1881 ratio

262 1921 285 1959 5
305 1919 423 1957 etiam
455 1932 543 1955 cum
574 1919 755 1956 barbaris
787 1919 929 1956 stabat.
990 1918 1039 1955 In
1079 1918 1205 1954 altera
1243 1917 1326 1954 acie
1365 1917 1467 1954 nihil
1498 1916 1628 1953 simile
1659 1915 1740 1953 Ro-

301 1991 437 2037 manis,
469 2004 546 2028 non
579 1990 683 2040 apud
716 1990 846 2037 (luces,
878 2003 958 2028 non
989 1989 1097 2040 apud
1128 1989 1275 2026 milites
1307 1992 1404 2026 erat.
1462 1988 1597 2026 Pavor
1627 1988 1740 2036 fuga-

299 2076 377 2112 que
420 2066 686 2112 occupaverat
726 2063 878 2099 animos
919 2066 958 2099 et
997 2064 1110 2098 tanta
1142 2061 1316 2099 omnium
1348 2060 1511 2107 oblivio,
1541 2063 1586 2101 ut
1616 2059 1742 2096 multo

302 2135 428 2172 maior
466 2147 559 2184 pars
590 2133 716 2171 Veios
759 2135 799 2171 in
840 2134 1014 2172 hostium
1045 2133 1196 2179 urbem,
1230 2146 1351 2183 quum
1382 2131 1542 2170 Tiberis
1573 2133 1741 2177 arceret,

303 2219 419 2255 quam
451 2209 561 2243 recto
593 2206 737 2243 itinere
767 2206 934 2244 Romam
974 2206 1025 2244 ad
1064 2206 1255 2253 coniuges
1286 2218 1331 2242 ac
1363 2204 1512 2241 liberos
1543 2203 1741 2252 fugerent.

266 2279 288 2315 6
307 2278 528 2328 Parumper
559 2277 820 2315 subsidiarios
850 2281 1002 2315 tutatus
1035 2281 1094 2315 est
1124 2278 1253 2323 locus;
1286 2276 1326 2313 in
1342 2275 1502 2325 reliqua
1518 2275 1603 2312 acie
1620 2273 1742 2311 simul

303 2355 362 2388 est
394 2351 543 2388 clamor
573 2349 777 2399 proximus
809 2350 857 2387 ab
891 2351 1026 2397 latere,
1057 2348 1213 2386 ultimis
1231 2348 1280 2385 ab
1297 2351 1410 2396 tergo
1427 2346 1598 2392 auditus,
1627 2345 1740 2394 igno-

302 2427 386 2460 tum
416 2423 571 2459 hostem
601 2421 712 2470 prius
743 2434 855 2470 paene
887 2435 1005 2470 quam
1036 2421 1232 2467 viderent,
1264 2433 1344 2457 non
1361 2418 1477 2456 modo
1493 2431 1572 2455 non
1588 2419 1742 2454 tentato

303 2495 531 2540 certamine,
563 2493 631 2531 sed
663 2506 712 2530 ne
743 2493 914 2530 clamore
945 2492 1107 2542 quidem
1138 2491 1312 2537 reddito,
1344 2489 1493 2539 integri
1520 2487 1742 2537 intactique

263 2569 286 2602 7
305 2566 512 2615 fugerunt;
543 2578 615 2602 nec
646 2551 731 2602 ussa
762 2565 889 2601 caedes
919 2564 1185 2613 pugnantium
1216 2563 1309 2609 fuit3
1340 2565 1455 2610 terga
1469 2573 1572 2597 caesa
1587 2561 1742 2596 suomet

263 2638 482 2688 Sipsorum
515 2636 730 2675 certamine
761 2636 801 2672 in
831 2635 951 2672 turba
968 2635 1272 2684 impedientium
1288 2634 1435 2681 fugam.
1483 2630 1597 2668 Circa
1612 2631 1740 2680 ripam

303 2709 480 2756 Tiberis,
527 2722 604 2760 quo
644 2708 766 2746 armis
807 2706 974 2745 abiectis
1011 2709 1140 2743 totum
1181 2705 1387 2742 sinistrum
1418 2716 1542 2741 cornu
1573 2702 1741 2751 defugit,
