1821 2928
401 137 452 176 56
807 147 895 173 Liber
908 147 975 173 vn.
1004 147 1051 177 (A.
1071 155 1097 173 u.
1116 155 1142 174 ο.
1159 148 1313 179 asa—394.)

342 266 384 300 ut
413 263 663 301 continuaret
692 262 959 309 consulatum,
1001 262 1156 299 obviam
1187 263 1359 301 eundum
1389 275 1522 313 pravae
1552 263 1764 314 cupiditati

301 331 322 366 5
339 331 472 368 fuerit.
539 329 715 378 Quaesita
744 344 789 367 ea
819 330 991 380 propriae
1021 329 1181 368 familiae
1218 331 1304 369 laus
1340 331 1528 369 leviorem
1565 335 1761 370 auctorem

339 398 543 436 Licinium
567 398 677 445 facit3
704 411 825 448 quum
847 398 1086 435 mentionem
1103 398 1185 436 eius
1201 400 1260 436 rei
1283 399 1325 436 in
1340 399 1626 438 vetustioribus
1643 413 1761 439 anna-

339 466 445 504 libus
469 466 620 503 nullam
647 466 857 513 inveniam,
890 467 1025 515 magis,
1049 471 1092 504 ut
1114 467 1211 505 belli
1228 466 1375 505 Gallici
1392 480 1510 505 causa
1526 467 1761 507 dictatorem

299 536 320 570 6
339 537 515 572 creatum
544 535 733 582 arbitrer,
778 534 946 571 inclinat
976 535 1140 572 animus.
1204 535 1264 574 Eo
1294 539 1399 573 certe
1437 548 1539 573 anno
1571 533 1681 574 Galli
1709 537 1761 574 ad

334 603 498 640 tertium
541 602 714 653 lapidem
756 601 910 640 Salaria
953 603 1018 640 via
1059 607 1170 641 trans
1217 607 1376 654 pontem
1413 602 1585 642 Anienis
1631 608 1761 643 castra

335 671 517 709 habuere.
590 669 778 710 Dictator
815 685 935 721 quum
978 671 1170 709 tumultus
1210 670 1357 711 Gallici
1401 684 1521 709 causa
1564 672 1760 710 iustitium

335 738 536 785 edixisset,
568 753 699 777 omnes
730 739 905 776 iuniores
935 744 1179 777 sacramento
1211 740 1356 789 adegit,
1390 739 1622 790 ingentique
1653 753 1758 778 exer-

335 808 418 845 citu
447 807 496 845 ab
526 807 623 844 urbe
646 807 846 857 profectus
877 807 918 844 in
949 807 1132 845 citeriore
1156 807 1248 857 ripa
1270 807 1440 846 Anienis
1463 811 1594 846 castra
1615 808 1758 859 posuit.

298 877 319 911 7
336 876 445 914 Pons
470 876 512 913 in
535 874 662 912 medio
687 878 782 922 erat,
812 875 962 913 neutris
980 890 1067 913 eum
1092 876 1378 927 rumpentibus,
1406 890 1455 914 ne
1476 876 1630 914 timoris
1652 876 1757 914 indi-

336 944 441 982 cium
472 948 583 982 esset.
652 943 805 981 Proelia
836 943 883 980 de
915 944 1143 993 occupando
1173 948 1293 994 ponte
1332 945 1470 982 crebra
1507 947 1636 991 erant,
1675 957 1757 990 nec,

293 1013 316 1048 8
335 1012 402 1062 qui
432 1015 680 1062 poterentur,
720 1012 881 1049 incertis
911 1011 1063 1049 viribus
1093 1013 1188 1050 satis
1227 1012 1400 1050 discerni
1429 1015 1596 1063 poterat.
1654 1010 1755 1049 Tum

333 1080 480 1117 eximia
512 1080 687 1130 corporis
718 1079 991 1129 magnitudine
1023 1080 1063 1117 in
1101 1094 1269 1118 vacuum
1305 1083 1465 1131 pontem
1496 1079 1638 1118 Gallus
1667 1093 1755 1130 pro·

334 1148 450 1185 cessit
481 1152 529 1194 et,
562 1152 751 1197 quantum
781 1148 950 1185 maxima
980 1162 1075 1186 voce
1105 1149 1249 1199 potuit,
1283 1149 1434 1198 „Quem
1464 1150 1592 1186 nunc“
1626 1146 1757 1197 inquit

335 1216 487 1263 „Roma
508 1216 637 1253 virum
667 1216 923 1253 fortissimum
953 1217 1082 1264 habet,
1111 1217 1310 1267 procedat,
1342 1230 1414 1266 age
1441 1217 1545 1264 dum,
1575 1215 1626 1253 ad
1655 1228 1753 1266 pug-

330 1298 432 1331 nam,
461 1287 507 1321 ut
537 1289 668 1322 noster
700 1285 867 1322 duorum
899 1289 1061 1322 eventus
1091 1285 1290 1333 ostendat,
1320 1289 1410 1322 utra
1440 1297 1535 1333 gens
1564 1283 1671 1321 bello
1702 1283 1754 1321 sit

209 1348 262 1394 10
335 1352 511 1389 melior.“
580 1352 666 1389 Diu
696 1353 799 1390 inter
829 1353 1021 1403 primores
1052 1353 1236 1391 iuvenum
1257 1354 1527 1391 Romanorum
1557 1351 1755 1389 silentium

331 1420 426 1467 fuit,
472 1433 591 1469 quum
631 1426 669 1458 et
716 1422 887 1459 abnuere
932 1426 1130 1459 certamen
1166 1426 1397 1460 vererentur
1434 1424 1472 1459 et
1515 1420 1753 1471 praecipuam

292 1489 313 1523 ἱ)
332 1492 477 1526 sortem
507 1488 675 1538 periculi
705 1493 840 1538 petere
870 1490 1041 1537 nollent3
1072 1494 1156 1527 tum
1187 1490 1231 1527 Τ.
1254 1490 1428 1527 Manlius
1458 1489 1504 1527 L.
1538 1488 1655 1534 filius,
1687 1487 1754 1537 qui

330 1560 482 1606 patrem
521 1570 541 1594 a
580 1557 789 1594 vexatione
823 1557 1041 1595 tribunicia
1079 1558 1368 1605 vindicaverat,
1409 1571 1456 1595 ex
1494 1556 1666 1595 statione
1704 1554 1754 1592 ad

331 1624 564 1661 dictatorem
594 1625 736 1674 pergit.
805 1625 987 1671 „Iniussu
1024 1629 1118 1663 tuo“
1153 1626 1302 1675 inquit,
1345 1626 1603 1675 „imperator,
1643 1626 1755 1660 extra

330 1691 509 1729 ordinem
539 1705 740 1741 nunquam
770 1694 1047 1742 pugnaverim,
1093 1708 1170 1731 non
1212 1694 1244 1731 si
1276 1697 1422 1731 certam
1458 1692 1668 1731 victoriam
1696 1690 1752 1728 vi-

290 1759 458 1805 3dea1n3
490 1759 523 1796 si
552 1764 597 1797 tu
626 1761 835 1810 permittis,
867 1762 958 1800 volo
990 1775 1061 1811 ego
1093 1762 1155 1799 illi
1184 1762 1310 1803 beluae
1342 1761 1561 1807 ostendere,
1592 1758 1750 1809 quando

329 1827 427 1865 adeo
459 1829 570 1865 ferox
600 1828 808 1878 praesultat
832 1829 1005 1867 hostium
1030 1830 1165 1879 signis,
1196 1844 1256 1867 me
1283 1843 1330 1867 ex
1360 1843 1405 1867 ea
1426 1829 1581 1866 familia
1611 1831 1750 1873 ortum,

290 1896 314 1931 4
332 1909 418 1946 quae
436 1895 642 1934 Gallorum
674 1910 813 1946 agmen
838 1911 884 1935 ex
906 1911 1003 1948 rupe
1020 1897 1192 1948 Tarpeia
1215 1897 1395 1935 deiecit.“
1458 1896 1559 1934 Tum
1582 1895 1752 1933 dictator

331 1963 487 2009 „Macte
526 1964 698 2002 virtute“
742 1965 873 2015 inquit
915 1980 985 2013 „ac
1025 1966 1174 2016 pietate
1213 1966 1255 2003 in
1295 1969 1449 2015 patrem
1487 1963 1749 2015 patriamque,

327 2030 371 2068 Τ.
400 2031 545 2078 Manli,
584 2036 677 2070 esto.
736 2033 865 2082 Perge
897 2037 935 2071 et
965 2047 1106 2071 nomen
1136 2034 1359 2071 Romanum
1389 2033 1580 2070 invictum
1611 2031 1749 2068 iuvan-

289 2098 434 2136 5tibus
467 2099 527 2137 dis
558 2103 738 2150 praesta.'·‘
801 2101 976 2139 Armant
1005 2102 1099 2140 inde
1129 2102 1310 2140 iuvenem
1340 2101 1530 2152 aequales3
1567 2098 1749 2149 pedestre

327 2171 481 2204 scutum
512 2168 636 2218 capit,
674 2167 856 2218 Hispano
889 2168 1063 2219 cingitur
1091 2170 1248 2219 gladio,
1287 2169 1337 2207 ad
1367 2168 1594 2219 propiorem
1622 2165 1749 2204 habili

326 2248 511 2285 pugnam.
579 2236 792 2273 Armatum
831 2238 1144 2288 adornatumque
1185 2237 1372 2275 adversus
1404 2235 1566 2274 Gallum
1603 2233 1748 2272 stolide

326 2303 460 2341 laetum
484 2307 523 2341 et
546 2303 751 2354 (quoniam
774 2304 814 2341 id
841 2318 997 2354 quoque
1021 2305 1210 2343 memoria
1232 2305 1395 2354 dignum
1419 2303 1595 2353 antiquis
1616 2302 1746 2340 visum

285 2372 307 2407 6
327 2367 609 2421 est)'linguam
650 2371 769 2408 etiam
806 2371 856 2408 ab
896 2372 1015 2410 irrisu
1047 2376 1291 2411 exserentem
1327 2372 1564 2423 producunt.
1630 2368 1745 2407 Reci-

325 2439 441 2489 piunt
463 2438 555 2476 inde
579 2453 619 2477 se
643 2440 693 2477 ad
717 2440 938 2486 stationem,
963 2444 1001 2477 et
1024 2441 1101 2478 duo
1127 2441 1169 2477 in
1192 2440 1321 2478 medio
1345 2438 1499 2486 armati,
1530 2436 1746 2488 spectaculi

325 2507 450 2556 magis
480 2520 588 2545 more
619 2521 736 2557 quam
774 2507 860 2556 lege
896 2508 1011 2556 belli,
1051 2508 1341 2555 destituuntur,
1379 2518 1627 2556 nequaquam
1656 2504 1745 2541 visu

288 2575 369 2612 Vae
415 2575 545 2625 specie
581 2575 868 2613 aestimantibus
913 2589 1039 2625 pares.
1114 2575 1266 2625 Corpus
1309 2574 1426 2613 alteri
1469 2572 1743 2623 magnitudine
