1821 2928
608 199 698 224 Liber
715 199 769 224 1x.
806 199 856 227 (A.
874 199 924 224 cn.
942 200 1014 229 320.)
1401 189 1477 225 153

95 314 268 353 Samniti
300 315 450 364 populo
483 327 628 360 omnes,
659 327 758 363 quos
790 313 831 350 in
863 317 1060 363 potestate
1092 313 1246 359 habult,
1279 316 1348 350 aut
1378 326 1450 362 pro
1485 313 1535 350 iis

94 397 173 434 pax
203 383 381 420 debetur.
423 381 503 420 Sed
534 381 633 431 quid
665 394 738 429 ego
777 384 817 418 te
849 381 1020 430 appello,
1045 382 1115 431 qui
1140 385 1179 418 te
1204 384 1363 430 captum
1387 381 1533 418 victori
1553 384 1578 418 3

95 464 182 488 cum
214 464 293 500 qua
322 454 436 500 potes
467 449 545 487 fide
576 448 791 486 restituis?
866 448 1068 498 Populum
1106 448 1332 486 Romanum
1364 449 1536 499 appello,

95 533 212 570 quem
243 518 277 556 si
308 518 536 568 sponsionis
566 517 617 554 ad
642 517 839 554 Furculas
865 516 1070 554 Caudinas
1096 517 1211 554 factae
1229 516 1404 566 paenitet,
1422 517 1535 554 resti-

93 591 183 626 tuat
213 586 391 635 legiones
424 585 531 623 intra
562 585 720 630 saltum,
753 598 831 634 quo
862 588 995 635 saeptae
1026 586 1197 622 fuerunt.
1250 585 1376 623 Nemo
1401 599 1534 635 quem-
1554 586 1579 622 4

98 669 217 706 quam
249 653 468 703 deceperit3
503 652 636 690 omnia,
665 666 738 702 pro
770 653 920 690 infecto
952 653 1049 699 sint3
1080 652 1280 702 recipiant
1303 667 1423 699 arma,
1449 666 1535 702 quae

98 737 170 774 per
207 722 433 773 pactionem
471 720 746 767 tradiderunn
786 721 954 759 redeant
985 721 1027 758 in
1059 724 1190 758 castra
1221 735 1309 767 sua,
1341 721 1536 771 quicquid

99 791 234 842 pridie
264 789 503 835 habuerunt,
536 802 653 838 quam
688 789 729 826 in
762 789 1006 839 colloquium
1047 792 1107 826 est
1136 793 1310 835 ventum,
1341 789 1536 834 habeant3

94 870 179 898 tum
210 859 362 896 bellum
399 861 438 895 et
475 857 599 894 fortia
637 857 804 895 consilia
842 857 1040 907 placeant,
1075 860 1160 894 tum
1198 857 1358 907 sponsio
1391 862 1429 894 et
1459 870 1537 907 pax

94 927 342 978 repudietur.
401 925 462 963 Ea
492 925 664 971 fortuna,
697 925 746 963 iis
776 925 886 972 locis,
917 938 1005 975 quae
1037 929 1128 962 ante
1160 925 1271 975 pacis
1294 925 1536 963 mentionem
1556 926 1580 963 5

47 1008 58 1013 ²
94 996 318 1041 habuimus,
350 1007 536 1043 geramus
566 993 734 1039 bellum;
772 1007 845 1030 nec
883 994 1055 1043 populus
1094 993 1300 1031 Romanus
1331 993 1538 1031 consulum

95 1063 350 1114 sponsionem
380 1076 452 1100 nec
483 1075 555 1099 nos
586 1061 705 1098 fidem
736 1061 875 1111 populi
914 1062 1089 1099 Romani
1119 1075 1358 1099 accusemus.
1426 1061 1536 1100 Nun·
1556 1066 1578 1098 (5

95 1146 266 1182 quamne
298 1144 417 1169 causa
448 1129 578 1177 defiet,
611 1143 680 1167 cur
709 1129 807 1166 victi
830 1134 948 1179 pacto
973 1144 1052 1168 11011
1076 1130 1218 1168 stetis?
1250 1129 1421 1168 Obsides
1438 1130 1536 1167 Por-

97 1201 222 1238 sinnae
253 1198 446 1245 dedistis3
477 1199 584 1236 furto
617 1211 683 1235 eos
707 1198 967 1236 subduxistis.
1007 1199 1124 1237 Auro
1143 1199 1348 1236 civitatem
1366 1212 1388 1236 a
1406 1197 1536 1235 Grallis

95 1268 337 1313 redemistis3
369 1267 474 1304 inter
505 1266 786 1316 accipiendum
819 1281 960 1304 aurum
985 1267 1077 1304 caesi
1101 1271 1203 1304 sunt.
1241 1267 1388 1304 Pacem
1405 1266 1536 1304 nobis·
1558 1268 1580 1303 7

38 1351 42 1354 ·
96 1351 184 1374 culn
221 1335 446 1386 pepigistis,
488 1338 534 1372 ut
570 1335 750 1383 legiones
787 1335 905 1372 vobis
937 1340 1073 1385 captas
1103 1336 1423 1380 restitueremus,
1454 1348 1538 1371 eam

95 1417 234 1454 pacem
278 1403 437 1440 irritam
476 1403 622 1440 facitis.
695 1403 748 1440 Et
788 1417 943 1454 semper
982 1404 1159 1453 aliquam
1195 1403 1330 1441 fraudi
1367 1402 1538 1452 speciem

95 1472 192 1509 iuris
223 1471 446 1521 imponitis.
513 1470 604 1508 Non
641 1472 787 1521 probat
826 1472 999 1522 populus
1029 1472 1235 1509 Romanus
1266 1470 1580 1520 ignominiosass

94 1552 191 1589 pace
222 1539 399 1587 legiones
431 1538 638 1576 servatas?
705 1540 853 1577 Pacem
890 1540 972 1578 sibi
1002 1541 1160 1587 habeat,
1191 1540 1368 1589 legiones
1400 1542 1536 1588 captas

93 1607 239 1645 victori
270 1607 480 1653 restituat3
511 1607 586 1644 hoc
618 1606 708 1654 fide,
740 1608 815 1645 hoc
845 1608 1074 1655 foederibus,
1101 1608 1175 1645 hoc
1199 1607 1408 1645 fetialibus
1427 1606 1536 1643 caeri-

94 1675 227 1713 noniis
259 1675 427 1723 (lignum
458 1679 556 1712 erat.
616 1675 675 1713 Ut
705 1676 868 1725 quidem
898 1680 955 1724 tu,
987 1676 1094 1726 quod
1125 1676 1265 1726 petisti
1296 1689 1368 1725 per
1385 1674 1536 1724 pactio·
1556 1680 1579 1713 9

94 1757 193 1790 nem,
225 1736 382 1790 habeas,
412 1747 474 1780 tot
504 1743 611 1780 cives
643 1743 874 1791 incolumes,
917 1757 989 1794 ego
1021 1758 1170 1794 pacem,
1208 1758 1328 1794 quam
1359 1743 1430 1780 hos
1459 1742 1538 1780 tibi

92 1811 336 1849 remittendo
362 1815 503 1861 pactus
527 1825 624 1858 sum,
642 1824 722 1848 non
738 1812 918 1860 habeam,
935 1813 1010 1850 hoc
1025 1817 1083 1860 tu,
1100 1812 1151 1851 A.
1170 1812 1344 1858 Corneli,
1362 1811 1436 1848 hoc
1453 1824 1535 1856 vos,

93 1879 263 1926 fetiales,
279 1879 378 1916 iuris
395 1879 582 1927 gentibus
600 1879 767 1917 dicitis?
797 1880 885 1930 Ego
902 1894 994 1918 vero
1013 1880 1122 1927 istos,
1145 1893 1244 1930 quos
1261 1880 1355 1917 dedi
1372 1879 1533 1916 simula·
1556 1882 1607 1919 10

92 1948 156 1994 tis,
187 1961 260 1985 nec
291 1945 449 1997 accipio
480 1961 553 1985 nec
584 1948 678 1985 dedi
708 1948 898 1995 arbitror,
937 1963 1008 1986 1160
1045 1962 1189 1995 moror,
1220 1962 1299 1998 quo
1332 1948 1463 1985 minus
1495 1947 1536 1984 111

93 2015 299 2054 civitatem
341 2015 558 2064 obligatam
596 2016 808 2065 sponsione
847 2018 1055 2054 commissa
1097 2017 1214 2054 iratis
1246 2016 1429 2054 omnibus
1461 2015 1534 2061 dis,

93 2097 263 2133 quorum
295 2083 473 2120 eluditur
503 2077 868 2130 numensredeant.
929 2083 1067 2123 Gerite
1100 2085 1261 2132 bellum,
1287 2084 1447 2134 quando
1465 2082 1533 2134 Sp.
1554 2087 1602 2122 ll

92 2151 326 2189 Postumius
352 2151 470 2189 modo
495 2151 670 2200 legatum
688 2152 862 2190 fetialem
880 2167 985 2202 genu
1001 2153 1184 2203 perculit.
1216 2153 1282 2190 Ita
1299 2152 1342 2189 di
1360 2152 1534 2198 credent,

95 2218 316 2257 Samnitem
348 2219 475 2256 civem
506 2219 773 2266 Postumium,
803 2234 884 2258 non
916 2221 1043 2258 civem
1073 2220 1299 2259 Romanum
1329 2235 1412 2259 esse
1444 2225 1483 2258 et
1513 2234 1535 2257 a

93 2288 276 2326 Samnite
301 2286 476 2335 legatum
502 2287 730 2325 Romanum
747 2288 958 2326 violatum:
991 2303 1035 2326 eo
1066 2288 1183 2326 vobis
1214 2289 1362 2326 iustum
1392 2289 1434 2325 in
1465 2301 1536 2324 nos

91 2356 241 2393 factum
273 2368 356 2392 esse
387 2355 549 2392 bellum.
608 2355 708 2393 Haec
739 2356 920 2394 ludibria
950 2357 1193 2406 religionum
1217 2370 1297 2394 non
1321 2356 1473 2405 pudere
1492 2356 1532 2393 in
1556 2358 1604 2394 12

92 2423 219 2461 lucem
248 2422 437 2472 proferre.
464 2427 503 2460 et
519 2423 585 2460 vix
601 2425 737 2473 pueris
755 2425 896 2474 dignas
912 2425 1098 2474 ambages
1115 2439 1228 2463 senes
1245 2439 1289 2462 ac
1307 2423 1534 2461 consulares

91 2490 278 2529 1'allendae
316 2490 410 2528 fidei
449 2491 676 2541 exquirere!
742 2492 782 2539 I,
823 2493 958 2540 lictor,
997 2494 1110 2531 deme
1148 2493 1282 2531 vincla
1318 2492 1531 2538 Romanis;
1554 2494 1605 2530 13

92 2563 268 2596 morat-us
299 2559 351 2596 sit
382 2572 508 2605 nem0,
542 2573 620 2608 quo
652 2560 793 2607 minus,
823 2560 893 2598 ubi
923 2561 1053 2599 visum
1084 2562 1217 2607 fuerit,
1250 2560 1432 2599 abeant*
1481 2560 1531 2598 Et

93 2626 156 2663 illi
197 2627 371 2676 quidem,
409 2626 578 2664 forsitan
619 2631 658 2664 et
695 2627 870 2677 publica,
911 2642 982 2666 sua
1021 2634 1126 2666 certo
1160 2630 1329 2666 liberata
1360 2629 1449 2676 fide,
1480 2628 1530 2666 ab
