1821 2928
594 213 683 239 Liber
701 214 738 239 x.
775 214 824 242 (A.
844 214 894 240 ch.
915 214 985 243 2⁰4.)
1377 203 1459 241 235

83 330 235 381 potitur
265 329 413 382 oppido
445 329 660 367 Romanus.
706 328 945 367 Samnitium
970 329 1060 367 caesi
1085 329 1165 367 tria
1187 329 1318 366 millia
1341 329 1515 376 ducenti,
1532 330 1557 366 3

84 399 191 449 capti
221 403 408 450 quattuor
438 399 567 436 millia
597 398 842 449 septingenti
865 401 1009 448 praeter
1031 398 1207 448 praedam
1224 398 1355 435 aliam.
1414 397 1556 435 Inde4

83 466 286 520 Feritrum
317 467 445 505 ductae
476 467 664 516 legiones,
703 466 808 505 unde
839 467 1036 517 oppidani
1066 480 1154 504 cum
1185 468 1367 505 omnibus
1397 467 1517 504 rebus

83 535 176 582 suis,
208 548 295 585 quae
326 535 423 574 ferri
453 536 597 586 agique
628 539 854 586 potuerunt,
895 539 1012 573 nocte
1042 549 1113 585 per
1143 549 1321 573 aversam
1359 538 1516 585 portam

82 603 242 642 silentio
273 607 537 642 excesserunt.
595 604 739 653 Igitur,
771 605 889 642 simul
919 604 1083 642 advenit
1112 604 1266 651 consul,
1296 603 1425 653 primo
1458 603 1556 641 ita5

84 673 324 723 compositus
353 673 650 722 instructusque
690 673 885 710 moenibus
925 673 1124 720 successit,
1164 676 1354 722 tanquam
1396 672 1515 718 idem,

84 742 191 792 quod
222 743 273 780 ad
302 741 532 780 Milioniam
562 742 703 789 fuerat,
735 741 965 779 certaminis
996 743 1118 788 foret;
1150 741 1305 787 deinde,
1337 744 1381 778 ut
1398 740 1514 777 silen-
1533 742 1556 778 6

81 810 185 848 tium
214 813 371 848 vastum
398 810 439 848 in
465 810 565 847 urbe
589 824 661 848 nec
687 823 795 848 arma
821 824 893 848 nec
918 811 1027 848 viros
1054 810 1095 847 in
1118 810 1298 847 turribus
1325 823 1369 847 ac
1393 808 1516 846 muris

82 879 196 927 vidit,
228 879 389 917 avidum
421 878 639 917 invadendi
671 880 826 917 deserta
864 879 1010 917 moenia
1048 878 1216 916 militem
1255 878 1427 924 detinet,
1469 890 1518 914 ne

83 961 201 998 quam
232 948 427 986 occultam
458 948 501 984 in
531 947 711 985 fraudem
743 948 928 985 incautus
958 951 1106 994 rueret3
1145 947 1243 985 duas
1273 950 1424 984 turmas
1456 959 1514 983 so·
1535 948 1556 983 7

84 1016 236 1055 ciorum
267 1016 404 1054 Latini
435 1016 606 1054 nominis
637 1016 969 1066 circumequitare
995 1016 1141 1053 moenia
1165 1019 1283 1066 atque
1305 1015 1516 1065 explorare

83 1085 216 1123 omnia
246 1085 367 1123 iubet.
427 1085 595 1135 Equites
626 1088 782 1134 portam
813 1099 933 1123 unam
965 1086 1211 1135 alteramque
1243 1084 1380 1122 eadem
1411 1083 1516 1132 regi-

82 1167 156 1192 one
188 1154 230 1191 in
245 1154 474 1204 propinquo
490 1157 671 1204 patentes
695 1154 950 1204 conspiciunt
967 1154 1255 1204 itineribusque
1279 1153 1329 1190 iis
1345 1152 1517 1201 vestigia

81 1225 287 1260 nocturnae
316 1222 491 1260 hostium
522 1222 637 1270 fugae.
711 1222 966 1273 Adequitant
1010 1223 1154 1261 deinde
1199 1222 1343 1260 sensim
1385 1220 1557 1271 portis8

63 1291 299 1346 ⁴urbemque
331 1304 378 1328 ex
409 1294 496 1329 tuto
536 1291 657 1328 rectis
697 1291 910 1329 itineribus
948 1292 1129 1342 perviam
1166 1291 1437 1341 conspiciunt,
1479 1293 1518 1327 et

83 1359 238 1397 consuli
276 1359 473 1407 referunt,
513 1373 716 1397 excessum
753 1360 872 1405 urbe;
918 1360 1134 1399 solitudine
1171 1360 1279 1398 haud
1320 1359 1445 1397 dubia
1475 1358 1517 1396 id

82 1427 334 1477 perspicuum
367 1442 449 1466 esse
481 1431 520 1465 et
549 1428 777 1466 recentibus
793 1429 978 1479 vestigiis
1009 1429 1114 1478 fugae
1145 1443 1190 1467 ac
1222 1433 1355 1477 strage
1386 1441 1518 1465 rerum

83 1496 124 1533 in
153 1496 422 1546 trepidatione
453 1500 649 1534 nocturna
678 1498 910 1535 relictarum
940 1499 1100 1548 passim.
1144 1498 1223 1536 His
1247 1497 1396 1535 auditis
1427 1509 1517 1533 6011-
1536 1496 1559 1532 9

84 1565 146 1603 sul
177 1565 229 1603 ad
260 1579 346 1603 eam
377 1568 531 1615 partem
562 1567 685 1613 urbis,
717 1580 834 1616 quam
861 1567 1045 1605 adierant
1060 1567 1225 1616 equites,
1256 1565 1521 1603 circumducit

83 1647 235 1683 agmen.
297 1633 535 1672 Constitutis
566 1635 672 1673 haud
702 1636 842 1685 procul
872 1639 988 1685 porta
1019 1635 1162 1684 signis,
1200 1635 1377 1685 quinque
1409 1635 1519 1684 equi-

83 1707 143 1741 tes
174 1703 286 1740 iubet
315 1703 466 1741 intrare
496 1703 635 1741 urbem
667 1708 706 1742 et
735 1704 937 1741 modicum
974 1704 1146 1754 spatium
1176 1717 1408 1753 progressos
1438 1706 1520 1741 tres

85 1785 243 1810 manere
274 1771 411 1809 eodem
443 1772 544 1820 loco,
574 1772 608 1809 si
637 1775 725 1810 tuta
755 1772 986 1819 videantur,
1026 1772 1123 1810 duos
1155 1773 1364 1822 explorata
1395 1772 1447 1809 ad
1479 1784 1519 1808 se

83 1840 243 1879 referre.
305 1840 383 1888 Qui
413 1841 483 1878 ubi
512 1840 721 1878 redierunt
750 1842 1090 1890 rettuleruntque,
1128 1854 1173 1878 eo
1205 1854 1245 1878 se
1275 1853 1516 1890 progressos,
1539 1839 1589 1875 10

85 1909 190 1946 unde
220 1909 262 1946 in
293 1922 427 1946 omnes
457 1912 591 1959 partes
615 1910 922 1958 circumspectus
946 1913 1059 1955 esset,
1089 1910 1206 1958 longe
1224 1909 1381 1958 lateque
1398 1908 1518 1945 silen-

84 1977 184 2015 tium
201 1991 245 2015 ac
262 1976 522 2014 solitudinem
536 1976 698 2023 vidisse,
730 1978 929 2027 extemplo
949 1978 1085 2015 consul
1110 1977 1292 2014 cohortes
1310 1976 1517 2026 expeditas
1539 1975 1585 2011 11

86 2046 130 2084 in
159 2046 298 2083 urbem
330 2044 512 2091 induxit,
551 2048 701 2082 ceteros
740 2046 899 2082 interim
940 2049 1070 2083 castra
1108 2046 1350 2083 communire
1390 2045 1518 2082 iussit.

85 2114 263 2163 Ingressi
296 2114 454 2161 milites,
484 2113 667 2151 refractis
698 2114 862 2161 foribus,
893 2128 1040 2165 paucos
1065 2128 1206 2163 graves
1233 2118 1349 2152 aetate
1373 2117 1443 2152 aut
1458 2114 1515 2151 in·
1537 2113 1585 2149 12

84 2182 239 2221 validos
281 2182 489 2220 inveniunt
527 2182 768 2231 relictaque,
810 2196 897 2231 quae
938 2183 1112 2232 migratu
1153 2182 1336 2221 difficilia
1377 2186 1519 2220 essent.

86 2251 147 2289 Ea
177 2252 351 2301 direpta,
398 2255 436 2288 et
467 2251 671 2299 cognitum
703 2264 751 2288 ex
783 2251 953 2300 captivis
995 2255 1064 2298 est,
1109 2252 1306 2289 communi
1348 2250 1518 2289 consilio
1539 2249 1588 2286 13

85 2320 238 2370 aliquot
268 2320 373 2357 circa.
403 2320 522 2357 urbes
553 2319 748 2357 conscisse
778 2319 933 2368 fugam;
979 2333 1069 2358 suos
1099 2320 1230 2370 prima
1258 2320 1400 2369 vigilia
1430 2333 1519 2369 pro-

86 2388 230 2434 fectos3
276 2387 455 2434 credere,
493 2387 656 2425 eandem
697 2388 740 2425 in
771 2388 864 2426 aliis
894 2388 1062 2426 urbibus
1093 2388 1353 2426 solitudinem
1385 2388 1519 2426 inven-

84 2459 205 2494 turos.
266 2455 400 2494 Dictis
431 2457 681 2506 captivorum
712 2456 809 2494 fides
841 2457 1012 2503 exstitit;
1044 2458 1211 2495 desertis
1238 2457 1398 2506 oppidis
1426 2470 1516 2494 con·
1538 2455 1589 2491 14

84 2525 147 2562 sul
178 2525 343 2575 potitur.

198 2593 333 2632 Alteri
371 2593 524 2631 consuli
556 2593 611 2630 M.
642 2593 775 2631 Atilio
814 2607 1063 2644 nequaquam
1101 2597 1182 2630 tam
1220 2593 1336 2631 facile
1368 2593 1517 2630 bellum
1592 2587 1651 2635 35

84 2661 172 2700 fuit.
233 2662 363 2710 Quum
394 2663 445 2700 ad
463 2662 675 2699 Luceriam
707 2662 871 2700 duceret
909 2663 1103 2711 legiones,
1137 2675 1253 2711 quam
1292 2660 1518 2710 oppugnari
