1821 2928
527 68 643 104 Liber
666 69 740 104 111.
767 71 827 114 (A.
856 71 919 104 Ch.
947 71 1041 109 446.)
1450 74 1522 111 191

88 197 263 236 Volscos
280 196 502 247 proficisci;
536 202 629 235 ante
645 201 781 247 portas
799 203 857 235 est
875 198 1024 236 bellum
1040 212 1046 242 3
1081 198 1113 235 si
1142 197 1234 235 inde
1252 210 1329 234 non
1347 198 1524 247 pellitur.

86 271 166 308 iam
197 269 304 307 intra
335 269 479 307 moenia
510 269 587 306 erit
619 271 659 306 et
690 282 821 307 arcem
854 274 892 307 et
924 269 1166 320 Capitolium
1209 269 1374 307 scandet
1412 275 1450 307 et
1482 271 1520 307 in

86 341 224 380 domos
241 345 393 379 vestras
410 354 480 379 vos
497 344 772 391 persequetur.
834 341 1009 379 Biennio
1036 345 1127 379 ante
1151 344 1311 380 senatus
1329 341 1516 379 dilectum
1535 345 1562 382 8

83 413 223 451 haberi
249 416 289 450 et
313 413 429 450 educi
455 413 673 450 exercitum
696 413 737 450 in
765 412 960 463 Algidum
989 414 1125 460 iussit;
1157 413 1337 451 sedemus
1364 413 1521 452 desides

82 484 202 532 domi,
233 484 444 522 mulierum
477 485 560 522 ritu
592 485 696 522 inter
727 499 797 523 nos
824 486 1074 532 altercantes,
1105 486 1294 536 praesenti
1318 499 1414 536 pace
1439 486 1520 524 laeti

82 570 154 595 nec
186 560 402 603 cernentes,
433 570 480 594 ex
511 557 592 594 otio
624 557 695 594 illo
727 557 840 596 brevi
868 557 1079 607 multiplex
1105 558 1255 595 bellum
1281 558 1517 598 rediturum.

81 627 160 666 His
191 641 265 678 ego
296 629 474 678 gratiora
505 628 615 666 dictu
647 629 727 666 alia
755 642 838 666 esse
863 630 961 676 sci03
993 628 1064 666 sed
1091 642 1151 666 me
1174 642 1268 667 vera
1293 643 1366 679 pro
1391 630 1516 680 gratis
1534 634 1557 670 9

80 700 204 750 loqui,
250 701 324 738 etsi
365 713 493 738 meum
533 701 738 750 ingenium
779 714 858 738 non
901 704 1096 748 moneret,
1140 701 1354 739 necessitas
1394 703 1514 751 cogit.

80 771 239 810 Vellem
272 772 457 823 equidem
488 772 603 810 vobis
635 773 807 823 placere,
839 773 1036 821 Quirites3
1068 773 1136 811 sed
1167 773 1291 810 multo
1325 774 1426 811 malo
1444 788 1514 812 vos

83 844 214 882 salvos
245 857 340 891 esse,
371 845 641 894 qualicunque
674 858 768 894 erga
799 859 858 883 me
890 846 1022 883 animo
1054 846 1180 883 futuri
1205 846 1310 884 estis.
1358 845 1513 884 Natura
1535 849 1586 887 10

78 915 152 953 hoc
183 915 239 953 ita
271 920 544 967 comparatum
577 920 647 963 est,
678 921 734 964 ut,
765 918 833 968 qui
861 917 968 968 apud
993 917 1290 955 multitudinem
1309 931 1380 955 sua
1396 931 1516 956 causa

81 987 278 1038 loquitur,
323 989 479 1038 gratior
520 1002 564 1027 eo
604 989 667 1039 sit,
715 990 826 1026 cuius
858 1003 966 1027 mens
998 989 1100 1026 nihil
1132 993 1277 1040 praeter
1307 991 1512 1040 publicum

79 1059 328 1098 commodum
360 1061 492 1107 videt3
525 1061 602 1098 nisi
634 1061 736 1098 forte
768 1065 1035 1100 assentatores
1066 1061 1260 1112 publicos,
1290 1062 1512 1112 plebicolas

80 1131 190 1180 istos,
222 1132 292 1181 qui
322 1146 392 1170 vos
423 1146 495 1171 nec
522 1133 563 1170 in
591 1134 712 1171 armis
740 1147 810 1171 nec
837 1134 880 1171 in
902 1134 983 1172 otio
1010 1147 1094 1171 esse
1119 1134 1265 1181 sinunt,
1297 1137 1427 1172 vestra
1444 1148 1512 1173 vos

73 1216 195 1251 'causa
225 1204 395 1243 incitare
427 1208 466 1242 et
496 1205 702 1243 stimulare
726 1206 890 1256 putatis.
952 1205 1152 1244 Concitati
1176 1211 1243 1244 aut
1269 1206 1408 1244 honori
1441 1210 1509 1244 aut
1531 1202 1577 1240 ll

78 1276 248 1325 quaestui
279 1277 360 1315 illis
391 1278 506 1324 estis;
553 1281 592 1315 et
632 1278 728 1327 quia
770 1278 809 1315 in
840 1278 1056 1316 concordia
1087 1277 1273 1315 ordinum
1304 1279 1437 1316 nullos
1468 1292 1509 1318 se

75 1361 241 1398 usquam
275 1362 359 1387 esse
390 1349 542 1395 vident,
569 1349 683 1387 malae
715 1350 775 1387 rei
807 1363 848 1388 se
880 1363 998 1399 quam
1030 1350 1193 1396 nullius,
1223 1349 1433 1387 turbarum
1465 1363 1509 1388 ac

77 1419 319 1457 seditionum
353 1421 472 1459 duces
504 1435 586 1459 esse
616 1421 766 1460 volunt.
828 1422 1006 1470 Quarum
1030 1435 1165 1459 rerum
1191 1422 1225 1459 si
1249 1434 1319 1459 vos
1345 1421 1510 1459 taedium
1535 1420 1582 1457 12

75 1491 235 1529 tandem
267 1505 409 1543 capere
441 1497 581 1543 potest·
603 1497 643 1531 et
679 1498 839 1543 patrum
877 1497 1110 1543 vestrosque
1152 1493 1340 1543 antiquos
1382 1507 1511 1532 mores

76 1564 200 1602 vultis
217 1578 290 1615 pro
308 1565 368 1602 his
392 1566 504 1603 novis
523 1578 692 1613 sumere,
724 1565 837 1602 nulla
861 1565 1060 1615 supplicia
1085 1578 1236 1613 recuso,
1270 1566 1346 1603 nisi
1371 1567 1509 1616 paucis
1532 1564 1582 1602 13

77 1636 218 1675 diebus
250 1637 321 1675 hos
352 1637 610 1688 populatores
651 1650 837 1686 agrorum
869 1640 1096 1675 nostrorum
1127 1637 1234 1675 fusos
1273 1638 1510 1689 fugatosque

75 1710 218 1749 castris
261 1723 407 1747 exuero
450 1715 489 1747 et
531 1723 553 1747 a
590 1710 719 1760 portis
760 1709 907 1747 nostris
949 1709 1226 1759 moenibusque
1266 1710 1316 1746 ad
1348 1711 1510 1748 illorum

74 1782 193 1819 urbes
223 1782 327 1820 hunc
358 1782 456 1819 belli
487 1785 694 1831 terrorem,
728 1794 806 1831 quo
835 1794 938 1818 nunc
961 1794 1030 1818 vos
1058 1781 1219 1818 attoniti
1245 1782 1352 1828 estis,
1382 1788 1507 1820 trans-

74 1854 243 1892 tulero.·‘

187 1925 297 1963 Raro
328 1927 426 1964 alias
456 1926 613 1964 tribuni
638 1925 844 1975 popularis
869 1925 997 1963 oratio
1024 1925 1224 1974 acceptior
1254 1925 1366 1975 plebi
1390 1939 1507 1976 quam
1581 1923 1639 1972 69

73 2003 167 2035 tunc
194 1999 434 2036 severissimi
451 1998 627 2035 consulis
653 1997 743 2036 fuit.
777 1997 969 2034 Iuventus
987 2009 1157 2046 quoque,
1182 2010 1270 2047 quae
1286 1998 1390 2035 inter
1406 1999 1506 2037 tales
1524 2001 1547 2037 2

74 2074 200 2107 metus
226 2070 555 2109 detrectationem
585 2069 743 2106 militiae
770 2069 892 2106 telum
911 2069 1147 2106 acerrimum
1167 2068 1357 2108 adversus
1374 2075 1506 2120 patres

73 2141 218 2179 habere
249 2142 369 2180 solita
401 2146 498 2188 erat,
538 2154 648 2179 arma
679 2144 717 2178 et
748 2141 897 2178 bellum
929 2140 1147 2191 spectabat.
1207 2141 1260 2178 Et
1291 2143 1506 2190 agrestium

72 2214 166 2263 fuga
184 2214 430 2264 spoliatique
448 2214 489 2251 in
506 2213 615 2262 agris
633 2216 673 2250 et
688 2213 904 2258 vulnerati,
934 2212 1104 2251 foediora
1122 2213 1182 2260 iis,
1213 2226 1302 2262 quae
1319 2213 1504 2252 subiicie-

72 2286 218 2323 bantur
249 2287 388 2330 oculis,
428 2285 671 2335 nuntiantes,
711 2288 835 2323 totam
875 2285 1015 2323 urbem
1053 2286 1113 2322 ira
1152 2285 1380 2335 implevere.
1455 2286 1546 2324 1113

71 2362 252 2395 senatum
285 2358 354 2395 ubi
385 2361 545 2395 ventum
578 2360 648 2404 est,
679 2356 738 2394 ibi
770 2370 863 2394 vero
897 2357 936 2394 in
969 2357 1201 2405 Quinctium
1234 2370 1369 2395 omnes
1401 2359 1504 2395 versi

72 2432 116 2466 ut
146 2442 266 2466 unuin
298 2429 500 2467 vindicem
539 2429 757 2466 maiestatis
797 2428 988 2467 Romanae
1028 2429 1188 2478 intueri,
1235 2432 1275 2467 et
1310 2429 1507 2479 primores

71 2504 229 2550 patrum
250 2500 411 2550 dignam
430 2501 563 2538 dicere
582 2500 807 2538 contionem
825 2501 993 2551 imperio
1011 2501 1226 2548 consulari,
1259 2500 1423 2549 diguam
1445 2504 1506 2538 tot

71 2571 343 2610 consulatibus
361 2577 454 2611 ante
471 2573 581 2621 actis,
612 2572 775 2621 dignam
800 2572 884 2611 vita
901 2573 1020 2618 omni,
1053 2573 1172 2623 plena
1190 2572 1381 2610 honorum
1399 2578 1504 2623 s'aepe
