1821 2928
542 163 634 190 Liber
651 163 720 189 vn.
756 163 804 193 (Α.
823 163 874 190 ch.
893 163 1048 193 asi—seo.)
1405 151 1458 190 57

83 279 284 326 eximium,
314 278 548 317 versicolori
572 280 684 317 veste
713 278 912 328 pictisque
943 281 982 316 et
1012 291 1108 316 auro
1140 277 1291 316 caelatis
1313 277 1515 327 refulgens

83 348 228 394 armis3
257 346 389 385 media
421 347 463 384 in
494 347 621 384 altero
652 346 842 385 militaris
865 350 1030 394 statura,
1059 347 1295 398 modicaque
1325 346 1367 384 in
1393 346 1515 384 armis

82 415 285 454 habilibus
314 415 442 465 magis
473 428 592 466 quam
623 414 777 453 decoris
815 415 985 465 species;
1029 427 1109 452 non
1141 419 1297 462 cantus,
1337 428 1418 453 non
1450 415 1556 453 eir-8

82 484 244 522 sultatio
290 496 569 534 armorumque
615 483 785 533 agitatio
830 497 953 530 vana,
997 482 1066 520 sed
1111 487 1249 534 pectus
1295 482 1514 522 animorum

80 554 230 603 iraeque
260 552 393 590 tacitae
423 552 609 602 plenum3
650 565 804 589 omnem
835 551 1022 589 ferociam
1063 552 1106 589 in
1138 551 1352 590 discrimen
1383 552 1514 602 ipsum

81 621 308 660 certaminis
348 620 569 659 distulerat.
645 619 729 658 Ubi
772 620 982 658 constitere
1014 621 1120 658 inter
1157 620 1255 659 duas
1286 621 1409 667 acies,
1454 624 1514 657 tot
1531 621 1554 655 9

78 689 185 727 circa
229 690 459 728 mortalium
508 689 652 728 animis
701 703 770 740 spe
810 693 995 740 metuque
1044 689 1327 739 pendentibus,
1373 687 1515 726 Gallus

78 758 188 796 velut
216 759 338 796 moles
370 771 540 808 superne
572 758 794 806 imminens,
824 758 1001 809 proiecto
1032 758 1133 795 laeva
1163 762 1293 806 scuto,
1325 757 1367 795 in
1398 758 1514 795 adve-

77 827 226 865 nientis
257 840 365 865 arma
394 826 520 865 hostis
551 840 694 864 vanum
733 827 864 875 caesim
895 840 984 864 cum
1023 827 1178 876 ingenti
1210 826 1343 864 sonitu
1383 839 1514 864 ensem

76 895 241 942 deiecit;
270 895 474 933 Romanus
498 908 684 933 mucrone
709 896 905 943 subrecto,
933 909 1053 945 quum
1077 898 1189 932 scuto
1214 898 1366 932 scutum
1392 894 1510 931 imum
1533 895 1583 932 10

75 964 330 1014 perculisset,
371 968 536 1014 totoque
567 978 733 1015 corpore
772 965 939 1002 interior
969 964 1148 1015 periculo
1179 963 1356 1002 vulneris
1387 964 1513 1001 factus

76 1033 317 1071 insinuasset
347 1047 387 1071 se
417 1033 521 1071 inter
554 1047 698 1083 corpus
737 1046 945 1083 armaque,
991 1046 1070 1070 uno
1109 1032 1313 1083 alteroque
1344 1031 1513 1069 subinde

77 1102 159 1139 ictu
203 1105 382 1139 ventrem
427 1106 545 1152 atque
592 1101 760 1151 inguina
803 1101 939 1139 hausit
983 1105 1023 1139 et
1073 1101 1112 1138 in
1157 1101 1329 1151 spatium
1374 1101 1514 1150 ingens·

73 1175 251 1208 ruentem
281 1171 465 1220 porrexit
493 1171 657 1208 hostem.
718 1170 894 1207 Iacentis
926 1169 1018 1207 inde
1045 1183 1187 1220 corpus
1219 1170 1267 1207 ab
1294 1169 1401 1207 omni
1431 1169 1511 1206 alia
1534 1170 1578 1206 11

73 1239 285 1277 vexatione
301 1238 497 1277 intactum
513 1252 591 1276 uno
615 1242 757 1289 torque
775 1238 974 1289 spoliavit,
998 1252 1113 1288 quem
1129 1251 1356 1288 respersum
1374 1251 1514 1275 cruore

52 1346 55 1349 ,
74 1307 176 1345 collo
193 1307 459 1345 circumdedit
474 1320 556 1345 suo.
603 1307 812 1345 Defixerat
828 1321 952 1358 pavor
969 1320 1058 1344 cum
1074 1307 1339 1345 admiratione
1357 1304 1514 1352 Gallos;
1534 1307 1582 1343 12

74 1375 245 1414 Romani
290 1376 441 1413 alacres
488 1375 536 1412 ab
584 1376 755 1413 statione
811 1375 969 1413 obviam
1013 1375 1137 1412 militi
1183 1389 1252 1413 suo
1298 1374 1513 1426 progressi,

74 1444 321 1492 gratulantes
366 1444 654 1494 laudantesque
701 1444 751 1481 ad
798 1444 1034 1481 dictatorem
1077 1444 1313 1494 perducunt.
1398 1443 1511 1480 Inter
1534 1444 1581 1479 13

75 1511 292 1549 carminum
337 1525 462 1563 prope
505 1510 549 1551 ln
595 1511 756 1550 modum
801 1512 1009 1550 incondita
1053 1512 1234 1562 quaedam
1279 1512 1512 1550 militariter

77 1580 294 1618 ioculantes
335 1580 532 1630 Torquati
573 1594 791 1629 cognomen
831 1579 1030 1628 auditum,
1074 1581 1322 1619 celebratum
1368 1579 1511 1618 deinde

73 1648 242 1698 posteris
259 1649 381 1686 etiam
397 1648 639 1699 familiaeque
649 1648 792 1687 honori
808 1648 896 1686 fuit.
943 1649 1134 1688 Dictator
1144 1663 1330 1687 coronam
1347 1642 1509 1687 auream
1529 1648 1579 1686 14

72 1715 231 1754 addidit
243 1716 402 1765 donum,
418 1717 608 1766 mirisque
625 1731 698 1767 pro
710 1717 897 1755 contione
914 1731 999 1755 eam
1014 1731 1190 1768 pugnam
1206 1718 1392 1756 laudibus
1403 1717 1510 1755 tulit.

184 1785 238 1822 Et
267 1785 429 1823 hercule
459 1785 562 1823 tanti
594 1799 640 1823 ea
678 1784 728 1823 ad
759 1785 937 1824 universi
969 1786 1065 1824 belli
1105 1791 1288 1824 eventum
1318 1786 1508 1824 momenti
1585 1781 1634 1826 11

71 1853 278 1891 dimicatio
309 1854 401 1900 fuit,
432 1858 477 1890 ut
507 1852 714 1891 Gallorum
735 1854 945 1891 *exercitus
976 1855 1159 1904 proxima
1188 1858 1320 1902 nocte,
1357 1854 1509 1891 relictis

72 1921 229 1971 trepide
260 1922 413 1968 castris,
447 1922 489 1959 in
505 1921 716 1960 Tiburtem
748 1935 887 1971 agrum
907 1928 1026 1972 atque
1051 1922 1156 1969 inde,
1187 1923 1377 1961 societate
1407 1922 1505 1959 belli

72 1991 176 2027 sacta
217 1994 517 2040 commeatuque
557 1990 728 2039 benigne
767 1990 816 2027 ab
848 1989 1086 2028 Tiburtibus
1127 1991 1307 2037 adiutus,
1345 2003 1436 2028 mox
1467 1989 1509 2027 in

72 2058 330 2108 (sampaniam
373 2058 593 2096 transierit.
668 2059 728 2096 Ea
767 2058 843 2095 fuit
891 2072 1028 2107 causa,
1074 2072 1143 2096 cur
1181 2059 1362 2109 proximo
1403 2059 1549 2096 anno?

72 2126 113 2163 1¹.
154 2125 349 2164 Poetelius
388 2126 540 2164 Balbus
581 2127 736 2174 consul,
789 2140 911 2176 quum
950 2126 1116 2176 collegae
1157 2127 1243 2165 eius
1281 2127 1336 2164 M.
1378 2126 1505 2165 Fabio
1525 2114 1712 2173 1⁸2⁰&ssssss

71 2194 269 2232 Ambusto
293 2195 465 2233 Hernici
496 2194 705 2244 provincia
739 2195 946 2241 evenisset,
976 2195 1166 2233 adversus
1183 2195 1373 2233 Tiburtes
1399 2195 1506 2232 iussu

71 2263 209 2312 populi
241 2263 456 2301 exercitum
489 2262 661 2301 duceret.
723 2263 792 2300 Ad
824 2276 991 2313 quorum
1022 2264 1219 2302 auxilium
1252 2277 1373 2314 quum
1392 2261 1502 2301 Galli
1522 2265 1545 2301 3

70 2343 117 2367 ex
147 2329 364 2382 Campania
395 2331 610 2379 redissent,
655 2331 770 2369 foedae.
809 2331 1089 2382 populationes
1121 2332 1163 2370 in
1193 2331 1395 2370 Lavicano
1427 2330 1504 2368 Tu-

70 2398 311 2450 sculanoque
350 2403 388 2437 et
417 2399 582 2437 Albano
621 2412 718 2448 agro
757 2399 863 2437 haud
904 2400 1024 2438 dubie
1060 2399 1299 2438 Tiburtibus
1338 2399 1503 2438 ducibus

71 2470 160 2504 sumt
188 2467 314 2515 factae,
346 2473 396 2515 et,
427 2481 547 2518 quum
579 2466 770 2506 adversus
789 2467 997 2506 Tiburtem
1027 2468 1178 2506 hostem
1212 2470 1309 2507 duce
1340 2467 1500 2506 consule
1520 2468 1544 2504 4

72 2538 252 2573 contenta
282 2549 344 2574 res
369 2536 533 2586 publica
557 2539 669 2583 esset,
687 2534 867 2573 Gallicus
897 2537 1092 2574 tumultus
1116 2536 1351 2575 dictatorem
1379 2536 1502 2573 creari

72 2603 211 2652 coegit.
273 2603 439 2642 creatus
472 2603 517 2652 Q.
545 2602 740 2642 Servilius
765 2603 900 2642 Ahala
931 2604 976 2642 T.
1003 2605 1239 2653 Quinctium
1270 2604 1501 2654 magistrum
