<?xml version="1.0" encoding="UTF-8"?>
<!DOCTYPE html PUBLIC "-//W3C//DTD XHTML 1.0 Transitional//EN"
    "http://www.w3.org/TR/xhtml1/DTD/xhtml1-transitional.dtd">
<html xmlns="http://www.w3.org/1999/xhtml" xml:lang="en" lang="en">
 <head>
  <title>
</title>
<meta http-equiv="Content-Type" content="text/html;charset=utf-8" />
  <meta name='ocr-system' content='tesseract 3.04.00' />
  <meta name='ocr-capabilities' content='ocr_page ocr_carea ocr_par ocr_line ocrx_word'/>
</head>
<body>
  <div class='ocr_page' id='page_1' title='image "./historiarumroman01livyuoft_0545.png"; bbox 0 0 1821 2928; ppageno 0'>
   <div class='ocr_carea' id='block_1_1' title="bbox 530 194 1446 236">
    <p class='ocr_par' dir='ltr' id='par_1_1' title="bbox 530 194 1446 236">
     <span class='ocr_line' id='line_1_1' title="bbox 530 194 1446 236; baseline -0.004 -2"><span class='ocrx_word' id='word_1_1' title='bbox 530 208 621 234; x_wconf 80' lang='lat' dir='ltr'>Liber</span> <span class='ocrx_word' id='word_1_2' title='bbox 638 207 694 233; x_wconf 79' lang='lat' dir='ltr'>IX.</span> <span class='ocrx_word' id='word_1_3' title='bbox 730 206 778 236; x_wconf 75' lang='lat' dir='ltr'>(A.</span> <span class='ocrx_word' id='word_1_4' title='bbox 799 205 849 232; x_wconf 77' lang='lat' dir='ltr'>ch.</span> <span class='ocrx_word' id='word_1_5' title='bbox 869 207 1026 234; x_wconf 74' lang='lat' dir='ltr'>:no—308.)</span> <span class='ocrx_word' id='word_1_6' title='bbox 1368 194 1446 232; x_wconf 87' lang='grc'>189</span> 
     </span>
    </p>
   </div>
   <div class='ocr_carea' id='block_1_2' title="bbox 34 320 1590 2706">
    <p class='ocr_par' dir='ltr' id='par_1_2' title="bbox 52 320 1546 980">
     <span class='ocr_line' id='line_1_2' title="bbox 68 320 1546 370; baseline -0.005 -5"><span class='ocrx_word' id='word_1_7' title='bbox 68 327 234 365; x_wconf 82' lang='lat' dir='ltr'>eandem</span> <span class='ocrx_word' id='word_1_8' title='bbox 264 325 463 363; x_wconf 84' lang='lat' dir='ltr'>fortunam</span> <span class='ocrx_word' id='word_1_9' title='bbox 494 323 730 360; x_wconf 82' lang='lat' dir='ltr'>habuerunt.</span> <span class='ocrx_word' id='word_1_10' title='bbox 790 321 922 359; x_wconf 86' lang='lat' dir='ltr'>Decio</span> <span class='ocrx_word' id='word_1_11' title='bbox 963 333 1139 370; x_wconf 88' lang='lat' dir='ltr'>quoque,</span> <span class='ocrx_word' id='word_1_12' title='bbox 1180 320 1297 357; x_wconf 85' lang='lat' dir='ltr'>alteri</span> <span class='ocrx_word' id='word_1_13' title='bbox 1336 320 1502 367; x_wconf 89' lang='lat' dir='ltr'>consuli,</span> <span class='ocrx_word' id='word_1_14' title='bbox 1523 320 1546 357; x_wconf 85' lang='lat'>5</span> 
     </span>
     <span class='ocr_line' id='line_1_3' title="bbox 52 389 1504 440; baseline -0.006 -6"><span class='ocrx_word' id='word_1_15' title='bbox 52 394 243 433; x_wconf 82' lang='lat' dir='ltr'>-secunda</span> <span class='ocrx_word' id='word_1_16' title='bbox 258 393 355 431; x_wconf 90' lang='lat' dir='ltr'>belli</span> <span class='ocrx_word' id='word_1_17' title='bbox 372 392 533 430; x_wconf 86' lang='lat' dir='ltr'>fortuna</span> <span class='ocrx_word' id='word_1_18' title='bbox 549 393 644 429; x_wconf 85' lang='lat' dir='ltr'>erat.</span> <span class='ocrx_word' id='word_1_19' title='bbox 705 389 1035 440; x_wconf 81' lang='lat' dir='ltr'>Tarquiniensem</span> <span class='ocrx_word' id='word_1_20' title='bbox 1059 392 1166 426; x_wconf 90' lang='lat' dir='ltr'>metu</span> <span class='ocrx_word' id='word_1_21' title='bbox 1189 389 1402 438; x_wconf 78' lang='lat' dir='ltr'>subegerat</span> <span class='ocrx_word' id='word_1_22' title='bbox 1424 389 1504 426; x_wconf 89' lang='lat' dir='ltr'>fru-</span> 
     </span>
     <span class='ocr_line' id='line_1_4' title="bbox 68 457 1505 510; baseline -0.006 -8"><span class='ocrx_word' id='word_1_23' title='bbox 68 466 246 502; x_wconf 78' lang='lat' dir='ltr'>mentum</span> <span class='ocrx_word' id='word_1_24' title='bbox 278 461 469 500; x_wconf 85' lang='lat' dir='ltr'>exercitui</span> <span class='ocrx_word' id='word_1_25' title='bbox 494 459 673 510; x_wconf 89' lang='lat' dir='ltr'>praebere</span> <span class='ocrx_word' id='word_1_26' title='bbox 700 462 820 508; x_wconf 87' lang='lat' dir='ltr'>atque</span> <span class='ocrx_word' id='word_1_27' title='bbox 842 458 1018 503; x_wconf 76' lang='lat' dir='ltr'>indutias</span> <span class='ocrx_word' id='word_1_28' title='bbox 1037 458 1077 495; x_wconf 87' lang='lat' dir='ltr'>in</span> <span class='ocrx_word' id='word_1_29' title='bbox 1095 457 1365 507; x_wconf 81' lang='lat' dir='ltr'>quadraginta-</span> <span class='ocrx_word' id='word_1_30' title='bbox 1381 470 1505 495; x_wconf 85' lang='lat' dir='ltr'>annos</span> 
     </span>
     <span class='ocr_line' id='line_1_5' title="bbox 70 525 1543 581; baseline -0.005 -11"><span class='ocrx_word' id='word_1_31' title='bbox 70 535 218 581; x_wconf 88' lang='lat' dir='ltr'>petere.</span> <span class='ocrx_word' id='word_1_32' title='bbox 278 528 601 569; x_wconf 83' lang='lat' dir='ltr'>Vulsiniensium</span> <span class='ocrx_word' id='word_1_33' title='bbox 627 528 791 565; x_wconf 83' lang='lat' dir='ltr'>castella</span> <span class='ocrx_word' id='word_1_34' title='bbox 807 527 963 576; x_wconf 84' lang='lat' dir='ltr'>aliquot</span> <span class='ocrx_word' id='word_1_35' title='bbox 978 527 1019 564; x_wconf 85' lang='lat' dir='ltr'>vi</span> <span class='ocrx_word' id='word_1_36' title='bbox 1035 527 1157 576; x_wconf 75' lang='lat' dir='ltr'>cepit3</span> <span class='ocrx_word' id='word_1_37' title='bbox 1189 525 1370 575; x_wconf 74' lang='lat' dir='ltr'>quaedam</span> <span class='ocrx_word' id='word_1_38' title='bbox 1388 539 1435 562; x_wconf 85' lang='lat' dir='ltr'>ex</span> <span class='ocrx_word' id='word_1_39' title='bbox 1450 525 1502 562; x_wconf 89' lang='lat' dir='ltr'>iis</span> <span class='ocrx_word' id='word_1_40' title='bbox 1520 527 1543 563; x_wconf 88' lang='lat'>6</span> 
     </span>
     <span class='ocr_line' id='line_1_6' title="bbox 71 594 1505 648; baseline -0.005 -11"><span class='ocrx_word' id='word_1_41' title='bbox 71 599 207 646; x_wconf 79' lang='lat' dir='ltr'>diruit,</span> <span class='ocrx_word' id='word_1_42' title='bbox 232 612 280 636; x_wconf 89' lang='lat' dir='ltr'>ne</span> <span class='ocrx_word' id='word_1_43' title='bbox 296 596 547 648; x_wconf 88' lang='lat' dir='ltr'>receptaculo</span> <span class='ocrx_word' id='word_1_44' title='bbox 565 596 746 634; x_wconf 82' lang='lat' dir='ltr'>hostibus</span> <span class='ocrx_word' id='word_1_45' title='bbox 763 599 910 641; x_wconf 86' lang='lat' dir='ltr'>essent;</span> <span class='ocrx_word' id='word_1_46' title='bbox 944 594 1340 643; x_wconf 84' lang='lat' dir='ltr'>circumferendoque</span> <span class='ocrx_word' id='word_1_47' title='bbox 1357 594 1505 644; x_wconf 83' lang='lat' dir='ltr'>passim</span> 
     </span>
     <span class='ocr_line' id='line_1_7' title="bbox 69 663 1505 711; baseline -0.005 -5"><span class='ocrx_word' id='word_1_48' title='bbox 69 668 177 706; x_wconf 90' lang='lat' dir='ltr'>bello</span> <span class='ocrx_word' id='word_1_49' title='bbox 208 670 365 705; x_wconf 90' lang='lat' dir='ltr'>tantum</span> <span class='ocrx_word' id='word_1_50' title='bbox 395 670 587 703; x_wconf 89' lang='lat' dir='ltr'>terrorem</span> <span class='ocrx_word' id='word_1_51' title='bbox 627 665 690 702; x_wconf 90' lang='lat' dir='ltr'>sui</span> <span class='ocrx_word' id='word_1_52' title='bbox 731 665 836 711; x_wconf 88' lang='lat' dir='ltr'>fecit,</span> <span class='ocrx_word' id='word_1_53' title='bbox 881 667 925 701; x_wconf 90' lang='lat' dir='ltr'>ut</span> <span class='ocrx_word' id='word_1_54' title='bbox 965 677 1108 701; x_wconf 90' lang='lat' dir='ltr'>nomen</span> <span class='ocrx_word' id='word_1_55' title='bbox 1147 676 1261 700; x_wconf 88' lang='lat' dir='ltr'>omne</span> <span class='ocrx_word' id='word_1_56' title='bbox 1291 663 1505 700; x_wconf 88' lang='lat' dir='ltr'>Etruscum</span> 
     </span>
     <span class='ocr_line' id='line_1_8' title="bbox 68 732 1546 784; baseline -0.005 -10"><span class='ocrx_word' id='word_1_57' title='bbox 68 736 197 774; x_wconf 83' lang='lat' dir='ltr'>foedus</span> <span class='ocrx_word' id='word_1_58' title='bbox 228 735 277 774; x_wconf 86' lang='lat' dir='ltr'>ab</span> <span class='ocrx_word' id='word_1_59' title='bbox 309 734 469 772; x_wconf 89' lang='lat' dir='ltr'>consule</span> <span class='ocrx_word' id='word_1_60' title='bbox 492 737 657 784; x_wconf 88' lang='lat' dir='ltr'>peteret.</span> <span class='ocrx_word' id='word_1_61' title='bbox 702 733 765 771; x_wconf 91' lang='lat' dir='ltr'>Ac</span> <span class='ocrx_word' id='word_1_62' title='bbox 788 733 836 770; x_wconf 89' lang='lat' dir='ltr'>de</span> <span class='ocrx_word' id='word_1_63' title='bbox 860 746 905 770; x_wconf 93' lang='lat' dir='ltr'>eo</span> <span class='ocrx_word' id='word_1_64' title='bbox 930 732 1092 782; x_wconf 87' lang='lat' dir='ltr'>quidem</span> <span class='ocrx_word' id='word_1_65' title='bbox 1108 732 1211 769; x_wconf 87' lang='lat' dir='ltr'>nihil</span> <span class='ocrx_word' id='word_1_66' title='bbox 1228 732 1504 782; x_wconf 66' lang='lat' dir='ltr'>impetratum,</span> <span class='ocrx_word' id='word_1_67' title='bbox 1523 732 1546 768; x_wconf 81' lang='grc'><strong>7</strong></span> 
     </span>
     <span class='ocr_line' id='line_1_9' title="bbox 69 799 1502 851; baseline -0.005 -8"><span class='ocrx_word' id='word_1_68' title='bbox 69 805 238 843; x_wconf 79' lang='lat' dir='ltr'>indutiae</span> <span class='ocrx_word' id='word_1_69' title='bbox 270 816 410 842; x_wconf 85' lang='lat' dir='ltr'>annuae</span> <span class='ocrx_word' id='word_1_70' title='bbox 442 802 555 840; x_wconf 82' lang='lat' dir='ltr'>datae.</span> <span class='ocrx_word' id='word_1_71' title='bbox 617 800 872 851; x_wconf 77' lang='lat' dir='ltr'>Stipendium</span> <span class='ocrx_word' id='word_1_72' title='bbox 904 801 1081 838; x_wconf 80' lang='lat' dir='ltr'>exercitu</span> <span class='ocrx_word' id='word_1_73' title='bbox 1097 801 1277 839; x_wconf 85' lang='lat' dir='ltr'>Romano</span> <span class='ocrx_word' id='word_1_74' title='bbox 1310 800 1358 837; x_wconf 82' lang='lat' dir='ltr'>ab</span> <span class='ocrx_word' id='word_1_75' title='bbox 1390 799 1502 837; x_wconf 91' lang='lat' dir='ltr'>hoste</span> 
     </span>
     <span class='ocr_line' id='line_1_10' title="bbox 69 870 1503 921; baseline -0.005 -9"><span class='ocrx_word' id='word_1_76' title='bbox 69 874 112 912; x_wconf 89' lang='lat' dir='ltr'>in</span> <span class='ocrx_word' id='word_1_77' title='bbox 142 887 230 911; x_wconf 89' lang='lat' dir='ltr'>eum</span> <span class='ocrx_word' id='word_1_78' title='bbox 261 886 407 911; x_wconf 90' lang='grc'><strong>3111111111</strong></span> <span class='ocrx_word' id='word_1_79' title='bbox 436 885 611 921; x_wconf 89' lang='lat' dir='ltr'>pensum,</span> <span class='ocrx_word' id='word_1_80' title='bbox 651 874 691 907; x_wconf 89' lang='lat' dir='ltr'>et</span> <span class='ocrx_word' id='word_1_81' title='bbox 727 870 832 907; x_wconf 85' lang='lat' dir='ltr'>binae</span> <span class='ocrx_word' id='word_1_82' title='bbox 872 870 1019 907; x_wconf 88' lang='lat' dir='ltr'>tunicae</span> <span class='ocrx_word' id='word_1_83' title='bbox 1061 870 1102 906; x_wconf 88' lang='lat' dir='ltr'>in</span> <span class='ocrx_word' id='word_1_84' title='bbox 1133 870 1303 907; x_wconf 88' lang='lat' dir='ltr'>militem</span> <span class='ocrx_word' id='word_1_85' title='bbox 1334 870 1503 913; x_wconf 79' lang='lat' dir='ltr'>exactae3</span> 
     </span>
     <span class='ocr_line' id='line_1_11' title="bbox 69 939 691 980; baseline -0.006 0"><span class='ocrx_word' id='word_1_86' title='bbox 69 956 116 980; x_wconf 88' lang='lat' dir='ltr'>ea</span> <span class='ocrx_word' id='word_1_87' title='bbox 145 954 295 979; x_wconf 83' lang='lat' dir='ltr'>merces</span> <span class='ocrx_word' id='word_1_88' title='bbox 326 940 574 978; x_wconf 69' lang='lat' dir='ltr'>indutiarum</span> <span class='ocrx_word' id='word_1_89' title='bbox 604 939 691 977; x_wconf 76' lang='lat' dir='ltr'>fuit,</span> 
     </span>
    </p>

    <p class='ocr_par' dir='ltr' id='par_1_3' title="bbox 34 1004 1590 2706">
     <span class='ocr_line' id='line_1_12' title="bbox 185 1004 1545 1058; baseline -0.003 -11"><span class='ocrx_word' id='word_1_90' title='bbox 185 1008 447 1058; x_wconf 81' lang='lat' dir='ltr'>Tranquillas</span> <span class='ocrx_word' id='word_1_91' title='bbox 477 1021 540 1045; x_wconf 89' lang='lat' dir='ltr'>res</span> <span class='ocrx_word' id='word_1_92' title='bbox 571 1007 650 1044; x_wconf 85' lang='lat' dir='ltr'>iam</span> <span class='ocrx_word' id='word_1_93' title='bbox 680 1005 727 1046; x_wconf 77' lang='lat' dir='ltr'>in</span> <span class='ocrx_word' id='word_1_94' title='bbox 760 1007 943 1044; x_wconf 77' lang='lat' dir='ltr'>Etruscis</span> <span class='ocrx_word' id='word_1_95' title='bbox 980 1006 1159 1044; x_wconf 83' lang='lat' dir='ltr'>turbavit</span> <span class='ocrx_word' id='word_1_96' title='bbox 1197 1005 1405 1056; x_wconf 83' lang='lat' dir='ltr'>repentina</span> <span class='ocrx_word' id='word_1_97' title='bbox 1436 1004 1502 1042; x_wconf 87' lang='lat' dir='ltr'>de·</span> <span class='ocrx_word' id='word_1_98' title='bbox 1520 1007 1545 1043; x_wconf 79' lang='lat'>8</span> 
     </span>
     <span class='ocr_line' id='line_1_13' title="bbox 71 1073 1506 1125; baseline -0.004 -8"><span class='ocrx_word' id='word_1_99' title='bbox 71 1078 189 1117; x_wconf 90' lang='lat' dir='ltr'>fectio</span> <span class='ocrx_word' id='word_1_100' title='bbox 222 1077 475 1117; x_wconf 82' lang='lat' dir='ltr'>Umbrorum,</span> <span class='ocrx_word' id='word_1_101' title='bbox 507 1076 638 1125; x_wconf 85' lang='lat' dir='ltr'>gentis</span> <span class='ocrx_word' id='word_1_102' title='bbox 669 1075 835 1125; x_wconf 85' lang='lat' dir='ltr'>iut-egrae</span> <span class='ocrx_word' id='word_1_103' title='bbox 867 1089 890 1112; x_wconf 86' lang='lat' dir='ltr'>a</span> <span class='ocrx_word' id='word_1_104' title='bbox 920 1075 1102 1112; x_wconf 87' lang='lat' dir='ltr'>cladibus</span> <span class='ocrx_word' id='word_1_105' title='bbox 1132 1075 1249 1121; x_wconf 90' lang='lat' dir='ltr'>belli,</span> <span class='ocrx_word' id='word_1_106' title='bbox 1286 1075 1367 1112; x_wconf 88' lang='lat' dir='ltr'>nisi</span> <span class='ocrx_word' id='word_1_107' title='bbox 1398 1073 1506 1123; x_wconf 88' lang='lat' dir='ltr'>quod</span> 
     </span>
     <span class='ocr_line' id='line_1_14' title="bbox 67 1143 1547 1194; baseline -0.004 -10"><span class='ocrx_word' id='word_1_108' title='bbox 67 1147 284 1184; x_wconf 82' lang='lat' dir='ltr'>transitum</span> <span class='ocrx_word' id='word_1_109' title='bbox 316 1145 513 1183; x_wconf 83' lang='lat' dir='ltr'>exercitus</span> <span class='ocrx_word' id='word_1_110' title='bbox 539 1158 635 1194; x_wconf 83' lang='lat' dir='ltr'>ager</span> <span class='ocrx_word' id='word_1_111' title='bbox 650 1148 836 1182; x_wconf 86' lang='lat' dir='ltr'>senserat.</span> <span class='ocrx_word' id='word_1_112' title='bbox 882 1144 931 1191; x_wconf 90' lang='lat' dir='ltr'>Ii,</span> <span class='ocrx_word' id='word_1_113' title='bbox 962 1144 1159 1181; x_wconf 79' lang='lat' dir='ltr'>concitata</span> <span class='ocrx_word' id='word_1_114' title='bbox 1177 1143 1284 1181; x_wconf 88' lang='lat' dir='ltr'>omni</span> <span class='ocrx_word' id='word_1_115' title='bbox 1301 1143 1506 1179; x_wconf 88' lang='lat' dir='ltr'>iuventute</span> <span class='ocrx_word' id='word_1_116' title='bbox 1525 1143 1547 1178; x_wconf 82' lang='lat'>9</span> 
     </span>
     <span class='ocr_line' id='line_1_15' title="bbox 71 1210 1507 1264; baseline -0.005 -11"><span class='ocrx_word' id='word_1_117' title='bbox 71 1229 162 1263; x_wconf 90' lang='lat' dir='ltr'>sua,</span> <span class='ocrx_word' id='word_1_118' title='bbox 203 1220 242 1253; x_wconf 88' lang='lat' dir='ltr'>et</span> <span class='ocrx_word' id='word_1_119' title='bbox 278 1228 424 1264; x_wconf 80' lang='lat' dir='ltr'>magna</span> <span class='ocrx_word' id='word_1_120' title='bbox 463 1217 577 1264; x_wconf 88' lang='lat' dir='ltr'>parte</span> <span class='ocrx_word' id='word_1_121' title='bbox 607 1213 867 1251; x_wconf 86' lang='lat' dir='ltr'>Etruscorum</span> <span class='ocrx_word' id='word_1_122' title='bbox 907 1213 958 1250; x_wconf 84' lang='lat' dir='ltr'>ad</span> <span class='ocrx_word' id='word_1_123' title='bbox 994 1212 1255 1250; x_wconf 85' lang='lat' dir='ltr'>rebellionem</span> <span class='ocrx_word' id='word_1_124' title='bbox 1293 1210 1507 1260; x_wconf 82' lang='lat' dir='ltr'>compulsa,</span> 
     </span>
     <span class='ocr_line' id='line_1_16' title="bbox 69 1278 1507 1331; baseline -0.004 -10"><span class='ocrx_word' id='word_1_125' title='bbox 69 1288 225 1322; x_wconf 85' lang='lat' dir='ltr'>tantum</span> <span class='ocrx_word' id='word_1_126' title='bbox 257 1283 472 1321; x_wconf 86' lang='lat' dir='ltr'>exercitum</span> <span class='ocrx_word' id='word_1_127' title='bbox 503 1283 690 1329; x_wconf 78' lang='lat' dir='ltr'>fecerant,</span> <span class='ocrx_word' id='word_1_128' title='bbox 721 1287 765 1319; x_wconf 83' lang='lat' dir='ltr'>ut</span> <span class='ocrx_word' id='word_1_129' title='bbox 795 1281 934 1320; x_wconf 84' lang='lat' dir='ltr'>relicto</span> <span class='ocrx_word' id='word_1_130' title='bbox 965 1285 1055 1331; x_wconf 90' lang='lat' dir='ltr'>post</span> <span class='ocrx_word' id='word_1_131' title='bbox 1080 1294 1119 1318; x_wconf 91' lang='lat' dir='ltr'>se</span> <span class='ocrx_word' id='word_1_132' title='bbox 1137 1281 1178 1318; x_wconf 88' lang='lat' dir='ltr'>in</span> <span class='ocrx_word' id='word_1_133' title='bbox 1196 1280 1363 1318; x_wconf 75' lang='lat' dir='ltr'>Etruria</span> <span class='ocrx_word' id='word_1_134' title='bbox 1378 1278 1507 1316; x_wconf 88' lang='lat' dir='ltr'>Decio</span> 
     </span>
     <span class='ocr_line' id='line_1_17' title="bbox 34 1348 1506 1402; baseline -0.003 -12"><span class='ocrx_word' id='word_1_135' title='bbox 34 1359 38 1362; x_wconf 90' lang='lat'>&#39;</span> <span class='ocrx_word' id='word_1_136' title='bbox 71 1352 124 1390; x_wconf 83' lang='lat' dir='ltr'>ad</span> <span class='ocrx_word' id='word_1_137' title='bbox 155 1351 462 1402; x_wconf 80' lang='lat' dir='ltr'>oppugnandam</span> <span class='ocrx_word' id='word_1_138' title='bbox 506 1351 598 1388; x_wconf 88' lang='lat' dir='ltr'>inde</span> <span class='ocrx_word' id='word_1_139' title='bbox 629 1350 798 1387; x_wconf 84' lang='lat' dir='ltr'>Romam</span> <span class='ocrx_word' id='word_1_140' title='bbox 844 1350 986 1396; x_wconf 86' lang='lat' dir='ltr'>ituros,</span> <span class='ocrx_word' id='word_1_141' title='bbox 1033 1348 1245 1398; x_wconf 83' lang='lat' dir='ltr'>magnifice</span> <span class='ocrx_word' id='word_1_142' title='bbox 1291 1348 1340 1386; x_wconf 86' lang='lat' dir='ltr'>de</span> <span class='ocrx_word' id='word_1_143' title='bbox 1384 1361 1424 1385; x_wconf 88' lang='lat' dir='ltr'>se</span> <span class='ocrx_word' id='word_1_144' title='bbox 1463 1359 1506 1384; x_wconf 80' lang='lat' dir='ltr'>ac</span> 
     </span>
     <span class='ocr_line' id='line_1_18' title="bbox 73 1417 1577 1470; baseline -0.003 -12"><span class='ocrx_word' id='word_1_145' title='bbox 73 1420 333 1470; x_wconf 76' lang='lat' dir='ltr'>contemptim</span> <span class='ocrx_word' id='word_1_146' title='bbox 363 1420 413 1458; x_wconf 89' lang='lat' dir='ltr'>de</span> <span class='ocrx_word' id='word_1_147' title='bbox 443 1420 634 1457; x_wconf 83' lang='lat' dir='ltr'>Romanis</span> <span class='ocrx_word' id='word_1_148' title='bbox 650 1420 871 1468; x_wconf 87' lang='lat' dir='ltr'>loquentes,</span> <span class='ocrx_word' id='word_1_149' title='bbox 902 1418 1107 1456; x_wconf 83' lang='lat' dir='ltr'>iactarent.</span> <span class='ocrx_word' id='word_1_150' title='bbox 1168 1418 1286 1465; x_wconf 75' lang='lat' dir='ltr'>Quod</span> <span class='ocrx_word' id='word_1_151' title='bbox 1303 1418 1506 1466; x_wconf 86' lang='lat' dir='ltr'>inceptum</span> <span class='ocrx_word' id='word_1_152' title='bbox 1527 1417 1577 1454; x_wconf 84' lang='lat'>10</span> 
     </span>
     <span class='ocr_line' id='line_1_19' title="bbox 73 1486 1510 1537; baseline -0.003 -10"><span class='ocrx_word' id='word_1_153' title='bbox 73 1502 211 1526; x_wconf 89' lang='lat' dir='ltr'>eorum</span> <span class='ocrx_word' id='word_1_154' title='bbox 241 1489 312 1526; x_wconf 88' lang='lat' dir='ltr'>ubi</span> <span class='ocrx_word' id='word_1_155' title='bbox 344 1488 395 1526; x_wconf 84' lang='lat' dir='ltr'>ad</span> <span class='ocrx_word' id='word_1_156' title='bbox 426 1489 598 1526; x_wconf 84' lang='lat' dir='ltr'>Decium</span> <span class='ocrx_word' id='word_1_157' title='bbox 630 1487 830 1525; x_wconf 90' lang='lat' dir='ltr'>consulem</span> <span class='ocrx_word' id='word_1_158' title='bbox 860 1487 1058 1537; x_wconf 84' lang='lat' dir='ltr'>perlatum</span> <span class='ocrx_word' id='word_1_159' title='bbox 1090 1491 1166 1533; x_wconf 87' lang='lat' dir='ltr'>est,</span> <span class='ocrx_word' id='word_1_160' title='bbox 1204 1486 1255 1524; x_wconf 84' lang='lat' dir='ltr'>ad</span> <span class='ocrx_word' id='word_1_161' title='bbox 1291 1487 1431 1523; x_wconf 87' lang='lat' dir='ltr'>urbem</span> <span class='ocrx_word' id='word_1_162' title='bbox 1462 1497 1510 1522; x_wconf 84' lang='lat' dir='ltr'>ex</span> 
     </span>
     <span class='ocr_line' id='line_1_20' title="bbox 74 1552 1510 1606; baseline -0.003 -11"><span class='ocrx_word' id='word_1_163' title='bbox 74 1557 241 1595; x_wconf 82' lang='lat' dir='ltr'>Etruria</span> <span class='ocrx_word' id='word_1_164' title='bbox 278 1557 432 1606; x_wconf 82' lang='lat' dir='ltr'>magnis</span> <span class='ocrx_word' id='word_1_165' title='bbox 479 1557 694 1594; x_wconf 78' lang='lat' dir='ltr'>itineribus</span> <span class='ocrx_word' id='word_1_166' title='bbox 732 1556 869 1606; x_wconf 83' lang='lat' dir='ltr'>pergit</span> <span class='ocrx_word' id='word_1_167' title='bbox 907 1560 945 1593; x_wconf 88' lang='lat' dir='ltr'>et</span> <span class='ocrx_word' id='word_1_168' title='bbox 983 1556 1023 1592; x_wconf 92' lang='lat' dir='ltr'>in</span> <span class='ocrx_word' id='word_1_169' title='bbox 1061 1569 1156 1604; x_wconf 80' lang='lat' dir='ltr'>agro</span> <span class='ocrx_word' id='word_1_170' title='bbox 1188 1553 1429 1604; x_wconf 88' lang='lat' dir='ltr'>Pupiniensi</span> <span class='ocrx_word' id='word_1_171' title='bbox 1459 1552 1510 1590; x_wconf 85' lang='lat' dir='ltr'>ad</span> 
     </span>
     <span class='ocr_line' id='line_1_21' title="bbox 74 1623 1578 1673; baseline -0.001 -11"><span class='ocrx_word' id='word_1_172' title='bbox 74 1626 219 1664; x_wconf 85' lang='lat' dir='ltr'>famam</span> <span class='ocrx_word' id='word_1_173' title='bbox 264 1625 440 1663; x_wconf 80' lang='lat' dir='ltr'>intentus</span> <span class='ocrx_word' id='word_1_174' title='bbox 472 1626 645 1663; x_wconf 86' lang='lat' dir='ltr'>hostium</span> <span class='ocrx_word' id='word_1_175' title='bbox 682 1625 875 1663; x_wconf 85' lang='lat' dir='ltr'>consedit.</span> <span class='ocrx_word' id='word_1_176' title='bbox 951 1624 1034 1662; x_wconf 80' lang='lat' dir='ltr'>Nee</span> <span class='ocrx_word' id='word_1_177' title='bbox 1071 1624 1209 1662; x_wconf 83' lang='lat' dir='ltr'>Romae</span> <span class='ocrx_word' id='word_1_178' title='bbox 1249 1623 1511 1673; x_wconf 84' lang='lat' dir='ltr'>spernebatur</span> <span class='ocrx_word' id='word_1_179' title='bbox 1532 1623 1578 1660; x_wconf 89' lang='grc'>11</span> 
     </span>
     <span class='ocr_line' id='line_1_22' title="bbox 77 1689 1511 1743; baseline -0.003 -11"><span class='ocrx_word' id='word_1_180' title='bbox 77 1694 321 1732; x_wconf 88' lang='lat' dir='ltr'>Umbrorum</span> <span class='ocrx_word' id='word_1_181' title='bbox 353 1693 516 1740; x_wconf 86' lang='lat' dir='ltr'>bellum,</span> <span class='ocrx_word' id='word_1_182' title='bbox 563 1698 601 1731; x_wconf 89' lang='lat' dir='ltr'>et</span> <span class='ocrx_word' id='word_1_183' title='bbox 640 1694 738 1743; x_wconf 84' lang='lat' dir='ltr'>ipsae</span> <span class='ocrx_word' id='word_1_184' title='bbox 777 1694 896 1731; x_wconf 86' lang='lat' dir='ltr'>minae</span> <span class='ocrx_word' id='word_1_185' title='bbox 940 1697 1087 1730; x_wconf 90' lang='lat' dir='ltr'>metum</span> <span class='ocrx_word' id='word_1_186' title='bbox 1126 1692 1303 1730; x_wconf 79' lang='lat' dir='ltr'>fecerant</span> <span class='ocrx_word' id='word_1_187' title='bbox 1334 1689 1511 1741; x_wconf 84' lang='lat' dir='ltr'>expertis</span> 
     </span>
     <span class='ocr_line' id='line_1_23' title="bbox 75 1758 1581 1813; baseline -0.002 -13"><span class='ocrx_word' id='word_1_188' title='bbox 75 1761 238 1801; x_wconf 82' lang='lat' dir='ltr'>Gallica</span> <span class='ocrx_word' id='word_1_189' title='bbox 268 1761 392 1809; x_wconf 83' lang='lat' dir='ltr'>clade,</span> <span class='ocrx_word' id='word_1_190' title='bbox 423 1776 541 1813; x_wconf 84' lang='lat' dir='ltr'>quam</span> <span class='ocrx_word' id='word_1_191' title='bbox 573 1763 744 1800; x_wconf 77' lang='lat' dir='ltr'>intutam</span> <span class='ocrx_word' id='word_1_192' title='bbox 774 1762 914 1800; x_wconf 90' lang='lat' dir='ltr'>urbem</span> <span class='ocrx_word' id='word_1_193' title='bbox 944 1762 1175 1799; x_wconf 86' lang='lat' dir='ltr'>incolerent.</span> <span class='ocrx_word' id='word_1_194' title='bbox 1220 1761 1364 1810; x_wconf 82' lang='lat' dir='ltr'>Itaque</span> <span class='ocrx_word' id='word_1_195' title='bbox 1386 1758 1511 1808; x_wconf 76' lang='lat' dir='ltr'>legati</span> <span class='ocrx_word' id='word_1_196' title='bbox 1533 1761 1581 1797; x_wconf 80' lang='lat'>12</span> 
     </span>
     <span class='ocr_line' id='line_1_24' title="bbox 74 1827 1514 1880; baseline -0.003 -11"><span class='ocrx_word' id='word_1_197' title='bbox 74 1832 128 1870; x_wconf 84' lang='lat' dir='ltr'>ad</span> <span class='ocrx_word' id='word_1_198' title='bbox 159 1831 331 1870; x_wconf 80' lang='lat' dir='ltr'>Fabium</span> <span class='ocrx_word' id='word_1_199' title='bbox 363 1831 564 1869; x_wconf 89' lang='lat' dir='ltr'>consulem</span> <span class='ocrx_word' id='word_1_200' title='bbox 593 1831 705 1868; x_wconf 83' lang='lat' dir='ltr'>missi</span> <span class='ocrx_word' id='word_1_201' title='bbox 736 1834 837 1877; x_wconf 88' lang='lat' dir='ltr'>sunt,</span> <span class='ocrx_word' id='word_1_202' title='bbox 869 1834 925 1878; x_wconf 91' lang='lat' dir='ltr'>ut,</span> <span class='ocrx_word' id='word_1_203' title='bbox 956 1830 990 1868; x_wconf 91' lang='lat' dir='ltr'>si</span> <span class='ocrx_word' id='word_1_204' title='bbox 1014 1830 1112 1880; x_wconf 89' lang='lat' dir='ltr'>quid</span> <span class='ocrx_word' id='word_1_205' title='bbox 1136 1829 1352 1867; x_wconf 85' lang='lat' dir='ltr'>laxamenti</span> <span class='ocrx_word' id='word_1_206' title='bbox 1370 1827 1514 1864; x_wconf 82' lang='lat' dir='ltr'>abeno</span> 
     </span>
     <span class='ocr_line' id='line_1_25' title="bbox 78 1896 1515 1948; baseline -0.005 -10"><span class='ocrx_word' id='word_1_207' title='bbox 78 1899 319 1938; x_wconf 85' lang='lat' dir='ltr'>Samnitium</span> <span class='ocrx_word' id='word_1_208' title='bbox 365 1903 476 1946; x_wconf 86' lang='lat' dir='ltr'>esset,</span> <span class='ocrx_word' id='word_1_209' title='bbox 523 1899 563 1936; x_wconf 92' lang='lat' dir='ltr'>in</span> <span class='ocrx_word' id='word_1_210' title='bbox 610 1899 823 1937; x_wconf 87' lang='lat' dir='ltr'>Umbriam</span> <span class='ocrx_word' id='word_1_211' title='bbox 869 1912 1038 1948; x_wconf 88' lang='lat' dir='ltr'>propere</span> <span class='ocrx_word' id='word_1_212' title='bbox 1083 1898 1298 1936; x_wconf 83' lang='lat' dir='ltr'>exercitum</span> <span class='ocrx_word' id='word_1_213' title='bbox 1343 1896 1515 1933; x_wconf 87' lang='lat' dir='ltr'>duceret.</span> 
     </span>
     <span class='ocr_line' id='line_1_26' title="bbox 78 1963 1583 2022; baseline -0.002 -17"><span class='ocrx_word' id='word_1_214' title='bbox 78 1968 201 2006; x_wconf 89' lang='lat' dir='ltr'>Dicto</span> <span class='ocrx_word' id='word_1_215' title='bbox 232 1968 370 2018; x_wconf 80' lang='lat' dir='ltr'>paruit</span> <span class='ocrx_word' id='word_1_216' title='bbox 401 1968 537 2005; x_wconf 85' lang='lat' dir='ltr'>consul</span> <span class='ocrx_word' id='word_1_217' title='bbox 567 1968 802 2017; x_wconf 81' lang='lat' dir='ltr'>magnisque</span> <span class='ocrx_word' id='word_1_218' title='bbox 832 1967 1046 2005; x_wconf 83' lang='lat' dir='ltr'>itineribus</span> <span class='ocrx_word' id='word_1_219' title='bbox 1077 1966 1128 2004; x_wconf 83' lang='lat' dir='ltr'>ad</span> <span class='ocrx_word' id='word_1_220' title='bbox 1158 1965 1404 2022; x_wconf 62' lang='lat' dir='ltr'>Mevaniam,</span> <span class='ocrx_word' id='word_1_221' title='bbox 1442 1963 1512 2001; x_wconf 88' lang='lat' dir='ltr'>ubi</span> <span class='ocrx_word' id='word_1_222' title='bbox 1533 1965 1583 2002; x_wconf 86' lang='lat'>13</span> 
     </span>
     <span class='ocr_line' id='line_1_27' title="bbox 77 2034 1588 2087; baseline -0.003 -13"><span class='ocrx_word' id='word_1_223' title='bbox 77 2040 163 2074; x_wconf 88' lang='lat' dir='ltr'>tum</span> <span class='ocrx_word' id='word_1_224' title='bbox 195 2037 318 2087; x_wconf 85' lang='lat' dir='ltr'>copiae</span> <span class='ocrx_word' id='word_1_225' title='bbox 349 2035 594 2074; x_wconf 87' lang='lat' dir='ltr'>Umbrorum</span> <span class='ocrx_word' id='word_1_226' title='bbox 627 2041 750 2082; x_wconf 81' lang='lat' dir='ltr'>erant,</span> <span class='ocrx_word' id='word_1_227' title='bbox 781 2036 968 2085; x_wconf 85' lang='lat' dir='ltr'>perrexit.</span> <span class='ocrx_word' id='word_1_228' title='bbox 1021 2035 1181 2084; x_wconf 86' lang='lat' dir='ltr'>Repens</span> <span class='ocrx_word' id='word_1_229' title='bbox 1206 2034 1400 2072; x_wconf 85' lang='lat' dir='ltr'>adventus</span> <span class='ocrx_word' id='word_1_230' title='bbox 1425 2034 1588 2071; x_wconf 82' lang='lat' dir='ltr'>con-14</span> 
     </span>
     <span class='ocr_line' id='line_1_28' title="bbox 79 2102 1517 2156; baseline -0.003 -13"><span class='ocrx_word' id='word_1_231' title='bbox 79 2106 188 2150; x_wconf 78' lang='lat' dir='ltr'>suhs,</span> <span class='ocrx_word' id='word_1_232' title='bbox 221 2118 337 2155; x_wconf 87' lang='lat' dir='ltr'>quem</span> <span class='ocrx_word' id='word_1_233' title='bbox 367 2105 506 2156; x_wconf 89' lang='lat' dir='ltr'>procul</span> <span class='ocrx_word' id='word_1_234' title='bbox 538 2104 709 2142; x_wconf 85' lang='lat' dir='ltr'>Umbria</span> <span class='ocrx_word' id='word_1_235' title='bbox 747 2104 787 2141; x_wconf 89' lang='lat' dir='ltr'>in</span> <span class='ocrx_word' id='word_1_236' title='bbox 820 2102 984 2141; x_wconf 85' lang='lat' dir='ltr'>Samnio</span> <span class='ocrx_word' id='word_1_237' title='bbox 1023 2103 1130 2140; x_wconf 92' lang='lat' dir='ltr'>bello</span> <span class='ocrx_word' id='word_1_238' title='bbox 1170 2103 1250 2141; x_wconf 87' lang='lat' dir='ltr'>alio</span> <span class='ocrx_word' id='word_1_239' title='bbox 1281 2105 1517 2152; x_wconf 85' lang='lat' dir='ltr'>occupatum</span> 
     </span>
     <span class='ocr_line' id='line_1_29' title="bbox 80 2171 1517 2221; baseline -0.003 -9"><span class='ocrx_word' id='word_1_240' title='bbox 80 2174 347 2221; x_wconf 84' lang='lat' dir='ltr'>crediderant,</span> <span class='ocrx_word' id='word_1_241' title='bbox 379 2174 435 2211; x_wconf 79' lang='lat' dir='ltr'>ita</span> <span class='ocrx_word' id='word_1_242' title='bbox 466 2173 661 2211; x_wconf 79' lang='lat' dir='ltr'>exterruit</span> <span class='ocrx_word' id='word_1_243' title='bbox 675 2172 862 2211; x_wconf 73' lang='lat' dir='ltr'>Umbros.</span> <span class='ocrx_word' id='word_1_244' title='bbox 895 2176 939 2209; x_wconf 88' lang='lat' dir='ltr'>ut</span> <span class='ocrx_word' id='word_1_245' title='bbox 963 2172 1036 2210; x_wconf 86' lang='lat' dir='ltr'>alii</span> <span class='ocrx_word' id='word_1_246' title='bbox 1053 2171 1318 2210; x_wconf 86' lang='lat' dir='ltr'>recedendum</span> <span class='ocrx_word' id='word_1_247' title='bbox 1335 2171 1384 2208; x_wconf 83' lang='lat' dir='ltr'>ad</span> <span class='ocrx_word' id='word_1_248' title='bbox 1400 2172 1517 2208; x_wconf 84' lang='lat' dir='ltr'>urbes</span> 
     </span>
     <span class='ocr_line' id='line_1_30' title="bbox 80 2239 1588 2293; baseline -0.003 -12"><span class='ocrx_word' id='word_1_249' title='bbox 80 2243 267 2290; x_wconf 82' lang='lat' dir='ltr'>munitas,</span> <span class='ocrx_word' id='word_1_250' title='bbox 312 2242 475 2293; x_wconf 81' lang='lat' dir='ltr'>quidam</span> <span class='ocrx_word' id='word_1_251' title='bbox 521 2241 785 2279; x_wconf 79' lang='lat' dir='ltr'>omittendum</span> <span class='ocrx_word' id='word_1_252' title='bbox 831 2241 980 2278; x_wconf 90' lang='lat' dir='ltr'>bellum</span> <span class='ocrx_word' id='word_1_253' title='bbox 1019 2244 1246 2286; x_wconf 88' lang='lat' dir='ltr'>censerent;</span> <span class='ocrx_word' id='word_1_254' title='bbox 1290 2241 1410 2291; x_wconf 75' lang='lat' dir='ltr'>plaga</span> <span class='ocrx_word' id='word_1_255' title='bbox 1439 2252 1516 2276; x_wconf 84' lang='lat' dir='ltr'>una</span> <span class='ocrx_word' id='word_1_256' title='bbox 1538 2239 1588 2275; x_wconf 83' lang='lat'>15</span> 
     </span>
     <span class='ocr_line' id='line_1_31' title="bbox 81 2308 1518 2362; baseline -0.002 -14"><span class='ocrx_word' id='word_1_257' title='bbox 81 2311 339 2360; x_wconf 85' lang='lat' dir='ltr'>(Materinam</span> <span class='ocrx_word' id='word_1_258' title='bbox 355 2311 435 2362; x_wconf 86' lang='lat' dir='ltr'>ipsi</span> <span class='ocrx_word' id='word_1_259' title='bbox 458 2310 679 2361; x_wconf 85' lang='lat' dir='ltr'>appellant)</span> <span class='ocrx_word' id='word_1_260' title='bbox 698 2323 775 2347; x_wconf 86' lang='grc'><strong>11011</strong></span> <span class='ocrx_word' id='word_1_261' title='bbox 794 2310 994 2348; x_wconf 85' lang='lat' dir='ltr'>continuit</span> <span class='ocrx_word' id='word_1_262' title='bbox 1017 2310 1134 2347; x_wconf 89' lang='lat' dir='ltr'>modo</span> <span class='ocrx_word' id='word_1_263' title='bbox 1151 2313 1304 2347; x_wconf 85' lang='lat' dir='ltr'>ceteros</span> <span class='ocrx_word' id='word_1_264' title='bbox 1328 2309 1369 2346; x_wconf 92' lang='lat' dir='ltr'>in</span> <span class='ocrx_word' id='word_1_265' title='bbox 1386 2308 1518 2354; x_wconf 87' lang='lat' dir='ltr'>armis,</span> 
     </span>
     <span class='ocr_line' id='line_1_32' title="bbox 81 2377 1521 2428; baseline -0.004 -9"><span class='ocrx_word' id='word_1_266' title='bbox 81 2380 153 2419; x_wconf 84' lang='lat' dir='ltr'>sed</span> <span class='ocrx_word' id='word_1_267' title='bbox 184 2380 391 2418; x_wconf 88' lang='lat' dir='ltr'>confestim</span> <span class='ocrx_word' id='word_1_268' title='bbox 431 2380 481 2417; x_wconf 84' lang='lat' dir='ltr'>ad</span> <span class='ocrx_word' id='word_1_269' title='bbox 519 2383 718 2417; x_wconf 84' lang='lat' dir='ltr'>certamen</span> <span class='ocrx_word' id='word_1_270' title='bbox 749 2379 843 2428; x_wconf 85' lang='lat' dir='ltr'>egit.</span> <span class='ocrx_word' id='word_1_271' title='bbox 916 2378 1057 2416; x_wconf 79' lang='lat' dir='ltr'>Castra</span> <span class='ocrx_word' id='word_1_272' title='bbox 1094 2378 1309 2416; x_wconf 80' lang='lat' dir='ltr'>vallantem</span> <span class='ocrx_word' id='word_1_273' title='bbox 1348 2377 1521 2415; x_wconf 86' lang='lat' dir='ltr'>Fabium</span> 
     </span>
     <span class='ocr_line' id='line_1_33' title="bbox 82 2445 1590 2496; baseline -0.004 -9"><span class='ocrx_word' id='word_1_274' title='bbox 82 2449 218 2488; x_wconf 81' lang='lat' dir='ltr'>adorti</span> <span class='ocrx_word' id='word_1_275' title='bbox 249 2453 353 2487; x_wconf 86' lang='lat' dir='ltr'>sunt.</span> <span class='ocrx_word' id='word_1_276' title='bbox 428 2449 537 2496; x_wconf 79' lang='lat' dir='ltr'>Quos</span> <span class='ocrx_word' id='word_1_277' title='bbox 581 2448 651 2485; x_wconf 88' lang='lat' dir='ltr'>ubi</span> <span class='ocrx_word' id='word_1_278' title='bbox 675 2447 831 2486; x_wconf 61' lang='lat' dir='ltr'>&gt;effusos</span> <span class='ocrx_word' id='word_1_279' title='bbox 868 2461 983 2485; x_wconf 89' lang='lat' dir='ltr'>ruere</span> <span class='ocrx_word' id='word_1_280' title='bbox 1022 2447 1064 2484; x_wconf 89' lang='lat' dir='ltr'>in</span> <span class='ocrx_word' id='word_1_281' title='bbox 1104 2447 1351 2484; x_wconf 81' lang='lat' dir='ltr'>munimenta</span> <span class='ocrx_word' id='word_1_282' title='bbox 1383 2446 1518 2483; x_wconf 88' lang='lat' dir='ltr'>consul</span> <span class='ocrx_word' id='word_1_283' title='bbox 1542 2445 1590 2481; x_wconf 86' lang='grc'>16</span> 
     </span>
     <span class='ocr_line' id='line_1_34' title="bbox 83 2516 1523 2567; baseline -0.004 -11"><span class='ocrx_word' id='word_1_284' title='bbox 83 2518 200 2566; x_wconf 86' lang='lat' dir='ltr'>vidit,</span> <span class='ocrx_word' id='word_1_285' title='bbox 230 2521 438 2556; x_wconf 85' lang='lat' dir='ltr'>revocatos</span> <span class='ocrx_word' id='word_1_286' title='bbox 468 2517 615 2554; x_wconf 83' lang='lat' dir='ltr'>milites</span> <span class='ocrx_word' id='word_1_287' title='bbox 646 2516 696 2554; x_wconf 85' lang='lat' dir='ltr'>ab</span> <span class='ocrx_word' id='word_1_288' title='bbox 725 2529 853 2566; x_wconf 90' lang='lat' dir='ltr'>opere,</span> <span class='ocrx_word' id='word_1_289' title='bbox 883 2520 1002 2567; x_wconf 91' lang='lat' dir='ltr'>prout</span> <span class='ocrx_word' id='word_1_290' title='bbox 1028 2516 1107 2554; x_wconf 91' lang='lat' dir='ltr'>loci</span> <span class='ocrx_word' id='word_1_291' title='bbox 1125 2519 1267 2553; x_wconf 82' lang='lat' dir='ltr'>natura</span> <span class='ocrx_word' id='word_1_292' title='bbox 1289 2519 1523 2564; x_wconf 86' lang='lat' dir='ltr'>tempusque</span> 
     </span>
     <span class='ocr_line' id='line_1_35' title="bbox 84 2583 1523 2637; baseline -0.004 -12"><span class='ocrx_word' id='word_1_293' title='bbox 84 2587 327 2637; x_wconf 79' lang='lat' dir='ltr'>patiebatur,</span> <span class='ocrx_word' id='word_1_294' title='bbox 366 2586 422 2624; x_wconf 85' lang='lat' dir='ltr'>ita</span> <span class='ocrx_word' id='word_1_295' title='bbox 452 2586 656 2631; x_wconf 77' lang='lat' dir='ltr'>instruxit3</span> <span class='ocrx_word' id='word_1_296' title='bbox 690 2585 997 2635; x_wconf 83' lang='lat' dir='ltr'>cohortatusque</span> <span class='ocrx_word' id='word_1_297' title='bbox 1019 2583 1304 2635; x_wconf 72' lang='lat' dir='ltr'>praedicatione</span> <span class='ocrx_word' id='word_1_298' title='bbox 1319 2596 1414 2620; x_wconf 79' lang='lat' dir='ltr'>vera</span> <span class='ocrx_word' id='word_1_299' title='bbox 1444 2595 1523 2631; x_wconf 86' lang='lat' dir='ltr'>qua</span> 
     </span>
     <span class='ocr_line' id='line_1_36' title="bbox 85 2652 1523 2706; baseline -0.004 -13"><span class='ocrx_word' id='word_1_300' title='bbox 85 2656 129 2693; x_wconf 90' lang='lat' dir='ltr'>in</span> <span class='ocrx_word' id='word_1_301' title='bbox 160 2655 316 2702; x_wconf 81' lang='lat' dir='ltr'>Tuscis,</span> <span class='ocrx_word' id='word_1_302' title='bbox 347 2669 425 2706; x_wconf 90' lang='lat' dir='ltr'>qua</span> <span class='ocrx_word' id='word_1_303' title='bbox 455 2655 496 2692; x_wconf 91' lang='lat' dir='ltr'>in</span> <span class='ocrx_word' id='word_1_304' title='bbox 513 2652 675 2692; x_wconf 85' lang='lat' dir='ltr'>Samnio</span> <span class='ocrx_word' id='word_1_305' title='bbox 706 2657 911 2704; x_wconf 84' lang='lat' dir='ltr'>partorum</span> <span class='ocrx_word' id='word_1_306' title='bbox 943 2653 1141 2699; x_wconf 84' lang='lat' dir='ltr'>decorum,</span> <span class='ocrx_word' id='word_1_307' title='bbox 1174 2652 1360 2701; x_wconf 81' lang='lat' dir='ltr'>exiguam</span> <span class='ocrx_word' id='word_1_308' title='bbox 1378 2664 1523 2701; x_wconf 80' lang='lat' dir='ltr'>appen-</span> 
     </span>
    </p>
   </div>
  </div>
 </body>
</html>
