1821 2928
271 110 351 147 254
653 106 766 140 Liber
791 105 858 140 IV.
909 107 968 149 (A.
997 118 1030 140 u.
1059 118 1087 142 c.
1113 106 1321 147 348-350.)

235 235 525 273 7collationen1
565 234 777 273 faciebant.
840 234 974 281 Quum
1012 236 1171 270 senatus
1208 245 1359 270 summa
1397 232 1475 270 fide
1506 246 1555 270 ex
1585 246 1704 271 censu

273 307 517 352 contulisset,
549 306 743 355 primores
760 305 902 355 plebis,
936 305 1131 342 nobilium
1157 304 1287 351 amici,
1313 318 1361 342 ex
1379 305 1598 355 composito
1615 317 1704 343 con-

233 378 377 414 8serre
424 378 631 427 incipiunt.
692 376 800 423 Quos
840 390 959 427 quum
999 379 1037 413 et
1074 390 1097 413 a
1135 376 1317 425 patribus
1357 376 1577 414 collaudari
1615 379 1654 414 et
1683 389 1706 414 a

275 449 444 487 militari
476 452 592 486 aetate
622 452 811 499 tanquam
843 449 968 486 bonos
1000 448 1105 486 cives
1137 447 1312 497 conspici
1336 447 1480 497 vulgus
1502 447 1706 486 hominum

273 521 442 567 videret,
473 524 650 570 repente,
675 523 809 570 spreto
835 520 1054 558 tribunicio
1072 519 1236 565 auxilio,
1261 522 1460 558 certamen
1478 519 1708 558 conferendi

236 594 257 628 9
278 595 334 630 est
381 596 521 630 ortum.
582 592 637 629 Et
682 593 770 640 lege
811 593 967 641 perlata
998 591 1046 628 de
1077 591 1288 629 indicendo
1320 590 1559 629 Veientibus
1589 591 1709 638 bello,

275 664 491 701 exercitum
535 677 677 713 magna
708 678 755 701 ex
786 667 898 713 parte
929 664 1199 701 voluntarium
1231 662 1323 701 novi
1353 663 1507 700 tribuni
1536 662 1707 700 militum

277 736 479 773 consulari
510 739 709 786 potestate
743 735 865 773 Veios
897 735 1057 774 duxere.

143 801 190 848 61
392 807 521 844 Fuere
553 810 680 845 autem
713 807 865 844 tribuni
896 807 943 846 T.
962 806 1178 854 Quinctius
1197 805 1462 855 Capitolinus,
1495 804 1542 851 Q.
1561 804 1708 852 Quinc-

73 867 179 931 ’ὲζῑξζζ
199 869 257 931 ζ’ἓέ
277 878 358 915 tius
377 878 648 925 Cincinnatus,
680 879 724 917 C.
743 879 874 916 Iulius
891 878 1005 916 Iulus
1029 879 1187 924 iterum,
1218 877 1269 916 A.
1287 876 1477 924 Manlius,
1499 876 1546 916 L.
1565 876 1710 914 Furius

238 950 259 985 2
278 949 526 987 Medullinus
557 951 731 998 tertium,
769 951 838 989 Μ’.
873 951 1064 988 AEmilius
1095 949 1378 988 Mamercinus,
1438 948 1506 986 Ab
1547 948 1597 986 iis
1627 948 1709 999 pri-

278 1035 383 1059 mum
415 1022 662 1060 circumsessi
679 1022 775 1061 Veii
801 1027 909 1069 sunt3
943 1022 1015 1060 sub
1043 1022 1155 1059 cuius
1173 1021 1333 1058 initium
1351 1020 1573 1059 obsidionis
1590 1033 1710 1070 quum

279 1094 538 1131 Etruscorum
585 1095 794 1132 concilium
841 1095 891 1132 ad
932 1095 1066 1132 fanum
1108 1093 1338 1132 Voltumnae
1377 1093 1606 1142 frequenter
1643 1092 1712 1129 ha-

280 1165 408 1202 bitum
439 1170 552 1214 esset,
584 1179 726 1216 parum
758 1166 947 1213 constitit,
978 1166 1136 1203 bellone
1167 1165 1328 1214 publico
1360 1164 1491 1213 gentis
1516 1163 1711 1201 universae

239 1236 420 1274 3tuendi
459 1237 650 1275 Veientes
688 1241 831 1276 essent.
901 1237 961 1275 Ea
1000 1237 1246 1287 oppugnatio
1288 1236 1449 1285 segnior
1487 1235 1715 1285 insequenti

283 1322 384 1345 anno
417 1309 503 1356 fuit,
535 1313 648 1359 parte
678 1310 932 1347 tribunorum
965 1309 1245 1358 exercitusque
1268 1308 1318 1345 ad
1335 1307 1525 1346 Volscum
1550 1309 1715 1346 avocata

240 1380 265 1415 4
285 1380 445 1418 bellum.
493 1381 694 1419 Tribunos
725 1382 894 1419 militum
928 1380 1127 1418 consulari
1153 1383 1351 1430 potestate
1377 1380 1410 1417 is
1435 1391 1560 1417 annus
1575 1377 1717 1416 habuit

82 1447 188 1471 A.u.c.
205 1447 262 1470 350.
284 1452 326 1490 C
361 1452 399 1490 *V

81 1485 262 1510 A‘Chnffln
402 1452 569 1489 alerium
611 1453 791 1491 Potitum
831 1453 1005 1500 tertium,
1051 1451 1118 1491 Μ’.
1153 1452 1335 1501 Sergium
1374 1451 1621 1497 Fidenatem,
1666 1448 1713 1488 P.

283 1523 511 1561 Cornelium
542 1524 874 1574 Maluginensem,
907 1524 978 1563 Cn.
1007 1524 1236 1562 Cornelium
1265 1523 1441 1570 Cossum,
1473 1522 1528 1561 K.
1545 1521 1715 1560 Fabium

244 1594 266 1630 5
285 1595 538 1641 Ambustum,
572 1595 638 1645 Sp.
665 1596 856 1634 Nautium
888 1596 1072 1633 Rutilum
1102 1596 1257 1633 iterum.
1304 1594 1402 1632 Cum
1420 1593 1580 1633 Volscis
1611 1593 1717 1630 inter

284 1667 543 1704 Ferentinum
575 1671 693 1716 atque
710 1667 895 1704 Ecetram
927 1667 1054 1715 signis
1072 1666 1229 1704 collatis
1246 1665 1493 1712 dimicatum3
1525 1664 1716 1703 Romanis

245 1739 266 1774 6
286 1738 458 1776 secunda
474 1739 634 1776 fortuna
650 1751 793 1788 pugnae
810 1738 897 1776 fuit.
948 1736 1106 1775 Artena
1122 1737 1228 1784 inde,
1260 1737 1497 1776 Volscorum
1516 1735 1717 1786 oppidum,

286 1810 334 1847 ab
365 1810 538 1848 tribunis
569 1810 744 1848 obsideri
775 1813 917 1860 coepta.
965 1809 1066 1847 Inde
1098 1810 1202 1847 inter
1233 1809 1480 1859 eruptionem
1511 1810 1716 1854 tentatam,

286 1882 491 1931 compulso
532 1883 572 1919 in
613 1881 751 1919 urbem
783 1882 908 1928 hoste,
953 1882 1108 1919 occasio
1140 1881 1233 1919 data
1265 1883 1324 1918 est
1354 1879 1545 1918 Romanis
1576 1879 1716 1917 irrum—

286 1953 418 2002 pendi,
449 1957 674 2002 praeterque
697 1967 828 1991 arcem
845 1956 976 1991 cetera
993 1956 1128 2003 capta3
1162 1954 1203 1990 in
1220 1965 1351 1990 arcem
1368 1952 1560 1990 munitam
1575 1954 1719 1989 natura

250 2025 269 2059 7
289 2024 431 2072 globus
462 2028 703 2062 armatorum
736 2025 949 2072 concessit3
983 2025 1088 2063 infra
1118 2037 1248 2062 arcem
1280 2023 1371 2061 caesi
1401 2024 1587 2073 captique
1603 2022 1719 2060 multi

289 2096 486 2134 mortales.
549 2095 637 2133 Arx
669 2097 813 2134 deinde
846 2096 1127 2143 obsidebatur;
1157 2109 1229 2133 nec
1261 2097 1331 2133 aut
1360 2095 1400 2132 vi
1430 2094 1519 2144 capi
1548 2096 1719 2144 poterat,

289 2167 382 2216 quia
411 2180 484 2216 pro
516 2168 644 2217 spatio
677 2168 754 2206 loci
785 2169 881 2206 satis
920 2168 1100 2218 praesidii
1136 2167 1322 2213 habebat,
1360 2169 1428 2204 aut
1458 2179 1567 2216 spem
1599 2165 1721 2204 dabat

291 2238 518 2285 deditionis,
550 2240 656 2277 omni
686 2240 849 2289 publico
880 2241 1091 2287 frumento,
1121 2239 1355 2290 priusquam
1381 2238 1477 2275 urbs
1501 2239 1720 2286 caperetur,

249 2311 331 2348 Sin
362 2324 492 2349 arcem
523 2314 729 2357 convecto;
767 2312 970 2361 taedioque
1007 2324 1205 2349 recessum
1236 2309 1329 2347 inde
1360 2309 1473 2356 foret,
1509 2307 1552 2344 ni
1583 2320 1719 2346 servus

290 2395 420 2420 arcem
436 2382 629 2421 Romanis
661 2382 914 2432 prodidisset.
963 2383 1030 2421 Ab
1062 2396 1106 2420 eo
1138 2381 1287 2419 milites
1313 2393 1384 2430 per
1406 2379 1536 2418 locum
1553 2378 1719 2417 arduum

291 2455 446 2504 accepti
477 2467 632 2505 cepere;
667 2467 689 2491 a
722 2454 866 2504 quibus
899 2467 1021 2503 quum
1045 2453 1228 2492 custodes
1250 2451 1558 2497 trucidarentur,
1591 2453 1719 2487 cetera

292 2526 507 2564 multitudo
553 2526 760 2576 repentino
806 2538 952 2574 pavore
999 2538 1188 2575 oppressa
1233 2525 1273 2561 in
1315 2522 1559 2561 deditionem
1597 2520 1719 2558 venit.

254 2597 276 2632 9
296 2597 445 2635 Diruta
477 2602 515 2635 et
547 2611 635 2635 arce
667 2600 705 2635 et
735 2597 834 2634 urbe
863 2595 1032 2643 Artena,
1061 2596 1233 2633 reductae
1265 2594 1444 2643 legiones
1475 2605 1524 2630 ex
1549 2590 1721 2639 Volscis,
