1821 2928
304 146 380 182 112
689 140 804 174 Liber
828 139 879 174 ΙΙ.
929 140 989 183 (A.
1014 151 1050 173 u.
1077 151 1107 174 c.
1133 141 1341 185 277—279.)

300 270 494 307 relictum.
529 268 691 317 stirpem
723 267 833 316 genti
853 267 989 305 Fabiae
1021 267 1233 317 dubiisque
1259 267 1377 305 rebus
1402 268 1539 318 populi
1557 268 1727 308 Romani

301 354 403 391 saepe
436 340 543 377 domi
575 339 753 389 bellique
784 339 847 376 vel
878 339 1093 375 maximum
1125 339 1301 376 futurum
1333 339 1534 378 auxilium.

171 389 219 436 51
416 412 546 458 Quum
592 411 675 448 haec
721 414 885 460 accepta
930 410 1062 448 clades
1109 414 1184 456 est,
1237 411 1312 447 iani
1359 410 1402 449 C.
1449 411 1642 449 Horatius
1688 415 1730 449 et

93 462 203 532 2:¹¹(ss
222 463 281 532 Ξζζ
300 483 344 521 T.
369 483 580 521 Menenius
611 482 790 520 consules
821 485 945 521 erant.
1006 481 1217 519 Menenius
1249 482 1436 520 adversus
1466 482 1617 520 Tuscos
1647 483 1729 521 vic-

259 559 280 593 :22
299 556 406 593 toria
438 556 563 593 elatos
595 554 801 591 confestim
834 554 986 590 missus.
1047 552 1147 589 Tum
1179 567 1336 603 quoque
1377 554 1479 592 male
1509 557 1727 604 pugnatum

299 631 368 666 est.
411 631 449 664 et
480 626 704 664 Ianiculum
742 624 875 663 hostes
908 637 1170 673 occupavere;
1218 625 1457 675 obsessaque
1487 625 1581 663 urbs
1611 626 1727 674 foret,

298 712 416 748 super
446 698 596 735 bellum
628 710 785 734 annona
816 700 1018 746 premente
1048 694 1307 747 (transierant
1338 697 1440 734 enim
1471 697 1633 735 Etrusci
1659 696 1725 734 Ti—

298 769 450 820 berim),
482 769 523 806 ni
542 769 735 806 Horatius
768 768 906 805 consul
939 780 987 805 ex
1006 767 1164 805 Volscis
1196 772 1299 806 esset
1323 772 1543 808 revocatus.
1591 769 1729 807 Adeo-

298 855 373 891 que
406 842 447 878 id
478 841 628 878 bellum
661 841 758 890 ipsis
792 840 938 877 institit
969 839 1176 886 moenibus,
1207 843 1251 877 ut
1282 840 1409 889 primo
1434 843 1654 890 pugnatum
1676 840 1728 878 ad

260 920 281 952 :3
302 912 394 963 Spei
426 913 478 950 sit
509 925 621 962 aequo
648 912 791 958 Marte,
823 913 965 949 iterum
996 912 1047 949 ad
1079 914 1234 961 portam
1253 911 1464 949 Collinam.
1510 912 1575 950 Ibi
1602 925 1726 961 quan-

297 998 414 1035 quam
461 997 586 1034 parvo
632 986 828 1021 momento
875 983 1056 1032 superior
1086 982 1267 1020 Romana
1297 996 1360 1020 res
1391 983 1478 1030 fuit,
1524 984 1727 1022 meliorem

296 1060 427 1094 tamen
459 1056 638 1101 militem,
686 1059 844 1105 recepto
886 1055 1057 1104 pristino
1090 1055 1233 1103 animo,
1282 1055 1321 1092 in
1353 1055 1485 1092 futura
1515 1055 1656 1105 proelia
1686 1055 1727 1092 id

298 1131 496 1165 certamen
527 1127 635 1165 fecit.

258 1205 284 1240 4
414 1200 466 1238 A.
500 1198 716 1248 Verginius
748 1204 786 1236 et
818 1197 885 1248 Sp.
919 1197 1112 1236 Servilius
1144 1199 1324 1236 consules
1359 1198 1472 1238 fiunt.
1533 1198 1631 1236 Post
1661 1211 1728 1236 ac-

91 1274 198 1300 A.u.c.
219 1276 276 1300 2⁷8·
297 1274 450 1321 ceptam
498 1270 684 1320 proxima
728 1283 862 1319 pugna
915 1270 1064 1308 cladem
1113 1269 1303 1307 Veientes
1353 1270 1579 1308 abstinuere
1624 1269 1727 1316 acie3

90 1323 124 1348 A.
146 1323 196 1349 Ch'
217 1325 275 1348 ἐπ”
295 1342 573 1392 populationes
606 1346 730 1387 erant,
773 1345 811 1378 et
841 1342 951 1379 velut
982 1342 1031 1379 ab
1063 1354 1153 1378 arce
1184 1341 1365 1379 Ianiculo
1396 1342 1543 1391 passim
1575 1341 1616 1378 in
1647 1341 1726 1379 Ro-

295 1427 453 1451 manum
486 1426 624 1463 agrum
658 1413 828 1463 impetus
860 1413 1027 1459 dabant3
1059 1426 1137 1450 non
1164 1426 1329 1462 usquam
1357 1426 1502 1462 pecora
1517 1416 1614 1460 tuta,
1646 1426 1726 1450 non

257 1486 279 1523 5
299 1490 473 1534 agrestes
506 1488 628 1522 erant.
685 1484 803 1534 Capti
835 1485 982 1523 deinde
1015 1485 1150 1522 eadem
1182 1488 1266 1522 arte
1297 1488 1399 1532 sunt,
1431 1498 1510 1534 qua
1541 1488 1728 1535 ceperant

295 1557 457 1595 Fabios.
521 1556 655 1594 Secuti
696 1557 834 1594 dedita
874 1570 994 1606 opera
1036 1557 1184 1606 passim
1217 1557 1267 1594 ad
1299 1557 1508 1594 illecebras
1539 1556 1731 1606 propulsa

295 1641 438 1678 pecora
483 1629 789 1678 praecipitavere
836 1629 877 1665 in
918 1628 1102 1674 insidias3
1150 1641 1228 1677 quo
1267 1629 1401 1678 plures
1433 1632 1556 1674 erant,
1600 1627 1730 1666 maior

255 1701 425 1738 sscaedes
470 1700 554 1737 fuit.
614 1700 675 1737 Ex
721 1700 794 1737 hac
843 1699 954 1737 clade
1000 1704 1113 1737 atrox
1160 1699 1220 1737 ira
1259 1699 1417 1736 maioris
1455 1699 1580 1737 cladis
1611 1712 1730 1737 causa

295 1776 413 1821 atque
446 1772 604 1808 initium
635 1772 721 1810 fuit.
769 1771 953 1808 Traiecto
980 1771 1083 1808 enim
1100 1774 1216 1808 nocte
1233 1770 1385 1818 Tiberi,
1416 1774 1547 1808 castra
1563 1769 1729 1808 Servilii

297 1844 470 1881 consulis
510 1842 642 1880 adorti
685 1847 777 1880 sunt
818 1856 1059 1892 oppugnare.
1121 1842 1222 1879 Inde
1263 1842 1341 1879 fusi
1373 1855 1516 1891 magna
1546 1842 1654 1880 caede
1685 1842 1725 1880 in

256 1917 276 1951 7
297 1915 522 1953 Ianiculum
554 1928 595 1952 se
626 1928 730 1964 aegre
761 1927 957 1964 recepere.
1005 1914 1223 1952 Confestim
1256 1914 1393 1951 consul
1419 1918 1459 1952 et
1482 1914 1566 1964 ipse
1582 1913 1729 1952 transit

295 1986 484 2033 Tiberim,
529 1990 659 2024 castra
703 1986 777 2024 sub
821 1986 1001 2024 Ianiculo
1041 1986 1269 2025 communit.
1330 1985 1498 2023 Postero
1538 1985 1603 2023 die
1640 1985 1729 2023 luce

297 2061 383 2095 orta
415 2059 601 2095 nonnihil
633 2062 673 2095 et
702 2058 888 2096 hesterna
914 2058 1106 2095 felicitate
1134 2070 1279 2107 pugnae
1297 2057 1421 2107 ferox,
1454 2057 1579 2106 magis
1594 2060 1727 2094 tamen

298 2129 405 2179 quod
436 2130 570 2179 inopia
602 2130 788 2167 frumenti
821 2130 1002 2179 quamvis
1046 2130 1086 2166 in
1125 2129 1363 2179 praecipitia,
1411 2128 1505 2166 dum
1537 2128 1729 2166 celeriora

256 2202 442 2248 Sessent,
489 2202 631 2249 agebat
677 2201 858 2247 consilia,
905 2206 1050 2239 temere
1096 2200 1260 2238 adverso
1292 2200 1476 2237 Ianiculo
1515 2200 1565 2237 ad
1597 2202 1728 2237 castra

297 2272 469 2310 hostium
517 2273 638 2309 aciem
681 2274 820 2320 erexit,
865 2273 1087 2322 foediusque
1128 2272 1220 2309 inde
1250 2272 1401 2321 pulsus,
1448 2284 1566 2320 quam
1597 2270 1727 2321 pridie

296 2343 515 2393 pepulerat,
559 2344 784 2382 interventu
827 2345 989 2393 collegae
1022 2345 1106 2394 ipse
1138 2344 1414 2393 exercitusque
1447 2345 1505 2380 est
1535 2347 1725 2381 servatus.

258 2415 412 2453 9Inter
443 2414 541 2451 duas
573 2415 675 2452 acies
707 2415 878 2462 Etrusci,
911 2429 1032 2465 quum
1065 2416 1104 2452 in
1135 2415 1262 2453 vicem
1287 2414 1348 2452 his
1375 2417 1493 2464 atque
1512 2414 1596 2452 illis
1613 2418 1727 2463 terga

298 2486 456 2532 darent,
513 2485 718 2523 occidione
765 2487 896 2524 occisi.
956 2487 1021 2524 Ita
1066 2499 1299 2536 oppressum
1344 2485 1570 2524 temeritate
1614 2485 1725 2522 felici

297 2557 448 2596 Veiens
479 2556 639 2594 bellum.

162 2628 216 2676 52
413 2629 517 2667 Urbi
557 2641 644 2666 cum
685 2641 782 2678 pace
814 2628 942 2665 laxior
974 2628 1092 2665 etiam
1124 2641 1280 2665 annona
1311 2627 1445 2676 rediit,
1491 2629 1531 2664 et
1561 2625 1725 2664 advecto

297 2714 345 2738 ex
363 2699 583 2749 Campania
614 2700 811 2737 frumento
845 2703 892 2746 et,
923 2703 1132 2749 postquam
1163 2699 1282 2736 timor
1313 2699 1391 2735 sibi
1423 2698 1565 2747 cuique
1581 2697 1724 2735 futurae
