1821 2928
563 92 678 129 Liber
700 93 748 128 V.
799 95 860 138 (A.
888 93 954 128 ch.
979 94 1075 138 403.)
1455 97 1538 136 263

95 224 368 273 magistratus,
407 235 486 260 non
529 223 648 272 leges,
688 236 767 260 non
801 235 948 260 morem
988 222 1195 269 maiorum,
1242 235 1321 260 non
1354 222 1541 261 instituta

94 295 266 343 patrum,
297 306 376 332 non
409 294 665 344 disciplinam
696 295 827 332 vereri
858 294 1053 332 militiae.“

211 365 294 404 Par
321 367 398 404 iam
426 367 545 404 etiam
573 366 614 403 in
642 367 894 404 contionibus
918 370 1004 404 erat
1020 366 1181 416 Appius
1197 367 1371 405 tribunis
1394 367 1538 417 plebis,

97 450 220 487 quum
251 439 400 488 subito,
441 438 549 476 unde
581 439 744 477 minime
786 439 875 488 quis
908 437 1099 485 crederet,
1139 443 1302 489 accepta
1333 440 1540 478 calamitas

96 510 203 559 apud
236 510 360 549 Veios
402 515 440 549 et
472 511 716 561 superiorem
749 511 931 561 Appium
973 510 1014 547 in
1055 523 1173 548 causa
1215 515 1254 548 et
1285 512 1539 550 concordiam

96 581 280 620 ordinum
309 583 499 621 maiorem
527 583 792 633 ardoremque
817 583 867 621 ad
885 582 1127 621 obsidendos
1144 583 1393 633 pertinacius
1411 584 1538 623 Veios

94 655 200 692 fecit.
259 654 362 693 Nam
389 668 510 705 quum
537 669 661 705 agger
688 659 892 705 promotus
920 656 970 692 ad
994 655 1133 692 urbem
1150 655 1357 705 vineaeque
1380 659 1536 694 tantum
1556 657 1579 693 2

94 740 173 764 non
205 726 283 764 iam
316 727 505 764 iniunctae
538 728 735 765 moenibus
767 731 912 774 essent,
952 727 1044 764 dum
1077 741 1199 777 opera
1229 727 1409 765 interdiu
1440 727 1542 766 fiunt

95 799 289 836 intentius
317 812 435 848 quam
465 804 579 838 nocte
598 800 892 846 custodiuntur,
923 800 1123 849 patefacta
1145 803 1309 850 repente
1326 803 1455 849 porta,
1479 799 1539 837 in-

96 884 193 920 gens
225 871 452 918 multitudo,
484 872 637 909 facibus
662 872 834 909 maxime
859 876 1023 918 armata,
1057 872 1171 921 ignes
1196 872 1380 919 coniecit,
1412 872 1537 909 horae-
1556 872 1580 910 3

94 956 173 993 que
204 947 402 980 momento
436 944 554 980 simul
596 957 781 993 aggerem
811 957 856 981 ac
887 944 1036 992 vineas,
1073 948 1155 981 tam
1195 944 1308 993 longi
1347 943 1540 994 temporis

96 1028 212 1065 opus,
253 1015 484 1052 incendium
516 1016 670 1063 hausit;
710 1016 906 1066 multique
937 1016 996 1054 ibi
1027 1016 1228 1063 mortales,
1268 1017 1538 1066 nequicquam

94 1100 210 1137 opem
242 1088 424 1134 ferentes,
465 1088 570 1125 ferro
601 1088 766 1137 ignique
798 1089 1000 1138 absumpti
1032 1092 1138 1127 sunt.
1199 1088 1318 1136 Quod
1355 1089 1426 1127 ubi
1456 1088 1578 1127 Ro-4

96 1173 200 1197 mam
228 1163 288 1197 est
305 1160 547 1209 nuntiatum,
573 1161 801 1198 maestitiam
826 1161 1023 1207 omnibus,
1048 1160 1204 1198 senatui
1222 1175 1357 1198 curam
1375 1164 1539 1199 metum-

95 1245 173 1281 que
204 1232 354 1279 iniecit,
387 1246 435 1270 ne
465 1236 549 1270 tum
581 1246 676 1271 vero
709 1233 901 1271 sustineri
932 1246 1004 1270 nec
1037 1233 1077 1270 in
1101 1234 1199 1270 urbe
1223 1233 1367 1271 seditio
1399 1247 1471 1271 nec
1497 1234 1541 1271 in

95 1304 240 1342 castris
271 1309 416 1355 posset,
450 1309 490 1342 et
520 1305 675 1342 tribuni
703 1306 834 1355 plebis
860 1306 971 1343 velut
997 1306 1045 1342 ab
1073 1318 1114 1342 se
1141 1305 1259 1342 victae
1286 1305 1344 1342 rei
1369 1305 1539 1355 publicae

92 1376 344 1423 insultarent,
376 1391 498 1427 quum
529 1381 707 1427 repente,
746 1377 894 1428 quibus
926 1391 1065 1415 census
1097 1381 1280 1427 equester
1311 1381 1409 1427 erat,
1443 1376 1578 1428 equi5

91 1448 246 1498 publici
285 1462 364 1486 non
397 1452 511 1486 erant
541 1450 748 1498 assignati,
789 1450 960 1487 concilio
993 1449 1105 1499 prius
1137 1449 1243 1487 inter
1274 1462 1359 1486 sese
1390 1449 1541 1498 habito,

93 1524 277 1558 senatum
310 1521 470 1568 adeunt,
502 1522 688 1571 factaque
722 1522 883 1559 dicendi
909 1525 1121 1572 potestate,
1155 1522 1268 1571 equis
1295 1535 1337 1559 se
1363 1522 1445 1559 suis
1471 1522 1540 1559 sti-

91 1592 241 1642 pendia
271 1594 447 1631 facturos
473 1595 726 1644 promittunt.
790 1594 946 1641 Quibus
973 1608 1095 1644 quum
1121 1594 1380 1644 amplissimis
1408 1594 1539 1632 verbis
1557 1595 1580 1631 6

90 1666 232 1714 gratiae
264 1665 313 1703 ab
345 1670 485 1704 senatu
517 1671 615 1704 actae
643 1669 785 1714 essent,
816 1667 1001 1717 famaque
1027 1680 1072 1704 ea
1095 1667 1225 1704 forum
1253 1670 1374 1717 atque
1400 1667 1540 1704 urbem

88 1738 346 1787 pervasisset,
386 1738 520 1776 subito
553 1739 604 1776 ad
636 1740 786 1776 curiam
819 1752 1036 1776 concursus
1066 1738 1112 1776 fit
1144 1739 1296 1789 plebis;
1336 1739 1537 1789 pedestris
1556 1739 1578 1775 7

90 1809 244 1848 ordinis
276 1810 348 1861 [se]
381 1811 496 1848 aiunt
537 1825 642 1849 nunc
681 1825 766 1848 esse
807 1811 1080 1862 operam[que]
1120 1811 1180 1848 rei
1219 1811 1394 1861 publicae
1427 1814 1542 1848 extra

89 1882 273 1920 ordinem
305 1883 506 1932 polliceri,
546 1896 616 1920 seu
648 1883 773 1921 Veios
816 1897 885 1921 seu
917 1897 996 1933 quo
1028 1884 1108 1921 alio
1140 1883 1286 1921 ducere
1318 1883 1462 1930 velint3
1504 1883 1539 1921 si

90 1953 214 1992 Veios
247 1955 358 1992 ducti
394 1955 485 2001 sint,
516 1958 667 2004 negant
697 1969 738 1993 se
770 1955 862 1993 inde
893 1956 1007 2005 prius
1039 1969 1158 2006 quam
1190 1958 1307 2006 capta
1337 1955 1436 1992 urbe
1467 1954 1537 1994 ho-

87 2027 210 2064 stium
236 2026 440 2064 redituros
468 2040 562 2064 esse.
625 2027 726 2064 Tum
753 2041 848 2065 vero
873 2028 952 2065 iam
979 2027 1286 2078 superfundenti
1313 2041 1354 2065 se
1379 2027 1535 2064 laetitiae
1552 2027 1577 2065 8

88 2099 159 2137 vix
190 2102 456 2149 temperatum
490 2103 569 2145 est3
600 2113 679 2136 non
711 2100 829 2146 enim,
861 2100 966 2137 sicut
997 2100 1168 2150 equites,
1201 2100 1295 2138 dato
1327 2100 1536 2149 magistra-

85 2172 196 2210 tibus
227 2172 389 2221 negotio
422 2171 579 2209 laudari
611 2171 722 2219 iussi,
753 2185 882 2222 neque
914 2175 983 2210 aut
1013 2172 1055 2209 in
1086 2172 1237 2209 curiam
1268 2172 1410 2219 vocati,
1443 2171 1531 2221 qui·
1552 2172 1575 2209 9

91 2243 165 2282 bus
191 2257 426 2294 responsum
447 2244 621 2291 daretur,
654 2248 723 2281 aut
748 2244 888 2282 limine
916 2244 1036 2282 curiae
1061 2244 1343 2282 continebatur
1360 2247 1539 2290 senatus;

87 2315 158 2353 sed
196 2329 270 2366 pro
312 2330 353 2354 se
395 2316 566 2366 quisque
608 2330 656 2354 ex
697 2316 904 2367 superiore
944 2317 1032 2353 loco
1073 2315 1124 2354 ad
1163 2316 1462 2354 multitudinem
1495 2316 1538 2353 in

85 2388 249 2426 comitio
275 2391 447 2426 stantem
465 2402 560 2426 voce
578 2389 844 2439 manibusque
861 2387 1094 2438 significare
1112 2389 1316 2439 publicam
1340 2387 1536 2434 laetitiam,

82 2458 240 2498 beatam
281 2461 420 2498 urbem
452 2461 675 2499 Romanam
720 2464 760 2498 et
800 2461 991 2498 invictam
1024 2464 1063 2498 et
1094 2464 1283 2499 aeternam
1324 2461 1396 2497 illa
1435 2472 1528 2496 con·
1551 2457 1602 2495 10

83 2531 227 2569 cordia
257 2532 401 2579 dicere,
446 2532 611 2570 laudare
644 2533 812 2583 equites,
854 2533 1021 2571 laudare
1052 2533 1221 2583 plebem,
1268 2532 1376 2570 diem
1408 2531 1540 2580 ipsum

83 2602 274 2642 laudibus
303 2605 419 2652 ferre,
459 2605 607 2642 victam
640 2618 724 2643 esse
754 2605 873 2643 fateri
906 2605 1135 2643 comitatem
1166 2603 1538 2653 benignitatemque

80 2680 261 2715 senatus.
320 2677 517 2715 Certatim
549 2678 732 2727 patribus
764 2677 954 2728 plebique
981 2688 1142 2714 manare
1166 2674 1314 2724 gaudio
1340 2672 1530 2722 lacrimae,
1550 2673 1598 2712 11
