1821 2928
373 179 426 216 28
781 189 871 215 Liber
889 190 941 215 VI.
979 190 1026 219 (A.
1046 197 1074 216 u.
1094 197 1119 216 c.
1139 191 1295 220 373—874.)

253 306 297 341 ll
320 304 526 353 inquirens
558 303 694 349 oculis,
724 303 889 342 ubinam
921 304 1068 341 bellum
1099 305 1258 351 fuisset;
1289 305 1387 342 adeo
1419 318 1490 342 nec
1515 309 1656 343 amotae
1686 305 1745 343 rei

317 384 482 420 usquam
514 385 584 408 nec
617 372 762 409 oblatae
793 372 843 409 ad
874 377 1030 422 tempus
1060 373 1273 422 vestigium
1304 373 1430 410 ullum
1462 376 1557 420 erat,
1588 373 1656 411 sed
1688 374 1747 411 ita

317 440 450 476 omnia
481 441 681 477 constanti
713 441 934 490 tranquilla
950 454 1057 490 pace,
1089 445 1134 478 ut
1164 455 1208 479 eo
1232 442 1300 479 vix
1330 442 1436 478 fama
1466 441 1563 479 belli
1591 441 1745 492 perlata

173 504 228 550 26
310 507 441 544 videri
474 512 616 557 posset.
663 507 807 545 Victus
839 509 963 557 igitur
986 509 1183 558 patientia
1206 510 1380 548 hostium
1407 513 1586 546 senatum
1609 522 1746 547 eorum

314 576 449 613 vocari
484 576 612 613 iussit.
661 575 771 622 ..Soli
805 577 958 614 adhuc“
994 578 1138 626 inquit,
1169 577 1399 624 Tusculani,
1430 591 1524 615 vera
1547 591 1658 615 arma
1681 591 1746 615 ve-

315 658 458 693 rasque
481 643 598 690 vires,
629 644 774 693 quibus
800 645 849 682 ab
883 646 942 682 ira
957 645 1228 683 Romanorum
1252 650 1385 683 vestra
1409 646 1655 693 tutaremini,
1686 645 1746 682 in-

275 714 297 748 2
316 712 494 750 venistis.
554 712 616 749 Ite
641 713 810 750 Romam
843 713 893 750 ad
925 719 1119 759 senatum,
1152 714 1406 751 aestimabunt
1437 717 1581 764 patres,
1611 716 1745 750 utrum

315 781 403 830 plus
435 785 526 817 ante
557 794 682 829 poenae
714 795 763 818 an
795 796 898 818 nunc
924 782 1050 818 veniae
1083 783 1216 819 meriti
1248 783 1349 819 sitis.
1393 782 1484 820 Non
1515 781 1746 832 praecipiam

315 849 485 897 gratiam
516 848 672 898 publici
705 849 909 888 beneficii:
942 850 1183 899 deprecandi
1215 843 1451 900 potestatem
1477 864 1499 887 a
1530 863 1590 887 me
1621 849 1746 886 habu-

315 917 446 954 eritis:
478 917 666 966 precibus
684 922 866 954 eventum
882 919 1025 955 vestris
1042 925 1211 965 senatus,
1229 932 1343 968 quem
1358 918 1574 964 videbitur,
1591 917 1741 954 dabitf

275 987 298 1021 ὃ
317 986 535 1034 Postquain
566 985 735 1022 Romam
767 986 983 1023 Tusculani
1015 992 1208 1024 venerunt
1238 991 1475 1037 senatusque
1505 985 1622 1035 paulo
1655 987 1746 1022 ante

315 1053 491 1090 fidelium
525 1054 721 1090 sociorum
753 1059 909 1091 maestus
950 1055 991 1091 in
1021 1056 1220 1092 vestibulo
1261 1056 1381 1093 curiae
1413 1059 1472 1092 est
1503 1056 1747 1103 conspectus,

316 1122 412 1158 moti
444 1122 641 1170 extemplo
680 1127 814 1171 patres
844 1123 980 1160 vocari
1014 1137 1079 1160 eos
1112 1125 1190 1161 iam
1219 1129 1303 1161 tum
1334 1122 1589 1173 hospitaliter
1619 1120 1745 1169 magis

275 1191 299 1225 4
317 1203 433 1239 quam
465 1190 668 1226 hostiliter
699 1190 858 1227 iussere.
904 1191 1094 1228 Dictator
1111 1192 1359 1229 Tusculanus
1390 1192 1449 1229 ita
1477 1190 1600 1228 verba
1629 1189 1746 1226 fecit:

318 1258 500 1305 ..Quibus
518 1257 667 1295 bellum
685 1258 891 1295 indixistis
910 1259 1194 1309 intulistisque,
1226 1265 1358 1311 patres
1383 1258 1611 1308 conscripti,
1641 1257 1747 1294 siout

315 1339 417 1363 nunc
440 1327 587 1363 videtis
612 1339 683 1363 nos
714 1331 863 1364 stantes
895 1328 937 1364 in
961 1328 1160 1365 vestibulo
1193 1329 1312 1365 cnriae
1329 1332 1481 1374 vestrae,
1512 1327 1570 1364 ita
1601 1325 1745 1363 armati

315 1395 527 1444 para-tique
559 1394 719 1432 obviam
752 1395 1061 1444 imperatoribus
1093 1397 1399 1446 legionibusque
1415 1395 1559 1433 vestris
1589 1406 1746 1444 proces-

274 1462 448 1499 5simus.
507 1463 588 1500 Hic
625 1467 770 1510 noster,
810 1464 875 1500 hic
915 1464 1046 1513 plebis
1086 1471 1230 1502 nostrae
1270 1465 1433 1502 habitus
1463 1464 1550 1510 fuit,
1591 1462 1746 1511 eritque

315 1544 478 1579 semper,
509 1532 588 1568 nisi
612 1532 823 1581 siquando
849 1545 871 1569 a
894 1532 1009 1569 vobis
1027 1547 1177 1582 proque
1201 1534 1314 1571 vobis
1338 1546 1450 1570 arma
1465 1530 1745 1581 acceperimus.

315 1597 478 1636 Grratias
509 1600 665 1646 agimus
697 1605 735 1637 et-
766 1600 935 1637 ducibus
966 1602 1111 1638 vestris
1142 1607 1179 1639 et
1211 1602 1464 1647 exercitibus,
1495 1598 1603 1649 quod
1619 1597 1746 1635 oculis

314 1667 439 1714 magis
471 1680 587 1715 quam
620 1668 785 1705 auribus
827 1669 1083 1705 crediderunt
1124 1674 1171 1716 et,
1211 1669 1282 1706 ubi
1321 1669 1426 1706 nihil
1465 1667 1610 1705 hostile
1650 1668 1745 1712 erat,

273 1738 362 1771 (ine
408 1735 486 1784 ipsi
533 1735 693 1784 quidem
738 1737 928 1773 fecerunt.
988 1737 1145 1784 Pacem,
1191 1750 1309 1785 quam
1354 1750 1425 1773 nos
1470 1735 1744 1786 praestitimus,

313 1816 397 1839 eam
429 1817 451 1840 a
481 1803 597 1840 vobis
629 1805 817 1853 petimus3
849 1805 996 1841 bellum
1029 1818 1085 1851 eo,
1117 1804 1245 1842 sicubi
1279 1808 1347 1850 est,
1387 1804 1577 1842 avertatis
1607 1816 1743 1853 preca-

313 1885 417 1914 mur:
459 1872 500 1908 in
540 1886 612 1909 nos
653 1873 751 1922 quid
791 1887 901 1910 arma
932 1874 1111 1923 polleant
1140 1877 1286 1919 vestra,
1328 1873 1361 1910 si
1402 1861 1594 1922 patiendo
1627 1883 1741 1920 expe-

312 1939 499 1977 riundum
531 1945 600 1988 est,
638 1941 807 1979 inermes
839 1942 1098 1990 experiemur.
1157 1942 1255 1979 Haec
1286 1954 1394 1978 mens
1423 1945 1560 1978 nostra
1590 1943 1659 1986 est,
1699 1939 1742 1976 di

275 2010 295 2044 7
316 2008 560 2045 immortales
591 2010 752 2056 faciant,
794 2014 873 2047 tam
905 2009 1013 2056 felix,
1045 2023 1162 2059 quam
1194 2010 1272 2059 pia.
1341 2009 1460 2057 Quod
1491 2009 1542 2047 ad
1573 2007 1743 2046 crimina

313 2077 468 2121 attinet,
515 2077 661 2126 quibus
706 2078 804 2114 moti
852 2078 999 2115 bellum
1046 2078 1262 2124 indixistis,
1308 2078 1382 2115 etsi
1426 2078 1579 2115 revicta
1622 2075 1743 2113 rebus

310 2145 444 2181 verbis
476 2146 682 2183 confutare
711 2146 815 2183 nihil
857 2147 1011 2193 attinet,
1049 2150 1194 2192 tamen,
1235 2146 1393 2183 etiamsi
1423 2159 1518 2183 vera
1547 2145 1639 2191 sint,
1677 2145 1742 2182 vel

312 2213 430 2249 fateri
461 2212 578 2250 nobis
610 2227 665 2259 ea,
707 2227 827 2263 quum
866 2219 946 2252 tam
979 2215 1183 2252 evidenter
1214 2214 1454 2264 paenituerit,
1492 2217 1623 2251 tutum
1653 2225 1742 2250 cen-

311 2294 449 2318 semus.
494 2281 688 2319 Peccetur
719 2283 759 2318 in
776 2296 855 2328 vos,
887 2283 980 2319 dum
1005 2283 1120 2330 digni
1147 2283 1247 2329 sitis,
1279 2282 1426 2332 quibus
1450 2283 1508 2319 ita
1532 2280 1736 2319 satisfiat.“

270 2348 485 2386 8Tantum
529 2349 610 2387 fere
654 2350 865 2386 verborum
910 2350 960 2387 ab
1007 2350 1244 2388 Tusculanis
1288 2351 1448 2388 factum.
1504 2349 1653 2388 Pacem
1697 2348 1741 2386 in

310 2417 532 2466 praesentia,
562 2430 632 2454 nec
664 2417 721 2453 ita
751 2417 876 2453 multo
908 2422 998 2467 post
1029 2419 1232 2457 civitatem
1264 2419 1384 2456 etiam
1414 2418 1738 2468 impetraverunt.

311 2483 378 2521 Ab
411 2484 584 2522 Tusculo
617 2486 792 2534 legiones
823 2486 1007 2523 reductae.

178 2547 232 2594 27
431 2552 634 2599 Camillus,
665 2553 833 2590 consilio
851 2558 889 2590 et
904 2555 1052 2592 virtute
1084 2555 1126 2592 in
1144 2553 1290 2591 Volsco
1323 2553 1441 2600 bello,
1470 2552 1664 2590 felicitate
1694 2551 1739 2589 in

311 2620 537 2658 Tusculana
561 2621 828 2671 expeditione,
860 2622 1074 2671 utrobique
1106 2621 1302 2670 singulari
1334 2620 1520 2658 adversus
1545 2620 1738 2668 collegam
