1821 2928
285 125 368 162 284
733 120 847 155 Liber
872 120 919 154 V.
967 121 1027 164 (A.
1053 132 1090 154 u.
1116 131 1145 154 c.
1171 119 1264 164 360.)

250 249 371 286 3lum
410 248 606 297 perduxit.
675 248 740 284 Ibi
779 248 946 284 scelesto
991 247 1158 284 facinori
1196 247 1460 285 scelestiorem
1499 259 1717 284 sermonem

246 320 410 365 4addit,
453 319 631 356 Falerios
663 332 703 356 se
736 319 775 355 in
807 332 944 355 manus
974 319 1166 356 Romanis
1195 319 1427 365 tradidisse,
1460 318 1618 368 quando
1650 331 1719 356 eos

283 404 439 441 pueros,
471 404 637 440 quorum
672 395 855 440 parentes
887 390 1018 439 capita
1050 390 1107 426 ibi
1138 404 1266 427 rerum
1293 390 1381 435 sint,
1414 391 1454 427 in
1481 394 1717 440 potestatem

245 462 267 497 5
287 462 498 498 dediderit.
553 462 650 509 Quae
681 462 751 499 ubi
777 461 971 499 Camillus
1003 461 1169 505 audivit,
1205 461 1318 507 „Non
1351 461 1400 498 ad
1431 462 1624 500 similem“
1660 457 1719 499 in*-

287 534 376 583 quit
410 534 493 579 „tui
532 547 603 570 nec
641 534 831 583 populum
872 547 943 570 nec
983 534 1263 583 imperatorem
1295 534 1484 571 scelestus
1515 534 1601 583 ipse
1632 546 1720 571 cum

249 607 271 640 6
291 605 456 641 scelesto
495 618 655 641 munere
694 605 852 642 venisti.
913 605 1038 642 Nobis
1071 619 1156 642 cum
1190 605 1372 651 Faliscis,
1411 617 1498 655 quae
1530 608 1646 654 pacto
1674 604 1722 642 fit

287 676 468 722 humano,
499 677 669 714 societas
702 690 777 713 non
811 680 885 722 θεῖς
927 690 1044 726 quam
1076 677 1327 724 ingeneravit
1357 680 1500 714 natura
1530 676 1720 726 utrisque,

288 751 346 784 est
378 750 542 797 eritque.
591 747 694 785 Sunt
725 752 763 784 et
795 748 905 794 belli,
938 749 1039 785 sicut
1069 748 1188 797 pacis,
1220 748 1317 793 iura,
1352 749 1533 797 iusteque
1564 762 1609 785 ea
1641 761 1721 785 non

252 820 273 854 7
293 819 422 855 minus
463 833 578 868 quam
621 820 780 857 fortiter
812 819 1028 856 didicimus
1060 833 1206 867 gerere.
1267 820 1393 857 Arma.
1423 820 1613 858 habemus
1643 833 1723 857 non

289 891 477 928 adversus
510 906 591 928 eain
626 896 793 937 aetatem,
833 891 896 928 cui
929 892 1047 928 etiam
1081 891 1206 940 captis
1237 891 1404 929 urbibus
1434 891 1623 940 parcitur,
1654 891 1723 929 sed

290 963 477 1000 adversus
510 966 681 1000 armatos
713 967 753 1000 et
785 964 902 1012 ipsos,
937 952 1119 1012 qui,⁷nec
1152 963 1236 1000 laesi
1267 977 1337 1000 nec
1364 962 1541 1000 lacessiti
1560 962 1727 1009 anobis,

251 1035 275 1070 8
294 1038 424 1072 castra
454 1034 635 1072 Romana
666 1035 716 1072 ad
747 1035 869 1072 Veios
901 1038 1193 1085 oppugnarunt.
1252 1035 1331 1072 Eos
1361 1038 1416 1081 tn,
1459 1038 1650 1084 quantum
1682 1034 1724 1071 in

289 1111 328 1143 te
370 1107 456 1152 fuit,
503 1120 604 1143 novo
644 1108 790 1143 scelere
821 1107 971 1152 vicisti;
1018 1119 1089 1154 ego
1122 1106 1313 1143 Romanis
1355 1107 1520 1151 artibus,
1565 1106 1728 1152 virtute,

251 1180 273 1214 9
293 1191 422 1228 opere,
455 1179 586 1223 armis,
618 1179 721 1215 sicut
753 1178 885 1224 Veios,
916 1178 1109 1214 vincam.“
1160 1178 1418 1215 Denudatum
1451 1177 1594 1215 deinde
1625 1190 1729 1224 eum,

291 1250 474 1287 manibus
513 1254 603 1298 post
640 1254 795 1298 tergum
836 1250 1013 1298 illigatis,
1055 1249 1324 1287 reducendum
1367 1250 1552 1287 Falerios
1590 1249 1729 1299 pueris

289 1321 471 1367 tradidit,
510 1322 722 1371 virgasque
754 1322 821 1366 eis,
859 1321 1005 1370 quibus
1037 1321 1284 1370 proditorem
1315 1325 1480 1370 agerent
1510 1321 1551 1358 in
1581 1320 1724 1358 urbem

227 1393 276 1429 10
294 1393 566 1440 verberantes,
605 1394 727 1431 dedit.
796 1393 865 1431 Ad
905 1392 1011 1442 quod
1049 1393 1316 1442 spectaculum
1355 1406 1549 1430 concursu
1587 1392 1728 1442 populi

292 1465 461 1515 primum
494 1466 609 1512 facto,
650 1465 795 1501 deinde
828 1478 850 1501 a
880 1453 1181 1513 magistratibus
1213 1464 1261 1501 de
1290 1478 1333 1501 re
1363 1478 1466 1502 nova
1495 1467 1636 1502 vocato
1667 1477 1725 1501 se-

294 1541 400 1581 natu,
431 1541 543 1574 tanta
575 1537 740 1573 mutatio
774 1536 914 1573 animis
947 1540 1005 1572 est
1035 1536 1192 1582 iniecta,
1228 1539 1284 1583 ut,
1324 1537 1393 1586 qui
1425 1536 1541 1573 modo
1573 1535 1725 1573 efferati

293 1609 384 1647 odio
416 1610 553 1657 iraque
571 1608 798 1644 Veientium
831 1608 982 1645 exitum
1014 1621 1125 1657 paene
1157 1621 1275 1656 quam
1301 1607 1562 1657 Capenatium
1585 1619 1724 1657 pacem

229 1680 274 1716 11
297 1681 479 1724 mallent,
522 1679 625 1728 apud
666 1692 731 1716 eos
769 1692 905 1728 pacem
945 1679 1130 1716 universa
1167 1683 1347 1728 posceret
1384 1680 1534 1717 civitas.
1602 1678 1726 1716 Fides

291 1752 484 1798 Romana,
532 1750 688 1788 iustitia
732 1750 985 1799 imperatoris
1025 1750 1064 1786 in
1096 1750 1193 1795 foro,
1239 1750 1280 1787 in
1312 1751 1422 1787 curia
1453 1750 1725 1795 celebrantur3

293 1836 564 1872 consensuque
597 1822 770 1860 omnium
803 1822 927 1870 legati
958 1822 1007 1858 ad
1026 1821 1237 1859 Camillum
1271 1822 1311 1858 in
1339 1825 1468 1859 castra
1494 1826 1612 1871 atque
1629 1821 1725 1858 inde

292 1895 489 1945 permissu
520 1893 681 1931 Camilli
710 1893 877 1930 Romam
908 1893 957 1930 ad
989 1896 1178 1940 senatum,
1211 1893 1280 1943 qui
1311 1893 1502 1930 dederent
1531 1892 1725 1939 Falerios,

227 1965 276 2001 12
296 1966 611 2015 proficiscuntur.
674 1965 900 2002 Introducti
941 1965 989 2001 ad
1027 1968 1204 2002 senatum
1243 1966 1299 2002 ita
1338 1965 1463 2003 locuti
1491 1964 1725 2002 traduntur:

298 2037 463 2083 „Patres
496 2037 720 2085 conscripti,
751 2037 930 2082 victoria,
964 2036 1028 2073 cui
1061 2050 1130 2073 nec
1163 2037 1259 2073 deus
1283 2050 1354 2073 nec
1381 2037 1497 2074 homo
1513 2036 1724 2086 quisquam

297 2108 482 2153 invideat,
512 2107 608 2143 victi
639 2121 661 2143 a
691 2108 805 2145 vobis
836 2113 875 2145 et
899 2109 1138 2158 imperatore
1161 2114 1292 2146 vestro
1317 2108 1497 2146 dedimus
1513 2121 1583 2144 nos
1598 2107 1724 2153 vobis,

294 2180 382 2223 rati,
415 2192 492 2228 quo
525 2179 626 2214 nihil
657 2179 802 2216 victori
832 2180 1040 2229 pulchrius
1073 2184 1141 2225 est,
1172 2180 1314 2216 melius
1345 2193 1416 2217 nos
1448 2179 1522 2216 sub
1555 2179 1723 2228 imperio

228 2252 276 2287 13
295 2254 426 2288 vestro
458 2263 573 2298 quam
608 2250 761 2298 legibus
793 2251 939 2288 nostris
969 2251 1154 2288 victuros.
1199 2251 1355 2288 Eventu
1381 2251 1498 2288 huius
1523 2251 1620 2288 belli
1643 2249 1723 2286 duo

295 2322 489 2359 salutaria
521 2321 702 2369 exempla
734 2322 893 2370 prodita
923 2323 1092 2359 humano
1125 2324 1261 2372 generi
1292 2327 1402 2360 sunt:
1433 2336 1502 2359 vos
1533 2321 1651 2358 fidem
1683 2320 1724 2357 in

295 2393 400 2430 bello
432 2406 549 2442 quam
580 2396 813 2441 praesentem
846 2394 1053 2430 victoriam
1087 2394 1299 2441 maluistis3
1331 2407 1402 2432 nos
1425 2393 1502 2431 fide
1519 2392 1725 2443 provocati

232 2464 280 2500 14
300 2464 507 2500 victoriam
539 2463 646 2500 ultro
677 2462 900 2501 detulimus.
949 2464 1031 2502 Sub
1064 2465 1222 2502 dicione
1238 2471 1370 2502 vestra
1385 2478 1536 2511 sumus3
1567 2463 1725 2508 mittite,

296 2535 364 2584 qui
398 2548 516 2580 arma,
548 2534 616 2583 qui
647 2534 816 2580 obsides,
850 2536 919 2584 qui
948 2536 1085 2573 urbem
1111 2536 1341 2586 patentibus
1364 2536 1492 2586 portis
1515 2534 1724 2584 accipiant.

231 2606 281 2642 15
301 2605 382 2643 Nec
413 2619 482 2643 vos
512 2605 606 2642 fidei
638 2609 782 2641 nostrae
815 2619 886 2643 nec
916 2620 987 2643 nos
1019 2608 1176 2656 imperii
1205 2607 1328 2644 vestri
1357 2606 1601 2656 paenitebit.“
1650 2604 1723 2643 Ca-

295 2677 406 2714 millo
446 2682 485 2714 et
525 2677 574 2714 ab
612 2676 794 2713 hostibus
833 2682 870 2714 et
901 2691 923 2714 a
955 2677 1107 2715 civibus
1138 2678 1279 2726 gratiae
1310 2681 1420 2715 actae.
1482 2678 1652 2717 Faliscis
1681 2678 1724 2716 in
