1821 2928
549 72 664 108 Liber
688 71 757 108 IV.
807 73 869 117 (A.
896 72 960 109 Oh.
985 73 1080 117 445.)
1450 77 1528 115 201

95 202 150 241 sit
179 202 374 253 plebeius,
405 214 455 239 ne
487 200 626 240 eodem
656 201 799 239 itinere
830 204 906 248 eat,
937 214 987 239 ne
1019 200 1126 238 idem
1157 200 1386 239 convivium
1412 200 1532 250 ineat,

95 287 145 312 ne
175 274 217 312 in
247 274 334 313 foro
366 273 504 312 eodem
535 272 762 311 consistat?
823 272 933 320 Quid
965 273 1071 311 enim
1102 273 1143 310 in
1174 285 1218 311 re
1249 275 1309 310 est
1339 272 1466 322 aliud,
1498 273 1534 311 si

94 345 294 397 plebeiam
323 345 518 396 patricius
549 345 723 393 duxerit,
753 345 788 383 si
819 345 1030 395 patriciam
1055 344 1265 395 plebeius?
1311 344 1421 392 Quid
1437 344 1536 382 iuris

93 417 254 457 tandem
286 417 492 456 mutatur?
537 417 689 468 Nempe
705 420 860 467 patrem
877 419 1101 467 sequuntur
1117 417 1249 456 liberi.
1296 416 1394 466 Nec,
1426 416 1534 466 quod
1554 416 1604 454 12

96 503 168 528 nos
200 504 248 528 ex
279 489 479 528 connubio
510 493 642 528 vestro
675 492 875 540 petamus,
908 489 1124 539 quicquam
1156 493 1232 539 est,
1265 491 1535 538 praeterquam

95 566 142 600 ut
171 562 387 610 hominum,
418 565 464 600 ut
493 562 642 600 civium
671 574 837 599 numero
869 562 1005 608 simus,
1035 574 1120 607 nec,
1151 574 1232 607 vos,
1263 561 1343 598 nisi
1376 561 1418 598 in
1447 574 1536 599 con-

95 634 300 672 tumeliam
333 634 678 684 ignominiamque
708 636 887 672 nostram
918 637 1075 671 certare
1100 633 1220 680 iuvat,
1253 633 1359 682 quod
1376 636 1536 670 conten-

95 706 213 753 datis,
245 707 463 757 quicquam
495 710 567 747 est.
627 706 816 756 Denique
846 709 979 743 utrum
1009 705 1171 744 tandem
1202 705 1345 755 populi
1362 704 1536 742 Romani
1623 701 1651 750 5

95 791 147 825 an
176 782 354 818 vestrum
386 792 582 817 summum
614 779 826 829 imperium
858 776 947 815 est?
1006 778 1188 827 Regibus
1220 778 1370 816 exactis
1400 780 1538 815 utrum

94 851 209 889 vobis
241 851 462 889 dominatio
493 865 543 889 an
576 851 761 889 omnibus
788 864 903 900 aequa
926 850 1092 888 libertas
1108 854 1224 901 parta
1241 849 1332 887 est?
1363 848 1575 899 Oportet2

95 922 218 961 licere
249 924 398 974 populo
416 923 612 973 Romano,
646 924 680 961 si
709 923 820 969 velit,
852 922 989 960 iubere
1021 923 1163 972 legem,
1196 936 1258 969 an,
1290 926 1335 959 ut
1366 935 1536 972 quaeque

94 996 253 1043 rogatio
293 996 549 1046 promulgata
589 996 678 1044 erit,
719 1009 788 1033 vos
828 995 1017 1032 dilectum
1050 1009 1122 1045 pro
1154 1008 1272 1044 poena
1302 993 1537 1040 decernetis,

96 1070 147 1114 et,
179 1068 299 1105 simul
330 1081 403 1117 ego
434 1068 621 1106 tribunus
651 1081 793 1107 vocare
815 1068 947 1105 tribus
970 1068 1011 1105 in
1036 1067 1268 1116 suffragium
1295 1079 1462 1116 coepero,
1493 1068 1538 1102 tu

95 1139 230 1177 statim
263 1141 399 1178 consul
431 1143 680 1178 sacramento
712 1140 891 1178 iuniores
922 1139 1061 1189 adiges
1093 1143 1132 1177 et
1163 1140 1204 1177 in
1230 1143 1359 1177 castra
1382 1138 1538 1183 educes,

95 1215 136 1249 et
166 1212 381 1250 minaberis
398 1213 522 1263 plebi,
554 1213 770 1251 minaberis
786 1212 983 1250 tribuno?
1016 1212 1135 1260 Quid,
1168 1212 1308 1259 sinon,
1343 1213 1535 1260 quantum
1554 1210 1578 1247 3

96 1284 185 1322 istae
218 1285 335 1322 minae
362 1285 554 1323 adversus
581 1285 713 1335 plebis
731 1298 965 1322 consensum
982 1285 1176 1333 valerent,
1208 1284 1269 1321 bis
1287 1284 1364 1320 iam
1382 1281 1538 1332 experti

97 1356 265 1394 essetis?
290 1355 464 1404 Scilicet,
477 1357 572 1407 quia
587 1357 703 1395 nobis
721 1356 943 1394 consultum
962 1357 1170 1403 volebatis,
1182 1356 1400 1394 certamine
1417 1354 1538 1392 absti-

96 1428 258 1475 nuistis;
301 1442 350 1467 an
381 1429 470 1467 ideo
503 1443 583 1467 non
615 1432 674 1467 est
704 1429 946 1475 dimicatum,
978 1429 1098 1479 quod,
1132 1442 1220 1478 quae
1250 1441 1344 1478 pars
1374 1427 1539 1473 firmior,

97 1500 235 1538 eadem
267 1500 484 1538 modestior
514 1501 620 1538 fuit?
651 1501 734 1540 Nec
756 1514 862 1538 nunc
879 1501 955 1538 erit
972 1504 1185 1550 certamen,
1220 1500 1416 1548 Quirites,
1450 1499 1531 1536 ani-
1550 1498 1576 1535 4

97 1585 181 1610 mos
226 1576 379 1611 vestros
427 1573 490 1610 illi
535 1573 751 1611 tentabunt
791 1586 957 1623 semper,
1003 1574 1107 1611 vires
1146 1587 1226 1610 non
1265 1572 1536 1622 experientur.

95 1644 240 1695 Itaque
272 1645 323 1683 ad
354 1645 462 1683 bella
492 1646 581 1693 ista,
613 1659 681 1684 seu
709 1646 810 1684 falsa
833 1659 902 1684 seu
926 1659 1020 1683 vera
1036 1651 1140 1693 sunt,
1172 1646 1365 1692 consules,
1396 1647 1537 1694 parata
1555 1645 1578 1681 5

96 1717 212 1755 vobis
242 1718 380 1768 plebes
412 1723 490 1767 est,
532 1718 567 1756 si
599 1719 809 1756 connubiis
841 1718 1012 1756 redditis
1043 1731 1164 1756 unam
1197 1718 1297 1755 hanc
1329 1718 1537 1755 civitatem

95 1790 259 1828 tandem
289 1790 438 1839 facitis,
480 1790 513 1828 si
547 1792 788 1838 coalescere,
829 1792 862 1829 si
894 1791 1007 1839 iungi
1040 1791 1276 1840 miscerique
1307 1790 1424 1828 vobis
1455 1789 1536 1838 pri—

96 1862 200 1900 vatis
230 1863 599 1902 necessitudinibus
630 1867 809 1914 possunt,
849 1864 883 1901 si
915 1877 1017 1913 spes,
1057 1863 1090 1900 si
1123 1862 1256 1900 aditus
1285 1862 1335 1899 ad
1366 1862 1538 1899 honores

96 1934 195 1972 viris
227 1935 401 1973 strenuis
433 1939 473 1973 et
502 1936 675 1974 fortibus
706 1936 836 1983 datur,
867 1937 900 1973 si
927 1935 967 1972 in
986 1936 1200 1984 consortio,
1233 1935 1268 1972 si
1287 1935 1328 1972 in
1346 1934 1537 1971 societate

98 1996 362 2057 rei’publicae
394 2021 492 2053 esse,
523 2008 570 2055 si,
604 2008 711 2058 quod
728 2021 852 2058 aequae
870 2008 1072 2046 libertatis
1090 2012 1159 2055 est,
1191 2009 1233 2046 in
1249 2008 1377 2045 vicem
1394 2005 1535 2044 annuis

97 2079 400 2128 magistratibus
432 2093 572 2130 parere
605 2084 724 2130 atque
756 2081 988 2131 imperitare
1020 2081 1124 2119 licet.
1172 2079 1216 2118 Si
1240 2081 1325 2118 haec
1344 2078 1576 2129 impediet6

98 2150 256 2201 aliquis,
286 2152 387 2190 ferte
418 2153 668 2190 sermonibus
701 2157 741 2191 et
767 2153 1034 2203 multiplicate
1057 2154 1164 2191 fama
1189 2153 1312 2199 bella;
1344 2165 1459 2190 nemo
1476 2153 1538 2188 est

99 2235 240 2261 nomen
272 2223 450 2270 daturus,
496 2238 611 2263 nemo
643 2239 753 2264 arma
784 2230 986 2276 capturus.
1025 2239 1140 2263 nemo
1173 2226 1433 2263 dimicaturus
1463 2235 1536 2273 pro

100 2295 284 2345 superbis
315 2296 496 2342 dominis,
530 2310 618 2335 cum
651 2299 798 2348 quibus
830 2312 902 2336 nec
932 2299 972 2336 in
1003 2298 1228 2358 republica
1251 2297 1446 2335 honorum
1463 2307 1536 2332 nec

72 2421 75 2425 ἦ
100 2366 142 2403 in
173 2368 334 2417 privata
364 2369 556 2407 connubii
587 2370 758 2408 societas
790 2374 887 2410 est.“

214 2439 345 2486 Quum
383 2441 423 2478 in
465 2441 691 2480 contionem
730 2446 770 2480 et
807 2443 990 2482 consules
1020 2444 1312 2493 processissent
1350 2444 1388 2478 et
1418 2452 1482 2476 res
1513 2451 1536 2475 a
1621 2433 1650 2481 6

102 2512 306 2561 perpetuis
338 2513 590 2551 orationibus
621 2514 662 2551 in
695 2515 997 2554 altercationem
1027 2515 1231 2561 vertisset,
1269 2510 1535 2561 interroganti

102 2583 286 2630 tribuno,
327 2597 397 2622 cur
428 2585 626 2635 plebeium
659 2587 859 2625 consulem
890 2587 977 2625 fieri
1008 2601 1088 2625 non
1120 2590 1340 2637 oporteret,
1380 2589 1425 2622 ut
1455 2584 1534 2621 for·
1553 2585 1576 2620 2

101 2656 205 2691 tasse
234 2667 340 2703 vere,
370 2658 426 2695 sic
449 2671 591 2707 parum
613 2658 772 2697 utiliter
798 2659 840 2697 in
857 2672 1032 2710 praesens
1049 2663 1248 2697 certarnen
1263 2656 1292 2709 l)
1319 2655 1537 2707 respondit,

172 2746 195 2776 ¹)
221 2748 344 2774 Excidit
362 2757 473 2776 nomen
492 2750 718 2778 alteriusutrius
737 2752 882 2778 consulis.
