1821 2928
539 259 633 285 Liber
651 259 688 284 x.
726 259 774 288 (A.
795 259 846 286 ch.
865 260 1025 290 zos—29⁷.)
1393 250 1473 287 211

93 373 240 424 quibus
271 387 343 424 per
374 374 542 420 eosdem,
574 375 643 424 qui
666 374 865 422 tulissent,
896 374 1006 412 fraus
1027 374 1158 422 fieret;
1199 375 1279 413 iam
1302 375 1389 425 regi
1415 375 1535 425 leges,

91 456 171 481 non
201 455 350 491 regere.
424 441 606 493 Populus
643 443 774 481 nihilo
816 443 946 481 minus
985 442 1176 492 suffragia
1205 443 1350 492 inibat,
1395 447 1444 491 et,
1489 447 1533 482 ut
1551 444 1600 482 11

93 524 262 561 quaeque
289 511 395 549 intro
422 516 563 550 vocata
590 516 676 549 erat
703 512 903 558 centuria,
944 513 1146 550 consulem
1172 512 1281 550 haud
1308 512 1431 563 dubie
1456 512 1532 551 Fa-

90 579 202 617 bium
234 579 404 617 dicebat.
465 580 567 617 Tum
600 581 757 618 demum
790 593 983 617 consensu
1022 581 1197 619 civitatis
1226 582 1378 628 victus,
1427 580 1532 629 „Dei
1552 582 1601 619 12

89 649 341 698 approbent“
368 649 510 699 inquit,
545 649 680 698 „quod
707 649 827 698 agitis
851 649 1062 699 acturique
1084 650 1190 697 estis,
1223 649 1412 697 Quirites.
1461 649 1531 687 Ce-

87 719 237 765 terum,
265 717 455 767 quoniam
482 719 523 755 in
540 731 612 765 me,
638 718 745 768 quod
762 731 831 755 vos
854 717 988 764 vultis,
1014 717 1160 755 facturi
1187 718 1296 765 estis,
1321 718 1362 755 in
1380 717 1534 767 collega

88 785 142 823 sit
172 798 268 823 meae
299 786 407 836 apud
438 800 508 824 vos
539 787 680 836 gratiae
711 786 831 824 locus.
893 786 939 823 P.
970 786 1162 834 Decium,
1195 790 1401 837 expertum
1432 786 1602 825 111111113

89 853 279 892 concordi
310 854 480 904 collegio
512 856 654 903 virum,
696 855 861 904 dignum
891 855 1017 902 vobis,
1057 853 1224 904 dignum
1255 858 1421 906 parente
1451 868 1533 902 suo,

88 935 222 973 quaeso
267 936 420 961 mecum
467 924 666 961 consulem
711 924 906 962 faciat·is.“
987 923 1103 961 Iusta
1155 923 1390 972 suffragatio
1436 923 1532 962 visa.

87 990 246 1040 Omnes,
277 1006 365 1042 quae
396 996 642 1042 supererant,
674 993 862 1031 centuriae
896 992 942 1041 Q.
974 992 1158 1040 Fabium,
1188 992 1235 1030 Ρ.
1251 991 1424 1030 Decium
1441 1005 1531 1030 con-

86 1060 192 1098 sules
225 1060 371 1099 dixere.

200 1128 261 1167 Eo
288 1143 392 1167 anno
409 1130 611 1181 plerisque
629 1130 713 1168 dies
731 1130 841 1168 dicta
867 1130 916 1168 ab
934 1130 1134 1177 aedilibus,
1166 1130 1261 1180 quia
1277 1129 1380 1180 plus,
1411 1142 1530 1179 quam
1551 1129 1602 1166 14

86 1197 194 1248 quod
225 1198 313 1247 lege
344 1198 500 1236 finitum
533 1202 629 1246 erat,
662 1199 749 1248 agri
779 1199 1052 1250 possiderent3
1084 1213 1156 1236 nec
1179 1198 1392 1249 quisquam
1408 1197 1531 1236 ferme

86 1269 145 1304 est
175 1270 383 1317 purgatus,
424 1267 679 1317 vinclumque
721 1268 863 1317 ingens
904 1267 1126 1305 immodicae
1159 1266 1379 1317 cupiditati
1410 1266 1530 1304 iniec-

0 1331 2 1336 ’
27 1361 44 1376 -,
83 1339 170 1373 tum
199 1338 269 1373 est.

202 1403 394 1442 Consules
427 1405 531 1451 novi,
563 1404 610 1452 Q.
628 1405 781 1442 Fabius
805 1404 1006 1442 Maximus
1038 1407 1227 1455 quartum
1258 1408 1297 1442 et
1312 1403 1359 1441 P.
1382 1403 1535 1442 Decius

84 1541 232 1588 hostes,
271 1541 372 1578 alter
403 1541 595 1579 Etruscos
637 1542 844 1590 deligeret,
886 1545 1126 1591 quantaeque
1172 1541 1213 1578 in
1250 1541 1354 1579 hanc
1385 1544 1455 1579 aut
1484 1541 1566 1578 in2

85 1609 196 1647 illam
228 1610 476 1659 provinciam
510 1610 635 1659 copiae
667 1610 784 1657 satis,
831 1613 869 1647 et
899 1614 988 1647 uter
1019 1609 1069 1647 ad
1100 1613 1235 1646 utrum
1265 1609 1418 1647 bellum
1449 1609 1530 1646 dux

84 1677 252 1716 idoneus
284 1678 410 1727 magis
443 1681 555 1720 esset,
598 1678 648 1716 ab
683 1677 820 1716 Sutrio
852 1682 891 1716 et
922 1678 1074 1728 Nepete
1115 1682 1155 1715 et
1186 1678 1360 1716 Faleriis
1391 1677 1568 1727 legat-i,3

83 1750 280 1793 auctores,
312 1747 481 1785 concilia
513 1747 686 1784 Etruriae
719 1748 959 1797 populorum
978 1747 1026 1784 de
1042 1746 1216 1797 petenda
1246 1760 1345 1797 pace
1375 1746 1528 1794 haberi,

79 1818 205 1853 totam
237 1815 335 1853 belli
365 1816 508 1853 molem
540 1816 580 1853 in
600 1814 806 1853 Samnium
837 1819 1082 1854 averterunt.
1127 1815 1309 1853 Profecti
1335 1814 1525 1862 0011511165,
1543 1816 1569 1854 4

82 1896 161 1933 quo
208 1884 478 1933 expeditiores
520 1889 759 1922 commeatus
801 1888 930 1922 essent
971 1888 1010 1922 et
1040 1884 1232 1921 incertior
1263 1882 1403 1929 hostis,
1447 1895 1527 1932 qua

80 1954 291 1989 vent-urum
322 1952 472 1989 bellum
503 1953 616 1999 foret,
648 1952 800 1990 Fabius
825 1966 896 2002 per
914 1951 1121 1998 Soranum,
1153 1951 1305 1989 Decius
1331 1964 1402 2000 per
1419 1949 1526 1988 Sidi-

82 2020 214 2058 einum
245 2033 385 2068 agrum
418 2020 458 2056 in
491 2019 698 2057 Samnium
730 2020 908 2068 legiones
940 2019 1102 2057 ducunt.
1163 2018 1247 2057 Ubi
1279 2019 1319 2056 in
1351 2019 1566 2061 hostium5

79 2088 178 2126 fines
207 2093 370 2126 ventum
402 2092 471 2135 est,
504 2091 670 2138 uterque
702 2087 1013 2138 populabundus
1040 2087 1162 2125 effuso
1186 2088 1346 2137 agmine
1362 2087 1526 2126 incedit.

79 2157 307 2208 Explorant
336 2162 469 2195 tamen
501 2157 622 2194 latius
655 2170 772 2206 quani
799 2157 1063 2206 populantur3
1095 2156 1218 2205 igitur
1242 2170 1321 2194 non
1347 2156 1524 2195 fefellere
1542 2160 1565 2197 6

79 2226 131 2264 ad
162 2225 368 2263 Tifernum
402 2227 534 2264 hostes
566 2226 607 2263 in
640 2225 795 2263 occulta
826 2225 930 2262 valle
954 2225 1151 2273 instructi,
1183 2238 1302 2276 quam
1325 2225 1527 2274 ingressos

79 2293 282 2332 Romanos
314 2294 519 2344 superiore
552 2308 598 2331 ex
630 2295 716 2331 loco
751 2293 902 2331 adoriri
935 2294 1143 2344 parabant.
1204 2294 1368 2341 Fabius,
1400 2293 1522 2343 impe-
1542 2297 1564 2333 7

80 2363 271 2400 dimentis
303 2363 344 2400 in
375 2363 505 2400 locum
524 2366 654 2399 tutum
680 2363 843 2399 remotis
859 2362 1129 2412 praesidioque
1150 2362 1306 2400 modico
1327 2362 1524 2412 imposito,

78 2431 326 2482 praemonitis
358 2431 567 2476 militibus,
599 2431 735 2468 adesse
768 2435 988 2478 certamen,
1035 2431 1233 2481 quadrato
1273 2430 1431 2480 agmine
1469 2429 1520 2468 ad

77 2499 293 2550 praedictas
319 2499 492 2537 hostium
517 2499 690 2536 latebras
714 2499 904 2537 succedit.
965 2497 1176 2546 Samnites,
1208 2500 1418 2549 desperato
1450 2498 1521 2535 im·
1539 2500 1565 2538 8

78 2568 240 2618 proviso
270 2568 456 2614 tumultu,
489 2567 649 2617 quando
684 2567 724 2604 in
754 2572 936 2617 apertum
968 2567 1089 2606 semel
1120 2568 1336 2605 discrimen
1358 2580 1524 2605 evasura

79 2639 181 2674 esset
210 2650 286 2684 res,
317 2641 357 2674 et
388 2637 464 2686 ipsi
496 2636 581 2674 acie
612 2636 718 2673 iusta
745 2636 971 2674 maluerunt
998 2649 1245 2674 concurrere.
1305 2635 1450 2685 Itaque
1480 2635 1522 2672 in

79 2717 235 2755 aequum
281 2704 527 2743 descendunt
573 2717 617 2742 ac
656 2704 825 2741 fortunae
865 2718 905 2742 se
943 2705 1092 2742 maiore
1129 2704 1261 2742 animo
1303 2717 1422 2754 quam
1452 2716 1521 2754 spe

1175 2782 1239 2815 14*

1609 1400 1665 1447 14

84 1472 177 1510 Mus
216 1472 393 1519 tertium,
440 1486 560 1522 quum
600 1473 705 1510 inter
744 1487 784 1510 se
823 1474 1044 1521 agitarent,
1089 1473 1151 1510 uti
1189 1473 1291 1511 alter
1329 1470 1528 1510 Samnites
1546 1459 1733 1523 ἓζιέζέξζζ
