1821 2928
517 144 633 180 Liber
658 144 705 180 v.
754 146 818 190 (A.
846 145 912 181 oh.
937 147 1148 191 391-390.)
1460 152 1542 190 293

99 274 238 322 aciem,
274 273 502 312 Romanum
541 274 716 323 legatum
749 288 844 321 esse,
884 274 1043 324 signum
1087 274 1223 312 datum
1256 279 1326 314 est.
1389 275 1592 316 OmissaS

96 346 191 384 inde
238 347 280 384 in
328 345 513 384 Clusinos
558 346 630 392 ira,
675 346 858 396 receptui
904 350 1052 384 canunt
1097 347 1296 386 minantes
1343 348 1549 387 Romanis.

97 419 236 466 Erant,
267 419 338 469 qui
370 419 574 468 extemplo
605 417 775 456 Romam
807 419 978 457 eundum
1012 423 1240 467 censerent3
1283 421 1415 459 vicere
1447 421 1549 459 seni-

97 504 200 538 oreS,
230 494 276 529 ut
307 490 433 540 legati
465 491 579 541 prius
611 491 867 528 mitterentur
891 494 1075 541 questum
1099 492 1267 530 iniurias
1284 493 1549 543 postulatum-

96 576 186 614 que,
225 566 272 600 ut
308 577 381 614 pro
423 563 511 601 iure
542 563 722 613 gentium
753 562 906 600 violato
938 561 1058 601 Fabii
1090 564 1342 602 dederentur.
1403 565 1590 615 Legat-,is

96 634 309 674 Gallorum
342 649 464 686 quum
495 649 553 682 ea,
586 636 692 674 sicut
709 639 823 673 erant
840 634 1040 682 mandata,
1072 638 1362 686 exposuissent,
1394 639 1550 676 senatui

94 721 169 746 nec
199 708 350 746 factum
381 708 567 758 placebat
586 708 809 746 Fabiorum
842 712 881 745 et
910 709 972 746 ius
1003 709 1210 758 postulare
1242 709 1406 748 barbari
1438 711 1549 748 vide-

93 780 262 826 bantur3
294 779 364 817 sed
382 793 430 817 ne
448 780 502 827 id,
533 781 641 830 quod
659 781 853 831 placebat,
871 781 1105 818 decerneret
1123 781 1164 818 in
1180 786 1302 820 tantae
1319 783 1547 821 nobilitatis

92 852 204 898 viris,
242 852 409 890 ambitio
451 852 648 891 obstabat.
709 854 852 903 Itaque
893 866 942 891 ne
975 858 1104 904 'penes
1144 855 1250 904 ipsos
1291 856 1410 906 culpa
1442 860 1546 894 esset
1564 860 1615 897 10

94 924 231 970 cladis,
263 927 300 963 si
330 925 444 972 forte,
477 924 635 963 Gallico
667 925 775 963 bello
808 929 995 976 acceptae,
1027 927 1296 976 cognitionem
1329 928 1377 965 de
1408 932 1545 979 postu-

92 996 185 1034 latis
218 995 427 1037 Gallorum
461 997 510 1035 ad
542 998 736 1048 populum
768 998 978 1045 reiiciunt;
1026 999 1098 1036 ubi
1136 1003 1248 1037 tanto
1288 1001 1380 1050 plus
1415 1002 1549 1050 gratia

95 1071 216 1119 atque
249 1083 344 1120 opes
374 1070 550 1118 valuere,
591 1074 648 1118 ut,
688 1084 857 1120 quorum
897 1070 947 1108 de
977 1085 1095 1122 poena,
1127 1072 1343 1122 agebatur,
1389 1074 1548 1112 tribuni

91 1141 267 1179 militum
301 1143 501 1180 consulari
531 1147 730 1193 potestate
763 1144 802 1181 in
835 1144 1111 1194 insequentem
1138 1158 1285 1182 annum
1303 1150 1547 1185 crearentur.

77 1213 182 1261 .Quo
212 1214 317 1252 facto
349 1215 454 1252 haud
487 1229 611 1262 secuS,
643 1229 762 1266 quam
794 1216 960 1266 dignum
993 1220 1090 1263 erat,
1135 1218 1283 1256 infensi
1316 1217 1428 1256 Galli
1459 1219 1542 1257 bel·
1564 1223 1612 1262 11

89 1286 172 1323 lum
211 1287 420 1337 propalam
459 1288 656 1326 minantes
696 1290 747 1327 ad
787 1303 878 1327 suos
920 1290 1101 1328 redeunt.
1161 1290 1335 1328 Tribuni
1367 1291 1543 1329 militum
1567 1292 1754 1357 §mg-{9⁶3-

90 1371 177 1397 cum
217 1359 349 1398 tribus
381 1360 520 1397 Fabiis
558 1361 684 1398 creati
719 1361 765 1409 Q.
798 1360 1001 1412 Sulpicius
1041 1362 1218 1412 Longus,
1263 1362 1311 1409 Q.
1345 1361 1545 1402 Servilius

89 1435 288 1481 quartum,
320 1431 404 1470 Ser.
438 1431 651 1470 Cornelius
682 1434 990 1483 Maluginensis.

203 1504 333 1552 Quum
372 1508 487 1542 tanta
527 1505 650 1543 moles
689 1506 785 1544 mali
818 1507 998 1555 instaret,
1036 1508 1152 1558 (adeo
1185 1513 1356 1547 occaecat
1386 1510 1540 1548 animos
1615 1507 1665 1554 37

85 1576 258 1622 fortuna,
290 1577 361 1615 ubi
392 1577 474 1615 vim
505 1591 616 1616 suam
650 1578 903 1628 ingruentem
935 1581 1105 1630 refringi
1134 1595 1214 1619 non
1246 1582 1350 1632 vult)
1384 1582 1542 1630 civitas,

86 1661 177 1699 quae
208 1649 399 1687 adversus
429 1649 669 1688 Fidenatem
701 1665 745 1689 ac
778 1651 989 1691 Veientem
1020 1653 1176 1691 hostem
1207 1654 1386 1704 aliosque
1417 1654 1542 1692 finiti-

56 1743 59 1746 ·
85 1734 170 1759 mos
200 1722 371 1772 populos
402 1722 548 1760 ultima
579 1725 790 1774 experiens
822 1726 970 1763 auxilia
1003 1726 1239 1764 dictatorem
1271 1727 1412 1764 multis
1443 1731 1542 1764 tem-

84 1794 311 1844 pestatibus
344 1795 524 1842 dixisset,
556 1808 603 1834 ea
632 1800 740 1845 tunc,
771 1797 981 1836 invisitato
1007 1801 1126 1849 atque
1145 1799 1328 1837 inaudito
1360 1799 1473 1837 hoste
1489 1800 1539 1838 ab
1559 1803 1581 1838 2

86 1864 248 1904 Oceano
279 1869 560 1918 terrarumque
592 1869 748 1907 ultimis
780 1870 860 1907 oris
892 1870 1044 1908 bellum
1077 1871 1219 1919 ciente,
1261 1871 1367 1909 nihil
1410 1874 1547 1910 extra?

86 1938 286 1976 ordinarii
318 1938 476 1990 imperii
507 1944 577 1978 aut
607 1941 749 1979 auxilii
767 1943 964 1992 quaesivit.
1010 1943 1198 1990 Tribuni,
1229 1958 1398 1994 quorum
1415 1949 1536 1983 teme·
1556 1946 1580 1983 3

86 2011 208 2048 ritate
241 2010 393 2048 bellum
427 2016 674 2050 contractum
708 2019 805 2061 erat,
837 2028 998 2053 summae
1025 2029 1157 2053 rerum
1173 2021 1387 2067 praeerant,
1419 2017 1542 2055 dilec-

83 2086 255 2133 tumque¹
268 2083 396 2121 nihilo
422 2085 722 2132 accuratiorem,
756 2099 873 2136 quam
892 2087 943 2125 ad
959 2088 1093 2126 media
1110 2088 1221 2127 bella
1238 2089 1381 2127 haberi
1397 2090 1541 2128 solitus

85 2159 183 2203 erat,
215 2159 478 2194 extenuantes
511 2157 632 2194 etiam
650 2158 796 2197 famam
813 2159 926 2207 belli,
956 2160 1174 2202 habebant.
1221 2161 1392 2200 Interim
1411 2162 1532 2209 Galli,
1551 2165 1575 2201 4

83 2232 297 2278 postquam
329 2242 531 2279 accepere,
563 2230 671 2268 ultro
703 2231 894 2270 honorem
929 2233 1111 2271 habitum
1136 2234 1406 2272 violatoribus
1439 2235 1540 2274 iuris

83 2300 250 2338 humani
281 2301 512 2351 elusamque
543 2302 789 2352 legationem
822 2318 932 2342 suam
960 2319 1056 2353 esse,
1085 2306 1303 2356 flagrantes
1321 2308 1394 2353 ira,
1427 2308 1538 2346 cuius

84 2372 283 2423 impotens
317 2377 377 2411 est
407 2387 518 2423 gens,
558 2375 770 2415 confestim
809 2377 936 2427 signis
975 2379 1190 2426 convulsis,
1223 2380 1346 2417 citato
1379 2381 1538 2429 agmine

82 2444 161 2482 iter
192 2444 488 2494 ingrediuntur.
537 2445 605 2484 Ad
623 2461 792 2497 quorum
809 2451 1139 2500 praetereuntium
1158 2452 1304 2502 raptim
1322 2453 1537 2489 tumultum
1556 2452 1580 2489 5

83 2529 206 2567 quum
239 2518 444 2555 exterritae
475 2519 595 2556 urbes
626 2519 675 2556 ad
693 2534 803 2559 arma
821 2526 1108 2561 concurrerent
1124 2523 1301 2574 fugaque
1319 2525 1538 2574 agrestium

81 2588 208 2635 fieret,
238 2588 408 2628 Romam
441 2603 482 2628 se
515 2591 573 2628 ire
603 2604 750 2641 magno
777 2594 951 2632 clamore
967 2586 1267 2645 significabant,
1299 2610 1537 2647 quacunque

85 2660 221 2707 ibant,
266 2661 380 2711 equis
420 2662 602 2712 virisque
641 2663 760 2714 longe
798 2678 842 2703 ac
879 2667 960 2705 late
990 2668 1079 2705 fuso
1111 2669 1270 2717 agmine
1301 2669 1537 2707 immensum

82 2731 313 2771 obtinentes
344 2733 435 2771 loci.
484 2733 563 2772 Sed
595 2736 856 2775 antecedente
887 2739 991 2777 fama
1010 2740 1243 2790 nuntiisque
1259 2739 1571 2789 Clusinorum,6
