1821 2928
360 171 436 207 102
791 180 881 205 Liber
900 180 985 205 vm.
1022 179 1070 209 (A.
1090 187 1117 204 u.
1136 186 1160 204 e.
1180 181 1250 206 ω.)

254 294 471 331 4illustres
502 294 593 340 viri,
624 294 708 331 noti
740 297 869 343 erant)
902 293 1102 342 cognovit,
1145 293 1338 339 ,.Unane“
1373 293 1429 330 ait
1463 295 1618 340 „turma
1648 292 1726 330 Ro-

294 362 400 398 mani
433 374 521 398 cum
538 361 696 398 Latinis
727 362 925 410 sociisque
957 361 1107 398 bellum
1138 361 1289 409 gesturi
1320 360 1442 397 estis?
1473 360 1585 408 Quid
1608 361 1727 398 inter-

256 429 278 465 5
297 442 341 466 ea
372 429 563 474 eonsules,
594 429 694 478 quid
726 429 803 467 duo
835 429 1034 467 exercitus
1055 429 1280 466 consulares
1303 428 1476 476 agent‘?²‘
1515 427 1727 474 „Aderunt

294 496 336 533 in
365 500 567 546 tempora·
587 496 764 534 Manlius
791 497 931 546 inquit,
967 500 1029 544 „et
1055 510 1142 533 cum
1167 496 1250 533 illis
1277 496 1409 533 aderit.
1425 495 1609 545 Iuppiter
1633 495 1728 545 ipse,

292 563 487 601 foederum
517 578 539 601 a
564 564 677 601 vobis
708 565 950 602 violatorum
979 565 1104 611 test-is,
1136 565 1206 613 qui
1236 564 1327 613 plus
1357 566 1488 613 potest
1513 563 1727 613 polletque.

255 630 339 668 ssSi
372 632 422 668 ad
453 631 661 679 Regillum
706 632 834 669 laeum
880 632 931 670 ad
975 633 1200 670 satietatem
1243 635 1414 668 vestram
1453 631 1728 680 pugnavimus,

293 699 359 736 hic
391 713 547 749 quoque
577 699 792 737 efficiemus
824 701 1012 749 profecto,
1044 714 1091 737 ne
1114 700 1233 738 nimis
1257 700 1362 737 acies
1378 699 1493 736 vobis
1519 702 1557 736 et
1581 698 1727 736 collata

257 767 408 815 ’lsigna
440 767 649 805 nobiscum
680 768 791 805 cordi
823 768 939 805 sintf
1004 768 1073 805 Ad
1105 782 1149 805 ea
1167 767 1360 806 Geminus
1386 766 1548 816 paulum
1571 766 1727 806 absuis

294 848 395 884 equo
441 839 668 884 provectus:
718 835 870 882 „Visne
918 837 1052 884 igitur,
1099 836 1191 872 dum
1237 835 1322 872 dies
1368 835 1443 871 ista
1483 834 1603 880 venit,
1649 846 1726 882 qua

294 915 437 950 magno
469 907 611 939 conatu
643 904 843 940 exercitus
881 904 1091 949 moveatis,
1137 903 1288 940 interea
1324 906 1369 938 tu
1409 902 1494 951 ipse
1535 900 1726 949 congredi

258 971 264 975 ”
295 983 456 1016 mecum,
486 974 531 1007 ut
561 975 697 1008 nostro
729 971 896 1008 duorum
928 973 1006 1009 iam
1038 971 1132 1008 hinc
1149 974 1292 1007 eventu
1310 973 1503 1014 cernatur,
1535 971 1726 1018 quantum

254 1037 414 1086 Seques
445 1037 616 1075 Latinus
646 1038 828 1076 Romano
874 1040 1090 1089 1)raestet?“
1153 1038 1289 1076 Movet
1334 1038 1505 1074 ferocem
1550 1035 1725 1073 animum

294 1105 450 1142 iuvenis
496 1118 563 1142 seu
610 1106 669 1143 ira
701 1120 769 1143 seu
800 1106 1050 1144 detrectandi
1084 1105 1314 1142 certaminis
1345 1104 1475 1154 pudor
1520 1116 1589 1141 seu
1619 1103 1726 1141 inex-

293 1173 532 1221 superabilis
556 1173 615 1210 vis
638 1174 721 1211 fati.
782 1173 943 1212 Oblitus
972 1174 1105 1222 itaque
1123 1173 1284 1222 imperii
1299 1172 1424 1222 patrii
1443 1170 1726 1219 consulumque

294 1239 430 1287 edicti,
473 1254 649 1290 praeceps
680 1242 731 1278 ad
763 1242 805 1278 id
838 1246 1037 1279 certamen
1067 1240 1212 1289 agitur,
1243 1253 1321 1289 quo
1352 1239 1531 1276 vinceret
1561 1251 1611 1274 an
1641 1238 1727 1276 vin-

256 1306 278 1342 9
297 1311 462 1354 ceretur,
494 1308 601 1346 haud
632 1309 801 1346 multum
833 1310 1053 1346 interesset.
1112 1308 1331 1357 Equitibus
1363 1307 1505 1344 ceteris
1535 1306 1645 1343 velut
1675 1305 1725 1343 ad

294 1376 563 1423 spectaculum
595 1377 814 1422 summotis,
845 1377 987 1426 spatio,
1019 1376 1125 1425 quod
1155 1376 1271 1413 vacui
1296 1374 1559 1412 interiacebat
1583 1374 1726 1422 campi,

295 1442 481 1479 adversos
514 1444 718 1481 concitant
749 1458 888 1493 equos;
934 1448 972 1481 et
1017 1457 1137 1493 quum
1178 1443 1334 1480 infestis
1373 1441 1604 1491 cuspidibus
1636 1453 1724 1478 con-

296 1511 522 1549 currissent.
567 1512 715 1549 Manlii
757 1512 887 1561 cuspis
928 1525 1046 1561 super
1083 1512 1238 1560 galeam
1270 1510 1408 1555 hostis,
1452 1508 1588 1546 Maecii
1618 1511 1728 1545 trans

230 1577 278 1613 10
296 1578 487 1615 cervicem
518 1579 610 1627 equi
641 1579 775 1627 elapsa
807 1583 875 1616 est.
951 1579 1213 1616 Circumactis
1255 1578 1398 1615 deinde
1429 1576 1563 1626 equis,
1608 1588 1728 1625 quum

293 1645 406 1693 prior
436 1646 487 1682 ad
519 1646 746 1683 iterandum
786 1646 907 1683 ictum
939 1647 1116 1684 Manlius
1155 1645 1485 1691 consurrexisset,
1529 1644 1728 1693 spiculum

295 1712 398 1749 iuter
429 1726 543 1751 aures
575 1713 667 1762 equi
697 1714 798 1750 fixit.
858 1715 926 1751 Ad
959 1715 1070 1751 cuius
1085 1713 1263 1751 vulneris
1287 1725 1441 1749 sensum
1459 1724 1579 1760 quum
1606 1723 1729 1760 equus

294 1780 498 1828 prioribus
542 1781 712 1830 pedibus
753 1781 894 1818 erectis
926 1794 1067 1829 magna
1097 1781 1136 1817 vi
1168 1783 1288 1829 caput
1319 1782 1511 1828 quateret,
1555 1778 1728 1816 excussit

227 1847 272 1883 ll
296 1848 479 1896 equitem,
511 1862 628 1897 quem
661 1849 824 1898 cuspide
855 1862 1070 1898 parmaque
1103 1849 1298 1894 innixum,
1329 1847 1577 1884 attollentem
1607 1859 1648 1884 se
1678 1845 1728 1883 ab

292 1916 405 1962 gravi
437 1929 541 1963 casu,
572 1915 749 1953 Manlius
781 1916 829 1953 ab
862 1916 1011 1964 iugulo,
1044 1916 1101 1953 ita
1132 1919 1176 1952 ut
1206 1929 1276 1965 per
1309 1919 1436 1969 costas
1467 1914 1616 1951 ferrum
1634 1913 1728 1950 emi-

230 1982 276 2017 12
295 1986 417 2028 neret,
460 1987 577 2020 terrae
609 1984 758 2030 affixit;
804 1984 1024 2033 spoliisque
1056 1984 1171 2021 lectis
1202 1982 1252 2021 ad
1284 1996 1375 2020 suos
1406 1985 1597 2028 revectus,
1642 1993 1729 2018 cum

294 2053 436 2086 ovante
467 2052 615 2098 gaudio
660 2056 791 2089 turma
823 2052 864 2088 in
896 2055 1027 2089 castra
1056 2055 1175 2100 atque
1208 2050 1301 2087 inde
1332 2050 1383 2086 ad
1415 2049 1646 2098 praetorium
1678 2049 1729 2086 ad

293 2120 445 2165 patrem
476 2119 617 2159 tendit,
658 2120 820 2167 ignarus
866 2119 939 2156 fati
976 2119 1193 2167 futurique,
1239 2118 1326 2154 laus
1357 2131 1407 2154 an
1439 2130 1554 2166 poena
1585 2116 1727 2154 merita

230 2185 276 2220 13
295 2189 405 2222 esset.
483 2185 565 2231 „Ut
597 2200 656 2223 me
688 2191 846 2223 omnes*
882 2186 1029 2235 inquit,
1076 2189 1225 2235 „pate1·,
1265 2188 1334 2221 tuo
1374 2183 1567 2232 sanguine
1598 2187 1729 2221 ortum

292 2266 383 2290 vere
413 2252 573 2299 ferrent,
603 2258 840 2302 provocatus
879 2253 1082 2302 equestria
1119 2253 1202 2289 haec
1234 2252 1363 2302 spolia
1393 2254 1510 2301 capt-a
1541 2265 1588 2288 ex
1618 2252 1730 2289 hoste

230 2320 278 2356 14
296 2332 394 2356 caeso
425 2323 578 2369 porto.··
643 2320 760 2366 Quod
791 2320 860 2357 ubi
888 2321 1044 2358 audivit
1066 2320 1214 2366 consul,
1246 2319 1444 2368 extemplo
1469 2319 1597 2356 filium
1620 2332 1729 2356 aver-

293 2392 400 2424 satus
432 2388 657 2425 contionem
690 2388 857 2425 classico
890 2387 1079 2425 advocari
1113 2387 1239 2425 iussit.
1313 2387 1410 2433 Quae
1441 2386 1514 2423 ubi
1545 2386 1729 2435 frequens

228 2454 277 2490 15
296 2456 491 2500 convenit,
519 2455 817 2504 „Quandoque”
855 2455 984 2503 inquit
1019 2459 1098 2501 ,.tu,
1131 2454 1176 2491 T.
1191 2455 1333 2500 Manli,
1365 2467 1490 2502 neque
1517 2453 1726 2502 imperium

292 2523 499 2560 consulare
531 2536 657 2572 neque
688 2522 934 2559 maiestatem
965 2523 1137 2570 patriam
1154 2522 1317 2567 veritas,
1349 2522 1536 2559 adversus
1553 2520 1729 2558 edictum

230 2591 276 2625 16
295 2593 473 2627 nostruin
504 2594 617 2626 extra
648 2589 828 2626 ordinem
861 2589 902 2625 in
934 2589 1087 2626 hostem
1114 2589 1303 2638 pugnasti
1330 2592 1379 2633 et,
1411 2591 1602 2636 quantum
1625 2588 1667 2624 in
1689 2590 1728 2624 te
