1821 2928
586 199 677 225 Liber
694 199 748 224 1x.
785 198 833 227 (A.
853 198 904 224 ch.
923 199 994 227 320.)
1389 186 1461 224 151

81 329 161 355 non
193 315 414 364 indignitas
445 327 578 352 rerum
609 313 836 363 sponsionis
865 313 1041 350 vinclum
1073 313 1194 357 levat3
1240 311 1275 349 si
1319 310 1418 361 quid
1451 314 1521 349 est.

84 385 125 423 in
162 384 271 434 quod
308 383 481 432 obligari
517 383 690 432 populus
729 381 874 431 possit,
917 381 959 417 in
996 381 1129 418 omnia
1167 384 1310 430 potest.
1384 379 1435 416 Et
1474 392 1522 415 ne

83 453 185 490 illud
217 451 390 502 quidem,
430 450 538 500 quod
580 450 772 500 quosdam
814 449 984 485 forsitan
1015 452 1181 494 moveat,
1219 448 1352 494 refert,
1386 446 1523 484 consul

81 535 133 559 an
164 521 338 558 dictator
369 533 419 557 an
450 523 598 569 praetor
628 518 898 568 spoponderit.
957 517 1012 553 Et
1042 517 1113 554 hoc
1146 517 1225 565 ipsi
1256 516 1377 554 etiam
1409 513 1563 552 Sam—S

82 589 185 626 nites
218 587 509 632 iudicaverunt,
552 587 696 636 quibus
733 600 813 624 non
854 586 931 622 fuit
961 585 1072 631 satis.
1105 584 1284 622 consules
1315 582 1522 633 spondere.

82 655 152 693 sed
183 655 348 704 legatos,
381 658 611 704 quaestores,
649 655 834 692 tribunos
866 653 1038 691 militum
1071 653 1268 702 spondere
1300 655 1524 699 coegerunt.

81 724 163 762 Nec
196 737 219 760 a
250 737 310 760 me
340 736 445 759 nunc
485 722 697 772 quisquam
729 721 969 772 quaesiverit,
1011 721 1110 771 quid
1142 721 1197 757 ita
1227 719 1520 770 spoponderim.
1541 718 1563 753 9

81 805 204 842 quum
237 791 279 828 id
311 805 383 828 nec
415 791 591 828 consulis
624 791 686 827 ius
711 794 824 835 esset,
848 803 918 826 nec
945 789 1025 826 illis
1048 788 1245 838 spondere
1261 801 1409 838 pacem,
1435 800 1522 837 qua*

83 861 160 898 mei
191 873 270 898 non
302 863 386 896 erat
417 859 591 903 arbitrii.
625 858 725 908 [nec]
757 871 830 907 pro
845 857 974 896 vobis.
999 857 1068 907 qui
1090 857 1193 894 nihil
1215 855 1523 900 mandaveratis

80 942 250 979 possem.
318 927 433 965 Nihil
465 927 515 964 ad
548 927 760 973 Caudium,
793 929 926 975 patres
958 925 1188 974 conscripti,
1219 924 1401 962 humanis
1432 937 1521 961 con·
1544 923 1593 959 lO

81 997 187 1035 siliis
219 1000 372 1045 gestum
404 1000 481 1041 est3
513 995 555 1032 di
586 995 832 1032 immortales
865 998 903 1030 et-
933 993 1076 1031 vestris
1100 997 1140 1031 et
1161 993 1336 1031 hostium
1354 993 1522 1041 impera-

80 1065 239 1103 toribus
270 1068 443 1102 mentem
474 1063 720 1100 adcmerunt.
779 1062 861 1100 Nec
894 1075 965 1099 nos
996 1062 1039 1098 in
1069 1062 1174 1099 bello
1206 1061 1303 1098 satis
1334 1061 1522 1105 cavimus,
1542 1059 1588 1095 11

83 1138 123 1171 et
154 1134 216 1170 illi
246 1133 348 1170 male
379 1135 535 1181 partam
557 1131 770 1168 victoriam
794 1130 894 1168 male
918 1129 1194 1179 perdiderunt,
1219 1129 1313 1166 dum
1329 1130 1397 1167 vix
1413 1129 1521 1166 locis.

83 1202 230 1252 quibus
270 1201 461 1244 vicerant,
502 1198 682 1244 credunt,
723 1199 816 1236 dum
859 1211 1096 1248 quacunque
1135 1198 1373 1235 condicione
1413 1211 1522 1235 arma

80 1270 180 1307 viris
211 1270 252 1307 in
284 1282 393 1306 arma
425 1267 530 1305 natis
561 1267 716 1304 auferre
747 1266 950 1304 festinant.
1009 1266 1091 1312 An,
1115 1266 1148 1303 si
1173 1280 1268 1304 sana
1291 1279 1400 1303 mens
1426 1265 1591 1302 fuis-12

81 1342 153 1385 set,
186 1337 354 1375 difficile
387 1337 468 1374 illis
499 1336 587 1381 suit,
621 1335 715 1372 dum
747 1348 858 1372 senes
897 1334 946 1372 ab
985 1334 1102 1372 domo
1135 1334 1185 1371 ad
1216 1334 1522 1371 consultandum

82 1410 302 1451 accersunt,
336 1406 495 1442 mittere
526 1404 695 1442 Romam
728 1401 908 1451 legatos?
951 1416 1039 1439 cum
1071 1406 1222 1449 senatu,
1254 1416 1342 1440 cum
1373 1402 1523 1452 populo

79 1473 129 1512 de
159 1487 256 1524 pace
288 1487 333 1511 ac
364 1473 512 1510 foedere
542 1471 688 1521 agere?
747 1470 891 1508 Tridui
916 1470 991 1508 iter
1015 1470 1212 1520 expeditis
1237 1475 1338 1518 erat;
1370 1471 1518 1508 interea
1543 1472 1591 1507 13

81 1542 125 1579 in
157 1542 329 1580 indutiis
361 1555 422 1578 res
463 1541 616 1587 fuisset,
654 1539 779 1577 donec
817 1539 866 1576 ab
898 1539 1028 1576 Roma
1058 1539 1182 1588 legati
1214 1543 1282 1576 aut
1312 1539 1522 1577 victoriam

81 1610 163 1647 illis
195 1613 345 1648 certam
385 1612 454 1646 aut
492 1622 630 1658 pacem
669 1607 866 1645 afferrent.
926 1607 985 1644 Ea
1024 1607 1181 1644 demum
1214 1607 1376 1657 sponsio
1408 1612 1522 1653 esset,

79 1692 210 1727 quani?
230 1677 372 1728 populi
401 1677 512 1714 iussu
545 1676 908 1727 spopondissemus.
961 1674 1041 1712 Sed
1064 1689 1192 1725 neque
1215 1690 1285 1714 vos
1310 1675 1518 1721 tulissetis,
1542 1675 1591 1712 14

81 1760 151 1784 nec
189 1760 262 1784 nos
299 1745 670 1796 spopondissemus3
711 1758 782 1781 nec
820 1744 880 1782 fas
919 1743 997 1781 fuit
1037 1744 1160 1781 alium
1197 1758 1330 1781 rerum
1370 1743 1521 1781 exitum

79 1828 176 1861 esse,
216 1828 335 1865 quam
373 1818 418 1851 ut
457 1813 517 1851 illi
558 1813 669 1851 velut
699 1813 852 1850 somnio
885 1812 1049 1851 laetiore.
1082 1825 1202 1862 quam
1234 1812 1342 1862 quod
1373 1816 1524 1849 mentes

80 1896 218 1920 eorum
257 1895 397 1932 capere
434 1884 608 1932 possent,
647 1881 913 1932 nequicquam
952 1880 1223 1927 eluderentur,
1263 1884 1302 1917 et
1338 1880 1589 1917 nostruml5

80 1950 298 1988 exercitum
330 1951 479 1996 eadem,
519 1962 607 1999 quae
646 1949 896 1999 impedierat,
936 1948 1097 1986 fortuna
1133 1949 1349 1998 expediret,
1379 1962 1522 1986 vanam

81 2019 294 2056 victoriam
325 2019 468 2056 vanior
500 2018 660 2055 irritam
690 2018 840 2054 faceret
871 2030 960 2066 pair,
993 2017 1154 2066 sponsio
1187 2017 1524 2066 interponeretur,

80 2100 170 2136 quae
201 2087 397 2124 neminem
429 2090 575 2136 praeter
605 2099 834 2135 sponsorem
866 2085 1077 2133 obligaret.
1124 2084 1232 2132 Quid
1256 2085 1363 2122 enim
1388 2085 1590 2123 vobis-16

82 2167 183 2201 cuni,
214 2158 348 2204 patres
380 2154 611 2204 conscripti,
643 2154 740 2203 quid
773 2167 858 2190 rum
890 2153 1038 2203 populo
1062 2153 1243 2191 Romano
1274 2158 1405 2191 actum
1437 2153 1524 2191 est?

83 2222 185 2269 Quis
216 2236 288 2260 vos
319 2222 527 2272 appellare
559 2226 703 2272 potest,
735 2221 823 2271 quis
855 2235 895 2258 se
927 2236 950 2259 a
979 2222 1094 2259 vobis
1125 2221 1258 2260 dicere
1285 2222 1523 2271 deceptum?

83 2291 226 2328 Hostis
267 2305 317 2328 an
355 2291 484 2328 civis?
555 2291 675 2329 Hosti
714 2290 815 2327 nihil
846 2289 1132 2339 spopondistis,
1164 2291 1292 2328 civem
1323 2291 1524 2328 neminem

82 2359 280 2409 spondere
311 2373 384 2409 pro
416 2359 532 2398 vobis
565 2358 747 2396 iussistis.
807 2358 922 2396 Nihil
955 2372 1049 2407 ergo
1083 2359 1197 2396 vobis
1221 2371 1291 2396 nec
1316 2359 1522 2396 nobiscum
1544 2359 1593 2395 17

82 2431 154 2474 est,
186 2427 331 2477 quibus
363 2428 464 2465 nihil
495 2427 726 2473 mandastis,
758 2440 829 2464 nec
860 2439 948 2464 cum
966 2425 1230 2474 Samnitibus,
1262 2441 1349 2469 cum
1377 2427 1524 2476 quibus

84 2495 189 2533 nihil
219 2495 370 2544 egistis,
429 2494 678 2533 Samnitibus
709 2508 920 2545 sponsores
951 2509 1022 2532 nos
1053 2509 1187 2532 sumus
1210 2495 1269 2532 rei
1292 2495 1390 2532 satis
1416 2494 1522 2532 locu·
1544 2494 1594 2530 18

85 2563 213 2613 ple-tes
243 2563 285 2600 in
318 2563 372 2611 id,
403 2563 508 2614 quod
543 2568 723 2601 nostrum
755 2567 825 2609 est,
857 2563 897 2600 in
929 2563 983 2610 id,
1025 2563 1133 2614 quod
1164 2565 1355 2612 praestare
1386 2575 1522 2612 possu-

85 2644 183 2679 mus,
210 2645 377 2682 corpora
400 2637 534 2670 nostra
561 2636 599 2669 et
626 2631 800 2677 animos3
834 2631 874 2668 in
898 2631 982 2668 haec
1005 2631 1185 2677 saeviant,
1209 2631 1249 2668 in
1265 2630 1347 2667 haec
1364 2630 1525 2675 ferrum,
