1821 2928
369 197 444 232 112
765 205 853 230 Liber
872 205 956 230 vm.
993 205 1040 234 (A.
1060 213 1088 230 u.
1108 213 1132 230 c.
1153 207 1308 233 ηῡ-ιιε.)

313 319 597 357 consulendum
629 323 806 368 potestas
838 322 957 365 esset,
988 322 1162 356 vestrum
1189 322 1248 356 est
1273 319 1494 364 decernere,
1525 318 1624 368 quid
1641 319 1744 368 opti-

186 384 236 429 14
278 418 281 421 a
312 401 415 424 mum
447 386 561 424 vobis
592 387 731 435 reique
762 387 934 436 publicae
966 387 1054 424 sitq-⁶
1131 386 1342 436 Principes
1389 389 1547 423 senatus
1584 387 1744 424 relatio·

310 470 395 492 nem
414 455 588 492 consulis
607 454 654 491 de
670 468 819 492 summa
837 468 967 491 rerum
984 455 1158 500 laudare,
1189 454 1269 501 sed,
1300 467 1421 503 quum
1438 454 1610 491 aliorum
1628 467 1744 492 causa

309 523 390 560 alia
422 526 534 568 esset,
567 522 623 558 ita
655 522 838 572 expediri
871 535 985 571 posse
1018 522 1230 559 consilium
1261 522 1406 568 dicere,
1439 525 1482 558 ut
1512 535 1583 571 pro
1602 522 1744 559 merito

309 591 500 639 cuiusque
517 593 770 636 statueretur,
802 590 835 627 si
854 590 901 626 de
919 590 1090 637 singulis
1107 590 1345 627 nominatim
1362 590 1556 627 referrent
1573 589 1745 639 populis

268 659 290 693 2
311 660 498 696 Relatum
541 658 663 706 igitur
702 658 749 694 de
781 658 952 706 singulis
984 658 1275 707 decretumque.
1348 657 1571 695 Lanuvinis
1603 657 1745 694 civitas

309 727 403 764 (lata
434 739 624 775 sacraque
655 739 725 763 sua
755 726 916 763 reddita
947 739 1034 763 cum
1067 740 1123 772 eo,
1154 729 1198 762 ut
1229 725 1331 762 aedes
1363 726 1554 774 lucusque
1571 723 1743 773 Sospitae

310 794 477 831 lunonis
508 794 727 831 communis
744 794 968 830 Lanuvinis
999 794 1271 843 municipibus
1295 807 1382 830 cum
1398 793 1546 843 populo
1563 793 1745 830 Romano

269 864 423 899 3esset.
497 861 659 898 Aricini
699 862 1020 911 Nomentanique
1066 866 1105 898 et
1142 861 1298 899 Pedani
1344 861 1481 898 eodem
1527 861 1623 907 iure,
1667 873 1745 910 quo

270 929 527 975 4Lanuvini,
571 929 609 966 in
649 930 853 966 civitatem
892 929 1055 978 accepti.
1129 929 1368 966 Tusculanis
1406 932 1562 966 servata
1593 928 1746 974 civitas,

311 1011 427 1047 quam
460 998 673 1043 habebant,
719 997 947 1047 crimenque
991 997 1225 1035 rebellionis
1272 1011 1294 1034 a
1338 996 1502 1045 publica
1532 996 1672 1033 fraude
1703 996 1745 1032 in

273 1065 460 1114 5paucos
506 1067 689 1102 auctores
734 1079 902 1103 versum.
976 1065 1025 1101 In
1058 1064 1299 1111 Veliternos,
1342 1067 1496 1101 veteres
1528 1064 1634 1101 cives
1664 1063 1745 1100 Ro-

311 1146 459 1179 manos,
500 1132 607 1181 quod
637 1133 758 1169 toties
787 1133 1061 1179 rebellassent,
1106 1133 1284 1181 graviter
1329 1132 1527 1169 saevitum:
1575 1135 1613 1169 et
1643 1132 1746 1169 muri

313 1201 468 1247 deiecti,
500 1204 538 1236 et
570 1204 729 1238 senatus
762 1201 854 1237 inde
884 1200 1079 1238 abductus
1111 1200 1288 1248 iussique
1324 1202 1436 1236 trans
1466 1199 1648 1237 Tiberim
1678 1200 1745 1237 ha-

274 1269 455 1314 ssbitare,
486 1271 530 1304 ut
561 1268 656 1314 eius,
695 1268 765 1317 qui
797 1268 853 1305 cis
885 1267 1064 1305 Tiberim
1097 1267 1366 1316 deprehensus
1396 1270 1509 1314 esset,
1539 1281 1664 1316 usque
1695 1267 1745 1304 ad

311 1336 421 1373 mille
467 1336 614 1373 assium
657 1336 867 1384 clarigatio
908 1339 1020 1382 esset,
1065 1349 1136 1372 nec
1173 1336 1406 1384 priusquam
1437 1349 1512 1372 aere
1542 1335 1744 1384 persoluto

272 1405 293 1440 7
313 1405 357 1450 is,
388 1404 456 1453 qui
489 1404 669 1453 cepisset,
700 1407 811 1441 extra
841 1404 975 1441 vincla
1006 1407 1165 1452 captum
1195 1403 1370 1441 haberet.
1437 1403 1487 1440 In
1518 1415 1657 1451 agrum
1687 1416 1744 1439 se-

312 1476 494 1509 natorum
539 1472 672 1508 coloni
717 1471 848 1517 missi,
901 1472 1047 1521 quibus
1093 1471 1310 1521 adscriptis
1355 1471 1525 1521 speciem
1571 1471 1745 1519 antiqua*

270 1542 294 1575 8
313 1539 546 1588 frequentiae
564 1539 732 1576 Velitrae
762 1543 1010 1588 receperunt.
1068 1539 1122 1576 Et
1138 1539 1309 1576 Antium
1332 1553 1435 1576 nova
1451 1539 1610 1577 colonia
1625 1538 1746 1576 missa

314 1620 399 1644 cum
446 1621 502 1652 eo,
547 1610 590 1643 ut
636 1606 877 1643 Antiatibus
922 1607 1237 1656 permitteretur,
1283 1607 1315 1643 si
1362 1610 1400 1643 et
1445 1607 1521 1656 ipsi
1568 1606 1746 1644 adscribi

313 1675 443 1712 coloni
475 1674 645 1720 vellent;
676 1688 794 1711 naves
828 1674 921 1711 inde
952 1674 1080 1722 longae
1112 1675 1261 1711 abactae
1289 1674 1623 1723 interdictumque
1646 1673 1745 1710 mari

274 1744 296 1779 9
316 1743 475 1780 Antiati
508 1742 656 1790 populo
687 1745 756 1787 est,
788 1744 827 1777 et
858 1741 1001 1778 civitas
1032 1741 1135 1777 data.
1203 1741 1393 1778 Tiburtes
1423 1741 1746 1790 Praenestinique

314 1824 409 1859 agro
442 1810 614 1855 multati,
661 1822 787 1858 neque
835 1809 885 1845 ob
924 1823 1060 1846 recens
1090 1812 1245 1846 tantum
1276 1809 1510 1846 rebellionis
1543 1822 1745 1847 commune

313 1891 401 1914 cum
433 1878 525 1914 aliis
542 1877 702 1913 Latinis
734 1877 895 1923 crimen,
927 1877 995 1913 sed
1027 1877 1133 1926 quod
1149 1877 1272 1913 taedio
1292 1877 1450 1926 imperii
1468 1877 1640 1914 Romani
1658 1889 1744 1914 eum

249 1947 297 1981 10
316 1944 458 1991 Grallis,
489 1948 606 1993 gente
638 1945 816 1991 efferata,
862 1959 971 1982 arma
1002 1945 1202 1994 quondam
1233 1946 1535 1982 consociassent.
1595 1944 1746 1982 Ceteris

314 2012 469 2050 Latinis
514 2013 675 2062 populis
721 2013 919 2050 connubia
957 2013 1271 2062 commerciaque
1303 2017 1342 2050 et
1372 2013 1542 2050 concilia
1572 2012 1675 2050 inter
1706 2025 1745 2048 se

314 2080 558 2117 ademerunt.
619 2079 830 2130 Campanis
861 2080 1040 2129 equitum
1070 2081 1234 2118 honoris
1266 2094 1394 2128 causa,
1426 2081 1521 2130 quia
1552 2093 1639 2117 cum
1669 2079 1745 2117 La-

313 2148 411 2185 tinis
442 2148 637 2185 rebellare
660 2148 890 2194 noluissent,
922 2148 1208 2198 Fundanisque
1225 2152 1265 2186 et
1281 2148 1519 2195 Formianis,
1551 2148 1658 2197 quod
1676 2161 1746 2197 per

313 2216 409 2253 fines
455 2229 588 2252 eorum
632 2219 718 2252 tuta
763 2219 984 2265 pacataque
1015 2230 1168 2265 semper
1198 2217 1337 2254 fuisset
1366 2216 1443 2263 via,
1488 2215 1630 2253 civitas
1660 2216 1745 2252 sine

248 2285 294 2320 11
315 2284 504 2332 suffragio
535 2283 639 2321 data.
700 2284 898 2321 Cumanos
915 2282 1252 2333 Suessulanosque
1284 2284 1462 2321 eiusdem
1487 2283 1586 2320 iuris
1609 2283 1745 2320 condi-

249 2353 295 2388 12
316 2352 534 2401 cionisque,
579 2351 691 2388 euius
738 2351 926 2399 Capuam,
973 2365 1056 2388 esse
1101 2352 1264 2401 placuit.
1339 2352 1469 2389 Naves
1514 2351 1743 2388 Antiatium

314 2420 461 2469 partim
494 2420 533 2456 in
565 2418 723 2456 navalia
739 2418 876 2455 Romae
903 2419 1119 2465 subductae,
1149 2419 1295 2469 partim
1313 2419 1493 2465 incensae,
1523 2419 1744 2468 rostrisque

314 2500 447 2523 earum
478 2489 707 2534 suggestum
732 2486 773 2522 in
791 2487 876 2522 foro
895 2489 1141 2523 exstructum
1169 2487 1357 2524 adornari
1387 2486 1550 2536 placuit,
1579 2486 1746 2524 Rostra-

311 2567 387 2603 que
420 2553 462 2590 id
492 2553 683 2603 templum
715 2553 972 2602 appellatum.
