1821 2928
3 2861 27 2928 ⁴³
0 2679 22 2843 ffiffmdf-'d
0 2345 25 2660 J.W”P—'v'w
0 2317 10 2324 *¹
0 2177 17 2301 'YWV'F‘
14 2150 20 2155 ·

596 210 686 237 Liber
703 211 756 236 Π.
794 212 840 240 (A.
861 211 913 238 ch.
932 211 1003 241 aio.)
1389 200 1467 239 185

199 325 407 364 Profectio
425 326 472 374 Q.
489 326 609 364 Fabii
632 329 744 364 trans
768 325 982 365 Ciminiam
1009 326 1150 363 silvam
1174 329 1366 376 quantum
1382 325 1521 364 Romae
1539 326 1564 363 4

87 397 281 433 terrorem
311 394 470 441 fecerat,
514 398 596 432 tam
637 395 769 432 laetam
811 395 956 433 famam
995 395 1036 432 in
1068 393 1276 432 Samnium
1307 394 1357 432 ad
1389 394 1522 432 hostes

87 463 249 511 tulerat,
279 463 539 501 interclusum
570 463 795 501 Romanum
827 464 1046 501 exercitum
1079 463 1272 509 obsideri3
1318 462 1524 512 cladisque

87 530 304 580 imaginem
334 531 529 570 Furculas
562 531 764 570 Caudinas
796 533 1088 571 memorabant:
1128 532 1267 569 eadem
1295 531 1520 569 temeritate
1540 531 1563 568 5

86 599 247 638 avidam
277 599 516 638 ulteriorum
547 613 702 650 semper
733 604 891 650 gentem
922 601 966 638 in
997 601 1122 639 saltus
1154 601 1284 638 invios
1302 600 1524 646 deductam,

85 671 250 718 saeptam
280 682 359 706 non
390 669 565 707 hostium
595 668 724 718 magis
756 669 878 706 armis
904 683 1023 720 quam
1040 669 1219 707 locorum
1236 668 1524 718 iniquitatibus

85 749 179 775 esse.
237 736 325 774 Iam
355 737 548 786 gaudium
578 737 736 775 invidia
767 737 938 787 quadam
978 737 1242 785 miscebatur,
1283 737 1389 787 quod
1420 736 1520 774 belli
1539 737 1562 773 6

85 805 260 843 Romani
289 805 407 843 decus
439 806 489 844 ab
522 805 773 843 Samnitibus
803 806 963 844 fortuna
995 806 1045 844 ad
1077 807 1271 844 Etruscos
1301 806 1522 844 avertisset.

84 873 228 924 Itaque
259 875 382 912 armis
411 875 591 924 virisque
622 875 674 912 ad
706 875 1012 924 opprimendum
1032 874 1074 913 C.
1091 874 1291 912 Marcium
1323 867 1523 912 consulem
1544 874 1566 909 7

86 946 339 990 concurrunt,
378 943 562 993 protinus
601 943 696 981 inde
726 943 932 980 Etruriam
970 958 1041 994 per
1078 943 1236 982 Marsos
1274 956 1318 980 ac
1351 942 1524 981 Sabinos

84 1011 266 1062 petituri,
297 1012 331 1050 si
360 1011 541 1050 Marcius
572 1011 794 1050 dimicandi
819 1015 1056 1062 potestatem
1077 1025 1157 1050 non
1172 1011 1306 1050 faciat.
1367 1010 1522 1048 Obvius
1539 1010 1564 1047 8

84 1079 135 1118 iis
167 1080 307 1118 consul
337 1081 427 1118 fuit.
485 1081 738 1119 Dimicatum
768 1081 912 1131 proelio
944 1081 1136 1130 utrinque
1168 1079 1297 1117 atroci
1315 1082 1434 1129 atque
1466 1078 1524 1115 in-

84 1152 193 1187 certo
225 1152 369 1187 eventu
401 1153 470 1197 est,
502 1152 541 1187 et
564 1162 685 1199 quum
712 1163 856 1199 anceps
874 1150 1000 1187 caedes
1017 1149 1169 1195 fuisset,
1200 1147 1377 1186 adversae
1393 1150 1525 1184 tamen

84 1217 144 1256 rei
190 1218 295 1256 fama
340 1219 384 1256 in
413 1218 617 1257 Romanos
646 1218 771 1256 vertit
816 1218 868 1255 ob
906 1218 1072 1256 amissos
1103 1217 1297 1266 quosdam
1329 1215 1524 1265 equestris

85 1286 242 1325 ordinis
271 1287 537 1336 tribunosque
568 1287 745 1324 militum
776 1290 895 1336 atque
926 1300 1048 1323 unum
1095 1286 1271 1335 legatum
1312 1288 1369 1331 et,
1415 1283 1523 1333 quod

37 1371 41 1374 ·
85 1354 244 1404 insigne
274 1355 447 1394 maxime
478 1356 566 1403 fuit,
597 1356 772 1394 consulis
811 1355 937 1405 ipsius
967 1354 1124 1392 vulnus.
1198 1352 1259 1391 Ob
1289 1353 1373 1390 haec
1405 1352 1524 1390 etiam
1543 1354 1566 1390 9

89 1427 207 1461 aucta
237 1423 354 1471 fama,
384 1428 430 1461 ut
459 1425 571 1472 solet,
603 1424 743 1473 ingens
774 1428 905 1462 terror
929 1427 1063 1473 patres
1080 1422 1240 1469 invasit,
1272 1421 1526 1460 dictatorem-

87 1504 163 1541 que
194 1491 276 1529 dici
307 1492 511 1542 placebat3
555 1506 639 1540 nec,
685 1493 783 1542 quin
815 1492 964 1530 Cursor
995 1492 1185 1541 Papirius
1216 1491 1438 1538 diceretur,
1483 1490 1525 1527 in

86 1573 165 1610 quo
195 1563 280 1597 tum
311 1574 462 1599 summa
492 1562 552 1599 rei
577 1561 733 1599 bellicae
759 1561 995 1611 ponebatur,
1027 1561 1194 1599 dubium
1218 1560 1405 1609 cuiquam
1429 1562 1526 1597 erat.

87 1627 167 1666 Sed
198 1643 270 1667 nec
301 1629 343 1667 in
374 1627 582 1667 Samnium
614 1630 797 1668 nuntium
827 1630 1008 1679 perferri,
1038 1629 1221 1667 omnibus
1238 1628 1407 1675 infestis,
1436 1631 1524 1665 tuto
1545 1627 1599 1664 10

85 1710 201 1747 posse
246 1711 317 1735 nec
359 1697 492 1736 vivere
522 1698 722 1736 Marcium
767 1699 967 1736 consulem
999 1698 1095 1736 satis
1139 1698 1328 1736 fidebant.
1403 1696 1590 1735 Alterll

86 1766 224 1804 consul
268 1766 422 1804 Fabius
468 1767 636 1805 infestus
681 1767 875 1817 privatim
905 1767 1075 1816 Papirio
1121 1770 1224 1812 erat3
1266 1779 1353 1816 quae
1384 1778 1433 1802 ne
1465 1765 1526 1802 ira

87 1834 266 1872 obstaret
294 1833 400 1873 bono
431 1834 609 1885 publico,
640 1836 794 1885 legatos
825 1850 873 1873 ex
897 1835 1168 1873 consularium
1185 1848 1348 1872 numero
1366 1834 1524 1871 mitten·

85 1902 157 1940 dos
188 1901 240 1940 ad
271 1915 359 1940 eum
390 1907 550 1941 senatus
581 1904 748 1951 censuit,
778 1905 848 1954 qui
879 1917 949 1942 sua
979 1916 1139 1953 quoque
1170 1916 1279 1949 eum,
1310 1916 1390 1940 non
1421 1902 1519 1951 pub-
1541 1901 1590 1937 12

85 1970 165 2008 lica
210 1970 337 2008 solum
376 1972 618 2009 auctoritate
659 1976 874 2018 moverent,
919 1975 964 2009 ut
994 1971 1228 2009 memoriam
1259 1970 1522 2007 simultatium

85 2039 228 2089 patriae
258 2039 493 2077 remitteret.
553 2039 734 2079 Profecti
765 2041 889 2089 legati
921 2041 972 2078 ad
1004 2040 1177 2078 Fabium
1209 2052 1330 2088 quum
1361 2043 1521 2076 senatus
1544 2040 1593 2076 13

86 2107 312 2145 consultum
341 2108 608 2146 tradidissent
639 2109 957 2158 adiecissentque
985 2109 1207 2147 orationem
1225 2108 1525 2145 convenientem

85 2175 296 2224 mandatis,
327 2177 463 2214 consul
496 2177 677 2215 demissis
709 2178 750 2215 in
780 2182 929 2215 terram
961 2177 1086 2215 oculis
1107 2177 1255 2214 tacitus
1280 2176 1330 2214 ab
1349 2176 1525 2222 incertis,

85 2244 278 2294 quidnam
307 2249 469 2283 acturus
501 2250 613 2292 esset,
645 2246 788 2295 legatis
818 2246 1001 2292 recessit-3
1033 2249 1146 2283 nocte
1178 2245 1324 2283 deinde
1350 2245 1523 2291 silentio,
1543 2243 1594 2280 14

84 2316 131 2351 ut
173 2327 257 2351 mos
295 2318 372 2361 est,
417 2314 462 2351 L.
494 2314 707 2364 Papirium
747 2315 982 2352 dictatorem
1022 2314 1138 2351 dixit.
1213 2313 1290 2351 Cui
1320 2327 1442 2363 quum
1474 2313 1523 2351 ob

85 2381 262 2420 animum
308 2383 466 2432 egregie
495 2383 646 2421 victum
693 2383 818 2432 legati
858 2383 1010 2432 gratias
1050 2386 1232 2432 agerent,
1278 2382 1523 2419 obstinatum

85 2450 291 2488 silentium
332 2451 510 2489 obtinuit
547 2466 591 2490 ac
639 2452 724 2489 siue
768 2464 958 2501 responso
1005 2464 1050 2488 ac
1091 2450 1293 2488 mentione
1331 2450 1428 2487 facti
1461 2449 1522 2487 sui

84 2517 239 2567 legatos
270 2518 437 2567 dimisit,
468 2523 513 2558 ut
543 2524 766 2571 appareret,
799 2520 996 2568 insignem
1027 2519 1207 2557 dolorem
1234 2519 1389 2567 ingenti
1422 2531 1524 2555 com-

83 2587 207 2638 primi
238 2587 382 2626 animo.
427 2588 620 2639 Papirius
639 2589 681 2627 C.
698 2588 860 2626 Iunium
890 2587 1118 2625 Bubulcum
1149 2587 1382 2636 magistrum
1413 2585 1522 2635 equi·
1542 2584 1594 2622 15

84 2659 170 2694 tum
202 2657 325 2702 dixit3
357 2659 478 2706 atque
510 2657 547 2695 ei
579 2657 705 2706 legem
736 2656 932 2694 curiatam
964 2656 1013 2694 de
1045 2655 1212 2705 imperio
1237 2654 1380 2692 ferenti
1405 2654 1521 2691 triste
