1821 2928
535 99 651 135 Liber
677 99 751 134 ΙΙΙ.
801 101 862 143 (A.
889 100 953 135 Ch.
979 102 1073 146 449.)
1448 108 1524 145 167

83 231 304 282 periculum
344 229 467 267 adire.
537 227 699 278 Appius
738 228 897 266 decreto
938 229 1140 278 praefatus,
1183 243 1301 280 quam
1341 230 1521 270 libertati
1597 230 1654 278 45

81 302 239 349 faverit,
285 315 370 339 eam
417 301 545 351 ipsam
584 300 712 349 legem
752 299 971 350 declarare,
1021 314 1138 351 quam
1171 301 1361 351 Verginii
1409 304 1527 341 amici

81 373 345 425 postulationi
377 386 457 410 suae
489 371 763 423 praetendant;
798 376 972 410 ceterum
1000 373 1057 409 ita
1081 373 1122 410 in
1150 388 1196 411 ea
1220 374 1377 412 firmum
1402 375 1521 413 liber·
1541 376 1564 412 2

80 447 163 484 tati'
186 446 270 484 fore
311 444 556 496 praesidium,
595 444 629 481 si
669 457 742 482 nec
782 444 910 482 causis
951 458 1022 482 nec
1061 446 1244 495 personis
1275 446 1415 484 variet.
1474 447 1524 485 In

81 519 133 556 iis
165 518 285 565 enim,
315 517 386 567 qui
413 521 642 555 asserantur
668 516 708 553 in
737 516 978 566 libertatem,
1013 517 1107 566 quia
1133 518 1266 567 quivis
1291 518 1380 568 lege
1405 533 1524 569 agere

79 591 218 640 possit,
249 589 291 627 id
322 589 422 627 iuris
453 602 555 636 esse;
587 587 629 625 in
661 601 719 638 ea,
752 602 840 638 quae
865 589 905 626 in
930 589 1058 639 patris
1085 603 1204 627 manu
1232 590 1294 638 sit,
1326 592 1522 629 neminem

79 676 163 706 esse
195 662 331 713 alium,
372 661 437 698 cui
475 661 659 699 dominus
690 661 939 711 possessione
982 661 1108 700 cedat.
1169 661 1338 699 Placere
1370 663 1518 714 itaque,
1538 664 1562 702 3

78 740 232 785 patrem
257 733 458 783 arcessiri,
490 734 646 771 interea
671 733 770 770 iuris
795 733 856 771 sui
881 733 1076 771 iacturam
1103 738 1340 771 assertorem
1363 749 1441 772 non
1468 736 1523 773 fa-

78 820 179 854 cere,
212 806 310 857 quin
341 806 460 843 ducat
487 805 664 856 puellam
692 805 989 855 sistendamque
1015 805 1057 842 in
1082 805 1298 843 adventum
1324 806 1420 856 eius,
1454 807 1523 857 qui

77 884 191 929 pater
230 879 400 925 dicatur,
438 878 659 928 promittat.
721 877 931 915 Adversus
971 878 1164 915 iniuriam
1205 877 1357 916 decreti
1398 880 1563 928 quum4

76 951 193 989 multi
219 951 346 1000 magis
369 951 593 997 fremerent,
626 963 743 1000 quam
769 950 982 1000 quisquam
1007 964 1110 988 unus
1135 963 1319 988 recusare
1343 951 1521 997 auderet,

76 1023 122 1062 P.
162 1023 428 1069 Numitorius,
473 1022 617 1073 puellae
667 1035 774 1069 avus,
820 1026 860 1060 et
908 1036 1077 1073 sponsus
1116 1022 1257 1060 Icilius
1302 1023 1522 1061 interveni·

75 1100 165 1142 unt;
198 1095 372 1145 dataque
396 1095 502 1132 inter
527 1095 687 1132 turbam
711 1094 789 1145 via,
819 1108 942 1145 quum
968 1095 1187 1133 multitudo
1212 1095 1320 1132 Icilii
1347 1095 1518 1133 maxime
1537 1095 1560 1132 5

75 1168 304 1206 interventu
343 1167 479 1205 resisti
520 1180 635 1217 posse
667 1166 803 1217 Appio
846 1166 1039 1214 crederet,
1079 1168 1201 1205 lictor
1239 1167 1419 1205 decresse
1452 1168 1518 1213 ait,

73 1239 438 1288 vociferantemque
469 1239 632 1276 Icilium
671 1243 902 1277 summovet.
961 1239 1176 1276 Placidum
1216 1252 1374 1289 quoque
1406 1240 1557 1288 inge-6

74 1311 183 1349 nium
210 1316 292 1349 tam
319 1316 437 1349 atrox
462 1311 613 1348 iniuria
640 1310 898 1349 accendisset.
962 1310 1111 1357 „Ferro
1138 1309 1230 1348 hinc
1253 1311 1331 1348 tibi
1348 1325 1517 1348 summo-

73 1382 226 1420 vendus
258 1396 357 1433 sum,
401 1382 539 1433 Appi“
581 1383 731 1433 inquit,
776 1387 845 1429 „ut
883 1382 1050 1420 tacitum
1092 1383 1214 1430 feras,
1256 1383 1362 1433 quod
1395 1384 1518 1421 celari

74 1454 146 1491 vis.
206 1453 418 1504 Virginem
462 1468 534 1504 ego
565 1455 668 1493 hanc
705 1467 790 1491 sum
824 1454 1019 1492 ducturus
1051 1458 1298 1504 nuptamque
1328 1456 1517 1506 pudicam

74 1526 299 1564 habiturus.
359 1526 537 1565 Proinde
570 1540 703 1564 omnes
732 1526 976 1575 collegarum
1004 1540 1162 1576 quoque
1187 1527 1347 1565 lictores
1373 1541 1513 1566 convo·
1532 1527 1554 1564 7

75 1612 139 1645 ca3
172 1598 358 1648 expediri
374 1599 511 1649 virgas
536 1603 576 1636 et
601 1612 757 1637 secures
783 1598 894 1645 iube3
921 1612 1000 1636 non
1026 1599 1205 1638 manebit
1221 1605 1336 1637 extra
1353 1599 1515 1637 domum

73 1671 200 1720 patris
232 1684 377 1721 sponsa
402 1671 525 1710 Icilii.
586 1670 689 1721 Non,
723 1671 758 1708 si
788 1670 1054 1708 tribunicium
1086 1671 1282 1708 auxilium
1308 1675 1348 1709 et
1372 1685 1513 1722 provo·
1531 1671 1556 1709 8

72 1742 269 1780 cationem
299 1743 410 1793 plebi
440 1743 646 1794 Romanae,
690 1743 789 1781 duas
830 1756 939 1780 arces
972 1743 1174 1781 libertatis
1211 1744 1382 1791 tuendae,
1422 1744 1513 1781 ade-

71 1815 212 1863 mistis,
250 1815 340 1853 ideo
383 1816 423 1853 in
465 1816 617 1854 liberos
650 1828 809 1865 quoque
851 1819 1010 1856 nostros
1043 1816 1312 1866 coniugesque
1344 1828 1513 1865 regnum

70 1891 213 1925 vestrae
244 1887 407 1925 libidini
448 1888 584 1925 datum
617 1891 688 1925 est.
749 1886 896 1925 Saevite
928 1888 969 1925 in
1000 1892 1160 1937 tergum
1193 1892 1231 1926 et
1262 1888 1303 1925 in
1335 1887 1510 1925 cervices
1530 1887 1552 1924 9

72 1963 246 2007 nostras3
286 1959 484 2010 pudicitia
509 1960 653 1998 saltem
693 1959 735 1997 in
766 1963 853 1997 tuto
887 1960 950 1997 sit.
1011 1960 1119 1998 Huic
1150 1961 1185 1998 si
1216 1960 1279 1999 vis
1310 1959 1511 2008 afferetur,

70 2045 144 2082 ego
170 2033 426 2082 praesentium
454 2031 678 2078 Quiritium
701 2045 775 2082 pro
804 2045 960 2081 sponsa,
993 2031 1214 2082 Verginius
1238 2032 1411 2070 militum
1438 2045 1511 2082 pro

69 2104 188 2142 unica
217 2104 316 2151 filia,
359 2118 495 2142 omnes
528 2104 692 2142 deorum
723 2103 1010 2154 hominumque
1041 2105 1347 2155 implorabimus
1376 2103 1510 2152 fidem,

70 2190 198 2227 neque
238 2181 283 2214 tu
325 2176 431 2214 istud
473 2189 649 2226 unquam
693 2176 897 2214 decretum
929 2177 1014 2214 sine
1047 2177 1152 2214 caede
1183 2180 1321 2214 nostra
1350 2176 1510 2214 referes.

69 2248 251 2296 Postulo,
275 2249 399 2300 Appi,
424 2249 546 2287 etiam
570 2253 690 2299 atque
714 2249 834 2287 etiam
859 2248 1098 2299 consideres,
1131 2262 1210 2299 quo
1235 2247 1509 2299 progrediare.
1528 2248 1580 2285 10

71 2320 292 2371 Verginius
319 2321 483 2371 viderit,
509 2321 556 2358 de
583 2321 678 2368 filia,
710 2320 781 2359 ubi
797 2321 962 2369 venerit,
987 2321 1085 2372 quid
1110 2326 1220 2371 agat;
1253 2321 1327 2358 hoc
1352 2324 1508 2358 tantum
1529 2320 1577 2356 11

68 2393 180 2440 sciat,
211 2393 300 2441 sibi,
331 2394 365 2431 si
397 2393 515 2431 huius
541 2393 732 2432 vindiciis
764 2394 939 2441 cesserit,
973 2393 1247 2432 condicionem
1277 2392 1370 2430 filiae
1403 2404 1507 2441 quae-

67 2464 233 2503 rendam
272 2478 367 2503 esse.
427 2465 495 2503 Me
533 2466 807 2505 vindicantem
847 2479 1032 2516 sponsam
1074 2466 1115 2503 in
1154 2465 1383 2503 libertatem
1423 2463 1508 2501 vita

69 2537 184 2575 citius
225 2537 384 2576 deseret
421 2551 539 2588 quam
577 2537 714 2576 fides.“
779 2537 990 2576 Concitata
1020 2537 1233 2575 multitudo
1265 2539 1351 2573 erat
1382 2539 1506 2572 certa·
1583 2532 1641 2579 46

68 2621 236 2659 menque
266 2609 416 2648 instare
447 2609 671 2648 videbatur.
731 2609 916 2648 Lictores
941 2609 1103 2647 Icilium
1136 2609 1506 2653 circumsteterant;

67 2693 139 2717 nec
177 2681 285 2718 ultra
321 2681 448 2720 minas
489 2685 623 2719 tamen
666 2695 895 2732 processum
936 2685 1006 2728 est,
1052 2693 1174 2730 quum
1205 2679 1380 2729 Appius,
1425 2679 1546 2716 non2
