1821 2928
537 61 654 96 Liber
679 62 747 97 1v.
799 64 861 107 (A.
889 64 953 98 Ch.
979 65 1085 108 426.)
1438 63 1523 107 ‘227

86 189 262 227 Feretrii
285 189 433 239 templo
463 188 658 227 intulerit.
706 189 885 229 Proinde
904 205 1110 239 memores,
1142 205 1273 231 secum
1290 194 1523 244 triumphos,
1542 195 1565 232 5

85 273 215 299 secum
248 260 388 310 spolia,
420 273 550 299 secum
583 261 795 300 victoriam
829 276 923 310 esse,
956 277 1041 302 cum
1069 264 1247 303 hostibus
1272 265 1399 303 scelus
1416 250 1524 315 lega-

83 338 213 371 torum
246 336 385 371 contra
415 333 476 370 ius
509 333 686 382 gentium
715 334 1028 381 interfectorum,
1062 336 1210 374 caedem
1236 337 1276 374 in
1293 350 1390 387 pace
1406 337 1524 375 Fide-

85 404 237 455 natium
271 404 513 452 colonorum,
546 405 724 443 indutias
756 410 909 456 ruptas,
940 408 1147 458 septimam
1180 408 1379 447 infelicem
1397 408 1524 448 defec-

82 477 247 524 tionem,
293 489 402 515 arma
446 480 646 528 caperent.
709 476 837 516 Simul
877 482 1005 516 castra
1037 480 1180 517 castris
1211 481 1565 528 coniunxissent,6

84 549 181 586 satis
205 548 416 595 confidere,
443 562 516 588 nec
541 550 861 589 sceleratissimis
885 550 1068 589 hostibus
1096 551 1327 590 diuturnum
1346 566 1393 590 ex
1412 553 1525 602 igno-

84 621 209 658 minia
240 621 439 659 exercitus
463 621 638 660 Romani
669 621 860 670 gaudium
891 623 987 670 fore,
1021 625 1060 660 et
1089 624 1282 673 populum
1299 623 1523 662 Romanum
1543 626 1565 663 7

84 693 395 750 intellecturum,
427 697 577 744 quanto
610 694 753 732 melius
785 693 834 732 de
865 708 909 732 re
939 695 1102 745 publica
1127 695 1366 742 meritisint,
1399 696 1525 746 quise

85 765 322 804 dictatorem
363 765 527 803 tertium
568 765 755 813 dixerint,
801 779 918 816 quam
951 767 1021 816 qui
1054 767 1103 805 ob
1137 770 1317 817 ereptum
1349 780 1525 805 censurae

83 850 250 886 regnum
297 837 424 876 labem
473 838 658 876 secundae
704 838 914 876 dictaturae
951 851 1033 876 suae
1065 839 1341 889 imposuerint.
1403 839 1565 878 Votis8

83 909 228 947 deinde
259 910 499 959 nuncupatis
530 910 733 959 profectus
765 910 876 948 mille
908 913 947 948 et
978 911 1217 960 quingentos
1248 924 1387 961 passus
1424 911 1525 949 citra

82 981 259 1020 Fidenas
307 985 436 1020 cast-ra
482 981 598 1028 locat,
647 981 786 1020 dextra
831 982 1046 1030 montibus,
1092 983 1193 1021 laeva
1233 982 1371 1021 Tiberi
1411 996 1524 1021 amne

82 1058 241 1104 saeptus.
311 1053 357 1091 T.
395 1053 630 1101 Quinctium
676 1053 858 1092 Pennum
906 1054 1081 1104 legatum
1128 1067 1324 1105 occupare
1369 1057 1564 1094 montes9

83 1126 197 1164 iubet
229 1126 507 1176 occultumque
539 1125 581 1163 id
613 1127 752 1176 iugum
783 1139 938 1177 capere,
969 1126 1077 1176 quod
1110 1127 1160 1164 ab
1192 1130 1308 1177 tergo
1340 1126 1526 1165 hostibus

81 1199 195 1236 foret.
257 1198 350 1249 Ipse
397 1201 556 1248 postero
599 1198 675 1246 die,
721 1211 843 1248 quum
874 1198 1038 1236 Etrusci
1078 1199 1189 1248 pleni
1220 1199 1440 1237 animorum
1472 1199 1522 1237 ab
1544 1200 1595 1238 10

81 1270 244 1320 pristini
283 1269 363 1308 diei
394 1270 557 1308 meliore
589 1271 797 1308 occasione
829 1284 947 1320 quam
978 1283 1113 1320 pugna
1146 1271 1186 1308 in
1221 1271 1344 1308 aciem
1368 1283 1523 1321 proces-

81 1344 236 1388 sissent,
265 1345 474 1380 cunctatus
491 1355 719 1392 parumper,
746 1342 839 1380 dum
857 1342 1128 1392 speculatores
1144 1343 1351 1390 referrent,
1374 1343 1524 1390 Quinc-

81 1415 182 1452 tium
223 1414 395 1452 evasisse
436 1414 476 1451 in
521 1415 659 1463 iugum
691 1414 963 1465 propinquum
995 1414 1078 1452 arci
1109 1413 1366 1462 Fidenarum,
1411 1416 1525 1465 signa

83 1486 237 1536 profert
267 1486 529 1536 peditumque
560 1487 686 1524 aciem
720 1487 958 1525 instructam
989 1487 1107 1536 pleno
1139 1487 1270 1535 gradu
1301 1487 1340 1524 in
1371 1485 1522 1525 hostem

82 1557 255 1605 i·nducit;
286 1558 481 1607 magistro
514 1559 694 1608 equitum
724 1558 921 1609 praecipit,
951 1572 1001 1596 ne
1031 1559 1182 1596 iniussu
1214 1572 1388 1609 pugnam
1421 1559 1519 1597 inci-
1542 1560 1589 1598 11

80 1630 185 1680 piat:
217 1643 269 1678 se,
300 1643 421 1680 quum
446 1643 544 1680 opus
561 1630 616 1668 sit
631 1631 808 1680 equestri
827 1630 994 1678 auxilio,
1026 1631 1183 1679 signum
1202 1630 1409 1677 daturum;
1440 1634 1521 1669 tum

81 1706 124 1740 ut
162 1715 310 1740 memor
348 1701 469 1751 regiae
502 1715 658 1752 pugnae,
704 1716 853 1741 memor
899 1699 1024 1753 opimi
1071 1702 1166 1740 doni
1198 1701 1440 1753 Romulique
1479 1717 1522 1741 ac

80 1774 191 1813 Iovis
221 1774 397 1813 Feretrii
434 1787 517 1812 rem
556 1778 724 1823 gereret.
784 1775 986 1824 Legiones
1016 1775 1167 1825 impetu
1201 1774 1354 1824 ingenti
1385 1775 1523 1813 confli-

81 1850 191 1897 gunt.
243 1846 448 1885 Romanus
480 1845 572 1884 odio
604 1859 793 1885 accensus
818 1847 988 1897 impium
1014 1846 1261 1893 Fidenatem,
1292 1847 1521 1897 praedonem
1541 1848 1590 1885 12

81 1918 304 1966 Veientem,
348 1921 535 1968 ruptores
565 1918 826 1966 indutiarum,
867 1922 1052 1957 cruentos
1091 1919 1315 1968 legatorum
1358 1918 1523 1957 infanda

78 1991 201 2038 caede,
242 2002 444 2041 respersos
476 1989 669 2039 sanguine
701 1991 931 2029 colonorum
965 2003 1138 2036 suorum,
1179 1989 1354 2040 perfidos
1384 1991 1523 2038 socios,

82 2062 264 2101 imbelles
295 2061 430 2100 hostes
461 2062 719 2112 compellans,
759 2062 876 2101 factis
908 2062 1026 2100 simul
1059 2061 1259 2112 dictisque
1290 2062 1426 2100 odium
1457 2076 1521 2101 ex-

80 2135 176 2185 plet.
238 2133 505 2172 Concusserat
549 2134 679 2184 primo
726 2135 864 2173 statim
912 2147 1127 2184 congressu
1172 2134 1345 2181 hostem,
1400 2147 1520 2184 quum
1603 2131 1659 2179 33

81 2209 245 2257 repente
276 2206 489 2256 patefactis
507 2206 750 2245 Fidenarum
781 2207 909 2257 portis
940 2220 1043 2246 nova
1073 2206 1247 2257 erumpit
1263 2206 1378 2254 acies,
1411 2206 1521 2244 inau-

82 2278 167 2317 dita
213 2282 303 2316 ante
350 2278 392 2316 id
432 2281 589 2328 tempus
629 2279 928 2329 invisitataque.
989 2278 1162 2329 Ignibus
1194 2282 1347 2317 armata
1378 2278 1561 2327 ingens2

83 2350 299 2389 multitudo
331 2350 565 2400 facibusque
596 2351 830 2390 ardentibus
861 2354 947 2390 tota
971 2351 1184 2398 collucens,
1214 2350 1326 2389 velut
1348 2349 1521 2388 fanatico

82 2422 275 2462 instincta
306 2435 423 2460 cursu
455 2423 498 2459 in
530 2422 683 2461 hostem
715 2423 809 2470 ruit,
840 2423 1048 2474 formaque
1081 2423 1254 2461 insolitae
1280 2434 1423 2472 pugnae
1441 2420 1520 2458 Ro-

82 2507 219 2533 manos
249 2507 465 2545 parumper
496 2495 701 2533 exterruit.
761 2495 862 2533 Tum
896 2494 1081 2543 dictator,
1120 2495 1310 2544 magistro
1342 2493 1561 2542 equitum3

84 2566 387 2617 equitibusque,
433 2570 518 2604 tum
565 2580 612 2604 ex
659 2567 859 2606 montibus
906 2567 1095 2615 Quinctio
1138 2566 1286 2612 accito,
1331 2564 1520 2614 proelium

83 2637 190 2676 ciens
221 2638 307 2688 ipse
338 2639 380 2676 in
412 2639 617 2677 sinistrum
650 2652 786 2687 cornu,
825 2638 944 2690 quod,
983 2637 1168 2677 incendio
1200 2637 1369 2675 similius
1402 2649 1520 2687 quam

1253 2706 1313 2739 15*
