1821 2928
367 163 420 200 88
755 172 844 197 Liber
862 172 931 198 vn.
969 172 1016 201 (A.
1035 180 1064 197 u.
1083 180 1107 197 c.
1126 173 1281 202 411—412.)

271 286 293 324 5
311 287 426 325 domo
458 287 597 332 accito,
629 287 844 324 certamine
874 286 1017 324 ultimo
1048 287 1246 324 fortunam
1264 287 1438 336 experiri
1467 284 1622 325 statuit.
1665 286 1736 326 Ab

312 354 497 393 Suessula
513 356 646 392 nuntii
663 355 814 405 trepidi
833 354 1021 404 Capuam,
1053 355 1144 392 inde
1161 356 1313 405 equites
1330 356 1443 393 citati
1460 355 1511 393 ad
1528 355 1736 394 Valerium

271 424 293 460 6
313 423 512 461 consulem
543 437 655 473 opem
688 428 841 461 oratum
871 424 1046 461 veniunt.
1093 422 1311 461 Confestim
1337 424 1452 472 signa
1473 427 1591 472 mota,
1620 424 1735 462 relic-

309 492 440 541 tisque
458 492 754 541 impedimentis
771 504 820 531 ac
838 497 1055 529 castrorum
1067 491 1203 529 valido
1221 492 1422 541 praesidio,
1437 492 1585 542 raptim
1602 492 1738 542 agitur

311 573 468 608 agmen;
513 574 584 597 nec
621 561 760 610 procul
792 561 840 598 ab
883 561 994 598 hoste
1033 560 1162 598 locum
1203 561 1471 610 perexiguum,
1516 563 1561 598 ut
1590 561 1737 610 quibus

310 632 454 678 praeter
471 642 591 677 equos
609 633 829 666 ceterorum
860 629 1125 666 iumentorum
1149 629 1408 678 calonumque
1430 630 1549 666 turba
1572 629 1738 676 abesset,

274 697 453 734 'least-ris
486 697 602 746 cepit.
676 696 916 734 Samnitium
958 697 1165 743 exercitus,
1210 697 1319 734 velut
1356 698 1464 735 haud
1504 697 1588 734 ulla
1626 710 1741 734 mora

311 777 453 813 pugnae
484 765 619 802 futura
649 769 761 812 esset,
802 765 924 803 aciem
963 765 1147 811 instruit3
1189 765 1344 813 deinde,
1384 769 1594 816 postquam
1623 779 1737 803 nemo

272 833 454 871 Sobvius
486 834 581 879 ibat,
620 834 776 871 infestis
815 834 941 882 signis
973 833 1023 871 ad
1054 838 1183 870 castra
1218 834 1392 871 hostium
1423 834 1610 872 succedit.
1669 834 1736 872 Ibi

310 905 354 939 ut
384 902 551 938 militem
582 902 624 938 in
654 902 760 940 vallo
776 902 893 949 vidit,
924 902 1115 951 missique
1133 902 1181 939 ab
1207 902 1314 939 omni
1346 905 1460 952 parte
1477 903 1737 952 exploratum,

311 983 429 1019 quam
461 969 503 1006 in
534 970 720 1018 exiguum
751 970 886 1007 orbem
917 973 1120 1007 contracta
1158 974 1287 1007 castra
1318 974 1457 1018 essent,
1495 971 1738 1020 paucitatem

271 1037 405 1075 9inde
451 1038 626 1075 hostium
672 1038 905 1086 colligentes
950 1039 1207 1085 rettulerunt,
1252 1039 1417 1076 fremere
1457 1039 1583 1077 omnis
1622 1039 1743 1086 acies,

312 1107 565 1156 complendas
607 1120 689 1144 esse
719 1107 844 1143 fossas
886 1106 1224 1155 scindendumque
1262 1107 1411 1144 vallum
1451 1110 1491 1143 et
1530 1106 1573 1143 in
1611 1109 1741 1144 castra

312 1174 630 1224 irrumpendum3
674 1178 995 1223 transactumque
1027 1188 1071 1211 ea
1108 1176 1332 1212 temeritate
1362 1174 1512 1212 bellum
1541 1174 1653 1222 foret,
1697 1174 1742 1211 ni

248 1242 297 1279 10
315 1242 432 1280 duces
450 1243 740 1280 continuissent
756 1244 947 1293 impetum
965 1243 1151 1281 militum.
1197 1244 1392 1291 Ceterum,
1410 1243 1505 1292 quia
1521 1242 1740 1279 multitudo

312 1324 393 1357 sua,
435 1312 718 1349 commeatibus
750 1311 895 1360 gravis,
938 1314 975 1348 et
1015 1311 1127 1360 prius
1158 1311 1330 1349 sedendo
1361 1311 1412 1348 ad
1443 1309 1670 1348 Suessulam
1700 1313 1741 1347 et

312 1382 396 1416 tum
427 1381 654 1418 certaminis
685 1394 796 1418 mora
835 1380 942 1417 haud
984 1380 1123 1429 procul
1155 1380 1204 1417 ab
1236 1393 1366 1416 rerum
1397 1379 1571 1416 omnium
1602 1379 1741 1428 inopia

311 1452 421 1493 esset.
453 1449 617 1498 placuit,
658 1449 749 1486 dum
782 1449 958 1485 inclusus
989 1450 1150 1497 paveret
1181 1448 1319 1494 hostis,
1357 1448 1640 1485 frumentatum
1670 1460 1742 1496 per

250 1516 294 1552 ll
315 1529 432 1564 agros
463 1517 632 1554 militem
664 1517 773 1553 duci:
806 1516 968 1553 interim
984 1515 1175 1563 Romano,
1206 1516 1276 1565 qui
1294 1516 1517 1565 expeditus,
1548 1518 1740 1565 quantum

312 1583 488 1621 humeris
529 1585 633 1621 inter
665 1598 773 1621 arma
813 1585 899 1633 geri
941 1588 1074 1633 posset
1112 1584 1312 1630 frumenti,
1357 1597 1488 1621 secum
1527 1583 1743 1629 attulisset,

250 1652 296 1687 12
316 1651 500 1689 defutura
518 1653 661 1689 omnia.
709 1652 855 1689 Consul
879 1653 1034 1701 palatos
1057 1665 1127 1702 per
1144 1665 1260 1700 agros
1277 1666 1397 1701 quum
1413 1652 1582 1689 vidisset
1597 1651 1741 1698 hostes,

313 1719 501 1757 stationes
541 1720 811 1769 infrequentes
842 1720 1014 1766 relictas,
1059 1720 1196 1769 paucis
1236 1720 1387 1758 milites
1425 1720 1657 1757 adhortatus
1687 1719 1739 1756 ad

246 1788 295 1824 13
315 1791 443 1824 castra
485 1789 754 1837 oppugnanda
786 1788 907 1825 ducit.
968 1788 1065 1835 Quae
1097 1802 1217 1837 quum
1258 1789 1388 1838 primo
1419 1788 1589 1825 clamore
1620 1790 1740 1836 atque

314 1855 465 1904 impetu
496 1857 675 1905 cepisset,
716 1856 900 1905 pluribus
940 1856 1114 1893 hostium
1145 1857 1187 1893 in
1217 1856 1404 1893 tentoriis
1435 1856 1517 1893 suis
1548 1868 1665 1905 quam
1696 1854 1740 1891 in

314 1923 442 1972 portis
471 1925 656 1974 valloque
688 1924 810 1971 caesis,
850 1924 964 1972 signa
997 1925 1154 1973 captiva
1184 1925 1227 1961 in
1256 1938 1378 1961 unum
1408 1924 1536 1962 locum
1568 1923 1739 1962 conferri

314 1991 447 2037 iussit3
492 1993 724 2042 relictisque
770 1993 924 2030 duabus
968 1993 1198 2041 legionibus
1243 1992 1434 2030 custodiae
1475 1996 1513 2030 et
1558 1991 1740 2042 praesidii

313 2072 442 2106 causa,
473 2061 585 2108 gravi
603 2062 735 2099 edicto
766 2061 943 2108 monitis,
974 2064 1029 2107 ut,
1061 2060 1184 2098 donec
1215 2062 1300 2111 ipse
1330 2061 1570 2108 revertisset,
1601 2059 1737 2109 praeda

246 2129 296 2165 14
313 2127 568 2174 abstinerent,
592 2129 792 2177 profectus
817 2129 975 2177 agmine
993 2129 1202 2176 instructo,
1219 2143 1339 2178 quum
1364 2128 1592 2178 praemissus
1618 2141 1738 2178 eques

310 2195 420 2232 velut
450 2196 641 2245 indagine
673 2197 890 2246 dissipatos
922 2196 1121 2234 Samnites
1162 2201 1307 2245 ageret,
1348 2196 1493 2234 caedem
1533 2196 1738 2245 ingentem

247 2264 295 2300 15
313 2263 415 2301 fecit.
475 2264 576 2301 Nam
607 2277 745 2313 neque,
785 2277 861 2313 quo
894 2265 1007 2313 signo
1039 2264 1192 2301 coirent
1222 2266 1326 2302 inter
1356 2278 1408 2311 se,
1436 2277 1574 2314 neque,
1603 2266 1738 2301 utrum

311 2336 439 2369 castra
469 2335 650 2381 peterent
680 2345 729 2368 an
760 2332 980 2380 longiorem
1011 2333 1264 2370 intenderent
1292 2333 1437 2381 fugam,
1467 2332 1623 2370 territis
1647 2344 1739 2368 con-

246 2402 294 2437 16
314 2403 417 2437 stare
462 2403 632 2450 poterat,
677 2403 910 2449 tantumque
955 2401 1059 2450 fugae
1103 2414 1146 2437 ac
1191 2400 1420 2438 formidinis
1463 2400 1553 2447 fuit,
1596 2403 1642 2437 ut
1684 2400 1736 2436 ad

313 2468 580 2517 quadraginta
611 2467 738 2504 millia
769 2472 981 2514 scutorum,
1018 2481 1267 2518 nequaquam
1304 2472 1364 2505 tot
1395 2468 1514 2514 caesis,
1553 2471 1592 2505 et
1621 2467 1737 2515 signa

310 2536 506 2573 militaria
539 2550 625 2573 cum
657 2536 720 2582 iis,
752 2548 838 2585 quae
871 2535 912 2572 in
945 2536 1084 2573 castris
1101 2540 1216 2586 capta
1240 2540 1363 2583 erant,
1394 2536 1443 2573 ad
1462 2538 1618 2573 centum
1649 2548 1735 2584 sep-
