1821 2928
562 202 653 228 Liber
671 203 757 228 vm.
795 203 843 232 (A.
862 202 914 229 ch.
935 203 1006 231 ³25.)
1376 184 1455 222 125

70 318 296 368 Nymphius
326 321 536 368 praetorem
554 316 798 356 Samnitium
828 322 913 356 arte
945 328 1156 366 aggressus
1184 312 1428 364 perpulerat,
1458 312 1515 354 ut,

71 387 261 438 quoniam
293 387 420 425 omnis
450 386 656 424 Romanus
695 387 891 424 exercitus
928 389 999 423 aut
1036 385 1143 422 circa
1174 380 1414 432 Palaepolim
1445 381 1513 416 aut

73 457 114 494 in
145 455 311 494 Samnio
343 459 456 502 esset,
502 455 649 493 sineret
685 469 725 492 se
764 455 890 493 classe
930 453 1176 492 circumvehi
1209 452 1259 489 ad
1290 450 1514 489 Romanum

71 538 220 574 agrum,
251 537 331 562 non
362 536 471 561 oram
503 523 620 561 modo
653 524 792 571 maris,
831 523 900 561 sed
932 523 1012 573 ipsi
1044 521 1137 559 urbi
1169 519 1398 570 propinqua
1428 516 1515 553 loca

72 593 426 644 depopulaturum3
457 592 526 629 sed
558 595 603 628 ut
633 592 801 639 falleret,
832 596 947 630 nocte
978 588 1313 641 proficiscendum
1338 598 1421 623 esse
1449 597 1513 621 ex·
1532 583 1555 618 2

72 661 302 712 temploque
348 673 469 698 naves
515 660 779 699 deducendas.
863 660 979 708 Quod
1025 672 1103 709 quo
1151 655 1347 695 maturius
1392 652 1516 697 fieret,

71 729 200 767 omnis
218 729 402 766 iuventus
419 727 661 766 Samnitium
687 733 832 779 praeter
857 727 1124 767 necessarium
1146 725 1259 764 urbis
1282 721 1516 774 praesidium

72 797 123 836 ad
155 797 251 835 litus
282 797 413 835 missa.
473 795 558 834 Ubi
590 797 684 835 dum
714 798 938 848 Nymphius
978 797 1019 834 in
1049 795 1228 834 tenebris
1265 796 1305 830 et
1335 789 1515 828 multitu·
1534 787 1557 824 3

73 865 166 904 dine
197 868 320 904 semet
350 866 437 916 ipsa
469 866 724 916 impediente,
755 866 893 904 sedulo
920 865 1014 903 aliis
1039 865 1122 903 alia
1145 862 1316 913 imperia
1338 859 1518 902 turbans,

73 935 170 972 terit
199 938 367 984 temPUS,
399 934 613 972 Charilaus
644 948 692 972 ex
725 934 943 984 composito
983 934 1032 971 ab
1064 932 1183 971 sociis
1215 931 1256 968 in
1287 928 1427 967 urbem
1458 938 1518 962 re-

74 1006 224 1053 ceptus,
269 1016 390 1053 quum
438 1016 591 1041 summa
627 1003 740 1040 urbis
770 1002 953 1040 Romano
993 1001 1122 1039 milite
1167 999 1382 1050 implesset,
1425 993 1518 1032 tolli

74 1072 287 1110 clamorem
319 1071 454 1117 iussit;
487 1071 537 1109 ad
560 1085 673 1121 quem
702 1070 848 1118 Graeei,
880 1070 993 1119 signo
1017 1072 1181 1119 accepto
1208 1082 1231 1105 a
1253 1063 1520 1117 principibus,

75 1141 275 1191 quievere,
306 1140 455 1179 Nolani
487 1154 559 1190 per
585 1153 763 1178 aversam
789 1141 944 1189 partem
967 1138 1078 1176 urbis
1104 1137 1172 1175 via
1195 1136 1342 1174 Nolam
1368 1133 1519 1170 ferente
1538 1129 1562 1165 4

75 1209 283 1260 effugiunt.
344 1207 594 1247 Samnitibus
625 1208 797 1246 exclusis
828 1208 877 1245 ab
909 1208 1008 1245 urbe
1038 1210 1083 1244 ut
1114 1204 1338 1256 expeditior
1365 1202 1404 1238 in
1420 1212 1519 1251 prae-

76 1279 205 1317 sentia
235 1279 352 1327 fuga,
397 1278 453 1315 ita
483 1277 649 1324 foedior,
695 1279 907 1327 postquam
938 1276 1117 1326 periculo
1149 1275 1380 1317 evaserunt,
1424 1268 1521 1313 visa,

40 1356 43 1358 “
77 1348 228 1398 quippe
259 1347 329 1397 qui
361 1346 542 1393 inermes,
586 1346 698 1383 nulla
742 1358 877 1382 rerum
922 1357 1083 1382 suarum
1123 1356 1203 1380 11011
1242 1340 1384 1379 relicta
1415 1336 1561 1374 inter5

75 1416 219 1463 hostes,
250 1415 471 1453 ludibrium
502 1427 581 1452 non
612 1414 787 1451 exteinis
818 1413 954 1459 modo,
996 1413 1064 1449 sed
1097 1411 1217 1449 etiam
1246 1405 1522 1460 popula1·ibuS‚

77 1483 245 1534 spoliat-i
276 1486 396 1533 atque
414 1487 574 1531 egentes
598 1482 737 1520 domos
760 1482 927 1519 rediere.
972 1480 1096 1519 Haud
1125 1480 1291 1529 ignarus
1315 1473 1520 1527 opinionis
1539 1476 1561 1512 6

75 1551 254 1598 alterius,
287 1565 366 1600 qua
395 1551 479 1589 haec
509 1551 687 1601 proditio
711 1552 760 1588 ab
778 1550 1028 1589 Samnitibus
1051 1549 1158 1587 facta
1178 1547 1366 1592 traditur,
1396 1555 1519 1594 quum

76 1620 308 1658 auctoribus
339 1620 412 1657 1100
445 1620 549 1667 dedi,
580 1620 726 1670 quibus
759 1619 923 1668 dignius
947 1618 1057 1656 credi
1085 1622 1156 1665 est,
1185 1620 1271 1654 tum
1296 1615 1426 1652 foedus
1442 1611 1519 1650 Ne-

75 1689 325 1739 apolitanum
357 1688 419 1735 (eo
451 1688 558 1725 enim
589 1688 734 1726 deinde
764 1701 916 1726 summa
946 1687 1005 1725 rei
1038 1686 1271 1724 Graecorum
1300 1682 1429 1731 venit)
1468 1680 1519 1718 si-

75 1756 212 1794 milius
244 1769 337 1794 vero
370 1756 479 1803 facit,
510 1757 616 1807 ipsos
649 1757 690 1794 in
722 1756 940 1795 amicitiam
965 1755 1128 1793 redisse.
1174 1752 1358 1792 Publilio
1381 1750 1519 1787 trium·
1540 1750 1561 1785 7

76 1825 176 1875 phus
204 1825 399 1872 decretus,
431 1825 539 1875 quod
565 1826 663 1863 satis
681 1826 932 1871 credebatur,
964 1823 1176 1861 obsidione
1200 1821 1372 1860 domitos
1388 1819 1522 1856 hostes

76 1893 118 1931 in
147 1893 267 1931 fidem
297 1893 464 1931 venisse.
537 1893 632 1932 Duo
665 1893 887 1942 singularia
916 1892 999 1929 haec
1038 1892 1075 1929 ei
1107 1891 1194 1928 viro
1226 1890 1401 1940 primum
1431 1900 1521 1925 con·

74 1962 215 2012 figere,
244 1961 478 2011 prorogatio
510 1962 682 2012 imperii,
711 1974 791 1999 non
822 1965 913 1998 ante
945 1960 984 1997 in
1016 1959 1100 1997 ullo
1128 1959 1246 2004 facta,
1277 1960 1316 1996 et
1341 1959 1429 1994 acto
1454 1955 1521 1992 ho·

78 2044 175 2069 nore
203 2029 444 2079 triumphus.

192 2098 323 2137 Aliud
354 2098 524 2136 subinde
555 2098 705 2136 bellum
738 2111 826 2135 011111
857 2097 1024 2135 alterius
1046 2108 1126 2134 orae
1153 2093 1308 2132 Graecis
1329 2096 1520 2131 exortum.
1602 2085 1657 2131 '27

78 2167 262 2217 Namque
279 2166 492 2205 Tarentini
523 2181 644 2216 quum
674 2180 758 2205 rem
774 2165 1112 2216 Palaepolitanam
1142 2177 1245 2201 vana
1275 2175 1344 2212 spe
1376 2160 1522 2199 auxilii
1541 2162 1563 2198 :2

78 2235 332 2285 aliquamdiu
363 2235 656 2282 sustinuissent,
687 2238 897 2285 postquam
912 2233 1119 2271 Romanos
1151 2233 1249 2270 urbe
1280 2230 1432 2281 potitos
1463 2242 1525 2267 ac-

79 2316 230 2354 cepere,
261 2304 373 2341 velut
405 2303 588 2341 destituti
619 2318 664 2341 ac
695 2316 774 2341 non
802 2303 871 2353 qui
899 2301 976 2352 ipsi
1000 2301 1288 2347 destituissent,
1320 2299 1526 2347 increpare

79 2371 406 2422 Palaepolitanos,
438 2372 497 2410 ira
528 2376 648 2422 atque
680 2370 835 2408 invidia
866 2371 905 2408 in
922 2370 1126 2408 Romanos
1148 2370 1292 2415 furere,
1323 2380 1368 2405 eo
1394 2366 1527 2413 etiam,

80 2440 189 2490 quod
234 2439 422 2478 Lucanos
467 2444 506 2478 et
549 2440 708 2490 Apulos
755 2439 863 2487 (nam
908 2442 1078 2488 utraque
1119 2451 1163 2475 eo
1211 2449 1314 2475 anno
1360 2435 1527 2472 societas

81 2511 212 2559 coepta
242 2511 318 2558 est)
351 2508 392 2546 in
408 2507 527 2546 fidem
549 2507 688 2558 populi
705 2507 878 2546 Romani
894 2507 1050 2545 venisse
1074 2506 1242 2544 allatum
1267 2507 1342 2542 est:
1375 2503 1523 2553 quippe
1545 2504 1567 2539 3

82 2577 371 2627 propemodum
401 2580 635 2626 perventum
666 2576 717 2614 ad
748 2589 789 2613 se
820 2589 924 2623 esse,
970 2575 1129 2624 iamque
1170 2574 1210 2611 in
1242 2587 1287 2611 eo
1318 2585 1400 2610 rem
1432 2572 1528 2621 fore,

82 2647 127 2682 ut
155 2645 330 2683 Romani
360 2648 429 2683 aut
458 2645 594 2683 hostes
623 2648 693 2683 aut
724 2644 875 2682 domini
915 2643 1089 2682 habendi
1131 2643 1222 2680 sint.
1297 2640 1526 2679 Discrimen
1545 2639 1568 2675 4
