1821 2928
453 79 568 114 Liber
592 78 662 114 IV.
712 80 771 122 (A.
800 78 863 112 eh.
890 79 1098 123 431-426.)
1422 83 1503 122 225

63 210 101 247 in
132 208 311 247 homines
343 208 482 245 morbi.
528 206 582 244 Et
612 207 740 256 primo
773 207 814 244 in
847 210 1022 255 agrestes
1055 207 1292 257 ingruerant
1318 208 1506 247 servitia-

61 294 157 331 que;
187 280 284 318 urbs
315 279 460 317 deinde
492 279 691 329 impletur.
755 278 839 317 Nec
871 291 1041 329 corpora
1072 279 1190 317 modo
1223 280 1363 319 aflecta
1393 280 1540 328 tabo,9

60 352 131 392 sed
163 353 314 390 animos
345 364 504 402 quoque
536 351 747 400 multiplex
779 350 927 399 religio
959 355 998 388 et
1029 352 1221 402 pleraque
1254 357 1419 392 externa
1447 353 1504 391 in-

59 420 178 471 'vasit‚
208 437 331 462 novos
361 424 463 462 ritus
494 422 749 462 sacrificandi
779 422 1036 460 vaticinando
1068 424 1334 463 inferentibus
1360 425 1402 463 in
1433 425 1502 464 do-

59 509 155 542 mos,
201 495 347 546 quibus
387 497 558 546 quaestui
599 499 690 533 sunt
731 495 838 545 capti
872 495 1160 546 superstitione
1193 497 1330 545 animi,
1376 497 1500 536 donec
1522 495 1572 532 10

60 568 246 619 publicus
278 568 356 606 iam
386 568 518 618 pudor
549 568 598 604 ad
629 567 824 618 primores
857 567 1033 606 civitatis
1065 569 1260 618 pervenit,
1294 573 1502 608 cernentes

61 642 99 678 iu
132 640 318 679 omnibus
347 639 446 678 vicis
478 640 716 690 sacellisque
748 639 963 690 peregrina
994 644 1114 691 atque
1145 642 1312 679 insolita
1341 643 1505 692 piacula

58 713 170 763 pacis
202 712 318 750 deum
350 712 620 762 exposcendae.
679 711 832 750 Datum
865 712 959 750 inde
990 714 1196 762 negotium
1228 714 1426 762 aedilibus,
1456 719 1501 752 ut
1521 710 1569 747 ll

60 784 437 832 animadverterent,
478 798 526 822 ne
567 784 638 834 qui
677 784 754 822 nisi
785 784 961 822 Romani
993 785 1034 823 di
1065 799 1142 823 neu
1174 799 1253 836 quo
1285 786 1365 825 alio
1397 800 1505 825 more

59 870 177 908 quam
210 857 342 907 patrio
375 857 614 895 colerentur.

172 929 250 967 Irae
283 929 473 967 adversus
500 929 692 967 Veientes
723 930 764 967 in
795 929 1072 979 insequentem
1105 944 1267 978 annum,
1300 931 1342 969 C.
1371 927 1574 970 Servi-12

58 1001 154 1039 lium
171 1001 356 1048 Ahalam,
389 1001 434 1039 L.
459 1000 670 1051 Papirium
694 1001 967 1051 Mugillanum
1000 1003 1196 1050 consules,
1229 1003 1366 1042 dilatae
1398 1008 1501 1042 sunt.
1521 996 1710 1064 ἓζῗζζὲξζ·

59 1073 171 1111 Tunc
203 1087 372 1124 quoque,
404 1087 452 1112 ne
483 1074 689 1112 confestim
721 1073 871 1112 bellum
902 1074 1152 1113 indiceretur
1180 1089 1276 1114 neve
1302 1077 1502 1115 exercitus
1523 1079 1572 1117 13

60 1146 327 1192 mitterentur,
366 1146 509 1195 religio
551 1146 726 1193 obstitit;
773 1146 930 1184 fetiales
961 1147 1074 1197 prius
1105 1148 1326 1186 mittendos
1358 1148 1408 1186 ad
1439 1162 1503 1186 res

57 1218 293 1268 repetendas
324 1231 523 1257 censuere.
584 1217 683 1256 Cum
716 1218 958 1258 Veientibus
990 1233 1116 1269 nuper
1148 1221 1231 1258 acie
1263 1220 1497 1258 dimicatum
1521 1223 1572 1260 14

57 1290 108 1328 ad
139 1290 379 1329 Nomentum
419 1295 459 1328 et
491 1290 665 1328 Fidenas
707 1291 850 1337 fuerat,
883 1290 1130 1341 indutiaeque
1163 1292 1268 1338 inde,
1314 1306 1394 1331 non
1425 1306 1503 1343 pax

57 1363 172 1409 facta,
220 1376 387 1413 quarum
429 1366 469 1400 et
506 1362 591 1400 dies
632 1362 801 1409 exierat,
846 1366 885 1400 et
926 1367 1017 1401 ante
1049 1363 1154 1402 diem
1185 1364 1502 1411 rebellaverant3

56 1435 167 1472 missi
206 1438 340 1472 tamen
377 1435 551 1481 fetiales3
597 1449 668 1473 nec
700 1448 848 1482 eorum,
895 1449 1016 1486 quum
1048 1449 1156 1475 more
1187 1441 1345 1487 patrum
1377 1436 1502 1474 iurati

57 1509 284 1556 repeterent
328 1520 401 1553 res,
447 1507 569 1545 verba
614 1510 707 1544 sunt
754 1506 902 1545 audita.
965 1506 1250 1547 Controversia
1283 1509 1377 1547 inde
1408 1509 1569 1556 fuit‚15

58 1582 190 1616 utrum
222 1579 361 1629 populi
393 1579 503 1617 iussu
533 1579 778 1617 indiceretur
811 1579 961 1618 bellum
993 1594 1043 1618 an
1074 1581 1171 1619 satis
1203 1584 1307 1619 esset
1337 1584 1499 1620 senatus

56 1650 292 1688 consultum.
351 1650 564 1689 Pervicere
607 1651 775 1698 tribuni,
821 1652 1099 1690 denuntiando
1146 1653 1411 1703 impedituros
1457 1667 1499 1692 se

57 1722 260 1770 dilectum,
298 1726 342 1761 ut
374 1722 588 1770 Quinctius
603 1722 635 1773 1)
667 1725 805 1762 consul
838 1724 886 1762 de
918 1724 1026 1763 bello
1058 1725 1109 1763 ad
1139 1726 1331 1776 populum
1362 1726 1497 1763 ferret.

56 1793 203 1833 Omnes
234 1796 427 1834 centuriae
460 1795 620 1834 iussere.

168 1867 217 1905 In
250 1881 294 1906 eo
327 1880 484 1918 quoque
516 1867 630 1918 plebs
662 1868 845 1918 superior
876 1868 964 1915 fuit,
1005 1869 1114 1920 quod
1144 1870 1285 1917 tenuit,
1324 1883 1372 1907 ne
1404 1865 1494 1908 con·
1517 1871 1567 1909 16

55 1939 157 1978 sules
189 1940 230 1978 in
259 1940 483 1991 proximum
515 1953 661 1977 annum
693 1945 934 1979 crearentur.
993 1940 1165 1979 Tribuni
1196 1942 1371 1980 militum
1403 1955 1493 1980 con·
1577 1940 1625 1988 31

55 2011 177 2050 sulari
208 2016 404 2062 potestate
437 2015 628 2062 quattuor
659 2013 782 2050 creati
814 2017 918 2059 sunt,
951 2012 996 2051 T.
1015 2013 1232 2061 Quinctius
1250 2014 1415 2053 Pennus
1448 2028 1496 2052 ex
1514 2015 1623 2087 &uc-3·
1643 2015 1705 2085 {32-

55 2083 273 2131 consulatu,
320 2084 361 2122 C.
407 2085 568 2131 Furius,
615 2085 669 2122 M.
702 2084 948 2132 Postumius,
994 2085 1045 2124 A.
1078 2085 1292 2125 Cornelius
1340 2086 1496 2125 Cossus.
1615 2079 1622 2086 ⁶
1695 2078 1703 2085 ⁵

54 2154 117 2193 Ex
148 2156 209 2193 his
226 2155 371 2194 Cossus
402 2157 567 2207 praefuit
589 2156 694 2205 urbi,
724 2161 816 2204 tres,
849 2158 999 2196 dilectu
1023 2157 1173 2205 habito,
1205 2159 1376 2209 profecti
1403 2163 1494 2198 sunt
1512 2161 1535 2198 2

55 2226 189 2276 Veios,
234 2228 552 2278 documentoque
598 2229 719 2277 fuere,
765 2243 884 2280 quam
931 2231 1108 2281 plurium
1143 2231 1356 2282 imperium
1389 2232 1498 2270 bello

57 2299 198 2338 inutile
230 2304 342 2339 esset.
388 2300 605 2338 Tendendo
638 2302 688 2340 ad
720 2315 791 2341 sua
823 2303 993 2353 quisque
1025 2303 1206 2349 consilia,
1239 2317 1361 2354 quum
1388 2303 1498 2342 aliud

56 2371 127 2410 alii
144 2372 362 2419 videretur,
388 2377 634 2423 aperuerunt
658 2374 708 2412 ad
733 2375 981 2414 occasionem
998 2376 1128 2414 locum
1146 2376 1268 2422 hosti3
1301 2376 1494 2414 incertam
1514 2375 1537 2413 3

55 2456 224 2494 namque
256 2445 393 2492 aciem,
425 2446 583 2494 signum
614 2446 705 2484 aliis
738 2447 835 2505 dari,
867 2447 1048 2498 receptui
1081 2448 1170 2486 aliis
1203 2448 1291 2485 cani
1324 2446 1497 2484 iubenti-

56 2515 139 2562 bus,
169 2517 350 2556 invasere
382 2523 606 2568 opportune
635 2518 838 2557 Veientes.
885 2519 1028 2558 Castra
1058 2520 1291 2570 propinqua
1317 2518 1499 2556 turbatos

55 2599 99 2625 ac
129 2592 244 2639 terga
274 2589 414 2628 dantes
446 2603 651 2641 accepere;
683 2591 774 2641 plus
805 2592 940 2642 itaque
973 2591 1207 2641 ignominiae
1234 2603 1353 2641 quam
1373 2590 1500 2628 cladis

125 2679 148 2711 ι)
166 2682 272 2709 Livius
293 2689 394 2710 errore
413 2684 579 2716 superioris
599 2685 671 2710 anni
691 2685 848 2711 consulem
869 2686 901 2710 in
920 2685 1001 2711 hunc
1021 2684 1188 2710 transtulit.

124 2729 228 2757 Livius
248 2739 287 2758 ex
305 2739 364 2759 rec.
383 2733 539 2766 Madvigii.
577 2734 600 2759 1.
1225 2732 1268 2766 15
