1821 2928
317 130 393 167 172
731 125 846 161 Liber
870 124 943 161 ΠΙ.
994 127 1054 172 (A.
1080 138 1112 162 u.
1140 137 1169 161 ο.
1195 126 1290 169 305.)

269 250 291 286 ’7
312 253 479 303 lapsum.
541 252 624 291 Nec
657 266 697 290 se
729 254 983 303 superstitem
1013 254 1106 291 filiae
1138 254 1317 291 futurum
1348 252 1483 301 fuisse,
1522 251 1604 290 nisi
1632 265 1742 302 spem

310 324 548 362 ulciscendae
566 325 704 362 mortis
722 325 808 363 eius
839 326 880 363 in
896 327 1047 364 auxilio
1071 325 1385 364 commilitonum
1401 323 1617 363 habuisset.
1650 324 1741 362 Illis

312 409 468 446 quoque
486 397 590 434 enim
607 396 721 443 filias,
753 411 909 436 sorores
926 399 1195 448 coniugesque
1212 410 1309 446 esse,
1341 409 1412 434 nec
1439 409 1527 434 eum
1556 395 1641 434 filia
1671 409 1742 433 sua

310 467 518 505 libidinem
551 468 659 518 App.
694 469 855 507 Claudii
887 470 1123 507 exstinctam
1157 483 1251 516 esse,
1297 468 1367 506 sed
1398 481 1475 518 quo
1506 467 1742 518 impunitior

268 540 381 586 Ssit,
427 553 470 577 eo
514 540 805 579 effrenatiorem
851 541 946 579 fore.
1021 540 1171 580 Aliena
1203 541 1429 578 calamitate
1462 539 1741 577 documentum

310 611 444 649 datum
491 612 573 649 illis
614 613 798 650 cavendae
829 614 972 651 similis
1004 614 1172 652 iniuriae.
1249 612 1366 660 Quod
1405 611 1457 649 ad
1488 624 1528 649 se
1559 611 1738 660 attineat,

309 696 473 721 uxorem
500 684 578 721 sibi
593 684 674 721 fato
693 689 878 735 ereptam,
909 685 1044 734 filiam,
1077 686 1172 735 quia
1198 699 1278 723 non
1301 685 1410 722 ultra
1426 683 1571 733 pudica
1587 682 1742 720 victura

269 754 292 792 9
311 755 441 805 fuerit,
485 756 679 806 miseram,
723 757 790 794 sed
822 757 1027 795 honestam
1060 760 1226 795 mortem
1258 755 1508 802 occubuisse;
1548 768 1627 793 non
1659 767 1742 792 esse

312 827 391 864 iam
409 826 538 877 Appii
570 828 733 866 libidini
765 830 894 866 locum
925 831 966 867 in
999 831 1114 867 domo
1146 843 1234 875 sua3
1266 829 1315 866 ab
1348 827 1428 866 alia
1446 814 1640 865 {riolentia
1657 825 1741 863 eius

310 898 449 935 eodem
481 912 520 936 se
551 900 682 939 animo
715 915 828 938 suum
860 915 1003 951 corpus
1034 902 1345 947 vindicaturum,
1378 913 1456 950 quo
1479 897 1743 936 vindicaverit

242 969 292 1006 10
309 970 421 1017 filiae3
453 973 575 1009 ceteri
607 973 684 1009 sibi
717 987 761 1011 ac
792 973 930 1011 liberis
962 974 1042 1011 suis
1075 973 1335 1011 consulerent.
1411 970 1511 1008 Haeo
1543 969 1740 1018 Verginio

307 1042 543 1080 vociferanti
574 1045 841 1083 succlamabat
881 1045 1109 1093 multitudo,
1151 1058 1222 1083 nec
1251 1045 1362 1082 illius
1395 1042 1526 1080 dolori
1558 1055 1628 1079 neo
1659 1054 1740 1078 suae

307 1114 490 1152 libertati
537 1129 576 1153 se
622 1116 840 1156 defuturos.
916 1117 970 1154 Et
1015 1118 1188 1155 immixti
1232 1117 1361 1154 turbae
1400 1115 1573 1153 militum
1602 1112 1741 1162 togati,

308 1185 444 1223 eadem
492 1187 562 1224 illa
607 1188 806 1237 querendo
854 1189 1130 1239 docendoque,
1192 1191 1341 1239 quanto
1387 1187 1473 1226 visa
1518 1199 1636 1237 quam
1676 1198 1741 1222 au-

309 1258 394 1295 dita
424 1258 652 1307 indigniora
684 1261 908 1310 oportuerit
936 1261 1078 1310 videri,
1111 1261 1230 1299 simul
1268 1259 1520 1310 profligatam
1549 1258 1627 1295 iam
1658 1270 1742 1294 rem

240 1326 286 1363 11
308 1330 530 1368 nuntiando
562 1331 700 1368 Romae
732 1346 826 1379 esse,
857 1333 1119 1382 insecutique,
1152 1333 1222 1383 qui
1246 1332 1428 1382 Appium
1458 1342 1582 1381 prope
1614 1329 1742 1366 inter-

307 1406 483 1452 emptum
513 1404 553 1440 in
587 1403 770 1441 exsilium
803 1403 934 1442 abisse
965 1404 1154 1455 dicerent,
1188 1404 1462 1455 perpulerunt,
1494 1405 1539 1439 ut
1564 1401 1615 1439 ad
1632 1414 1741 1438 arma

308 1475 634 1522 conclamaretur,
664 1475 937 1526 vellerentque
968 1477 1082 1526 signa
1113 1480 1154 1515 et
1183 1477 1352 1514 Romam
1382 1473 1740 1526 proficiscerentur.

239 1550 288 1588 12
307 1545 539 1583 Decemviri
571 1548 689 1584 simul
721 1548 782 1596 iis,
823 1561 910 1598 quae
942 1549 1143 1596 videbant,
1185 1549 1326 1599 iisque,
1365 1560 1453 1598 quae
1484 1549 1573 1584 acta
1603 1545 1740 1583 Romae

308 1617 529 1664 audierant,
573 1618 800 1668 perturbati
847 1620 947 1657 alius
993 1621 1034 1657 in
1081 1621 1201 1658 aliam
1246 1623 1400 1670 partem
1439 1621 1659 1656 castrorum
1689 1616 1741 1654 ad

309 1689 502 1726 sedandos
535 1694 663 1727 motus
696 1690 936 1730 discurrunt.
999 1691 1078 1729 Sed
1109 1692 1253 1729 leniter
1278 1690 1489 1739 agentibus
1505 1700 1740 1738 responsum

308 1774 385 1798 non
417 1761 618 1808 redditum
650 1762 859 1812 imperium
891 1762 925 1799 si
956 1763 1044 1812 quis
1076 1763 1287 1809 inhiberet,
1319 1766 1358 1799 et
1386 1761 1494 1800 viros
1512 1765 1551 1798 et
1567 1762 1740 1798 armatos

241 1838 290 1875 13
309 1846 347 1869 se
380 1846 475 1882 csse,
509 1834 785 1883 respondetur.
846 1834 956 1872 Eunt
987 1835 1144 1883 agmine
1176 1834 1227 1872 ad
1257 1834 1396 1872 urbem
1428 1836 1467 1871 et
1489 1832 1739 1871 Aventinum

308 1904 497 1952 insidunt,
529 1909 572 1942 ut
599 1907 768 1955 quisque
785 1910 1026 1956 occurrerat,
1058 1907 1217 1956 plebem
1236 1906 1286 1944 ad
1303 1906 1561 1957 repetendam
1577 1904 1740 1942 liberta-

307 1979 386 2012 tem
419 1977 691 2027 creandosque
721 1978 903 2015 tribunos
934 1977 1066 2027 plebis
1093 1977 1362 2018 adhortantes.
1423 1977 1521 2016 Alia
1537 1990 1614 2014 vox
1629 1974 1740 2013 nulla.

241 2047 291 2083 14
307 2047 483 2085 violenta
515 2049 652 2087 audita
669 2052 738 2089 est.
801 2048 989 2087 Senatum
1007 2049 1076 2100 Sp.
1095 2049 1251 2101 Oppius
1273 2051 1405 2090 habet.
1465 2048 1580 2088 Nihil
1608 2047 1743 2098 placet

308 2131 445 2168 aspere
491 2121 573 2168 agi3
621 2122 771 2171 quippe
816 2122 866 2159 ab
911 2122 1011 2171 ipsis
1057 2122 1191 2159 datum
1237 2122 1368 2160 locum
1414 2120 1603 2159 seditioni
1642 2132 1738 2156 esse.

241 2192 290 2230 15
308 2189 527 2227 Mittuntur
558 2196 640 2230 tres
672 2193 795 2242 legati
828 2194 1067 2240 consulares,
1101 2193 1169 2244 Sp.
1203 2194 1409 2244 Tarpeius,
1445 2193 1488 2233 C.
1515 2191 1658 2240 Iulius,
1689 2190 1737 2231 P.

309 2259 523 2311 Sulpicius,
571 2264 640 2313 qui
681 2268 904 2314 quaererent
945 2269 1105 2303 senatus
1135 2266 1278 2315 verbis,
1327 2265 1439 2305 cuius
1469 2265 1579 2302 iussu
1609 2265 1740 2300 castra

308 2332 577 2372 deseruissent
607 2339 676 2373 aut
706 2337 802 2385 quid
834 2337 913 2374 sibi
942 2337 1102 2385 vellent,
1135 2338 1205 2387 qui
1235 2338 1378 2375 armati
1394 2335 1643 2375 Aventinum
1673 2332 1740 2370 ob·

308 2404 513 2455 sedissent,
546 2406 732 2456 belloque
763 2421 901 2446 averso
933 2409 981 2446 ab
1012 2408 1194 2446 hostibus
1210 2409 1383 2459 patriam
1399 2421 1509 2446 suam
1526 2405 1736 2456 cepissent.

245 2476 294 2512 16
313 2476 403 2514 Non
435 2476 575 2523 defuit,
607 2478 712 2527 quod
742 2479 1069 2528 responderetur;
1100 2480 1248 2528 deerat,
1279 2481 1348 2530 qui
1365 2480 1479 2518 daret
1493 2488 1739 2527 responsum,

306 2547 515 2585 nullodum
546 2551 654 2586 certo
685 2547 785 2587 duce
815 2563 887 2587 nec
918 2550 1014 2588 satis
1045 2551 1286 2590 audentibus
1317 2551 1490 2600 singulis
1515 2548 1680 2587 invidiae
1696 2561 1738 2586 se

308 2618 462 2659 offerre.
522 2619 573 2656 Id
603 2619 718 2658 modo
749 2634 772 2658 a
803 2620 1057 2658 multitudine
1085 2623 1372 2660 conclamatum
1391 2626 1461 2671 est,
1492 2624 1538 2658 ut
1553 2620 1600 2662 L.
1618 2619 1737 2659 Vale-

307 2689 413 2727 rium
447 2694 486 2727 et
497 2690 552 2728 M.
569 2689 785 2729 Horatium
809 2690 860 2729 ad
877 2705 918 2729 se
934 2691 1156 2739 mitterent;
1187 2693 1239 2731 iis
1256 2706 1296 2730 se
1312 2692 1473 2731 daturos
1489 2705 1736 2743 responsum.
