1821 2928
228 107 279 144 24
855 106 969 142 Liber
993 107 1022 142 Ι.

228 230 479 279 deliberatio,
512 231 580 280 qui
605 231 756 268 bellum
783 234 975 283 suscepit;
1007 248 1067 272 me
1084 235 1238 273 Albani
1267 237 1440 287 gerendo
1458 237 1563 276 bello
1580 237 1648 275 du-

228 315 310 339 cem
342 315 538 341 creavere.
600 301 711 339 Illud
741 307 791 351 te,
823 303 953 354 Tulle,
985 307 1175 344 monitum
1207 308 1337 347 velim.
1391 308 1560 347 Etrusca
1589 321 1650 346 res

227 377 374 422 quanta
421 373 526 410 circa
565 387 635 411 nos
666 377 784 424 teque
815 376 984 414 maxime
1015 378 1078 425 sit,
1124 392 1202 428 quo
1233 380 1396 429 propior
1427 393 1467 418 es
1498 379 1651 428 Tuscis,

226 443 300 481 hoc
348 444 472 493 magis
503 444 592 484 scis.
653 444 826 483 Multum
873 447 932 484 illi
963 451 1081 495 terra,
1113 450 1327 499 plurimum
1359 451 1458 488 mari
1487 451 1650 500 pollent.

184 513 378 552 9Memor
410 518 507 563 esto,
540 516 616 553 iam
649 530 768 566 quum
801 518 957 567 signum
990 533 1134 568 pugnae
1167 521 1291 571 dabis,
1325 522 1395 560 has
1423 522 1521 560 duas
1544 521 1650 559 acies

226 586 454 635 spectaculo
486 586 581 633 fore,
613 592 657 626 ut
687 588 808 626 fessos
840 591 1119 641 confectosque
1147 592 1265 629 simul
1291 593 1483 631 victorem
1506 605 1551 630 ac
1573 593 1654 630 vic-

224 660 308 694 tum
341 657 640 707 aggrediantur.
701 659 845 710 Itaque
891 661 926 698 si
966 675 1037 699 nos
1069 662 1109 699 di
1141 666 1285 713 amant,
1333 664 1530 714 quoniam,
1574 677 1654 701 non

227 729 401 766 contenti
432 729 620 768 libertate
650 734 770 778 certa,
810 732 850 768 in
883 731 1043 770 dubiam
1077 733 1235 783 imperii
1265 735 1497 785 servitiique
1528 734 1653 772 aleam

226 799 340 849 imus,
387 801 563 839 ineamus
595 803 771 852 aliquam
801 803 917 852 viam,
967 817 1057 853 qua,
1091 805 1171 842 utri
1201 806 1302 843 utris
1334 806 1538 856 imperent,
1568 805 1653 844 sine

225 884 370 920 magna
402 873 527 920 clade,
573 874 657 911 sine
702 874 828 911 multo
861 875 1054 923 sanguine
1083 876 1290 926 utriusque
1321 877 1460 927 populi
1491 876 1652 914 decerni

159 942 209 979 10
226 943 388 992 possit.“
453 944 574 981 Haud
621 946 805 995 displicet
836 959 898 982 res
931 946 1062 996 Tullo,
1110 960 1335 997 quanquam
1367 961 1487 998 quum
1518 948 1655 985 indole

225 1014 358 1060 animi,
390 1018 474 1051 tum
506 1029 574 1065 spe
605 1016 785 1054 victoriae
817 1018 990 1055 ferocior
1021 1021 1118 1057 erat.
1160 1019 1440 1066 Quaerentibus
1465 1019 1655 1068 utrinque

88 1077 144 1124 24
227 1085 331 1123 ratio
364 1086 499 1133 initur,
531 1087 593 1124 cui
626 1091 664 1125 et
694 1088 854 1125 fortuna
887 1088 973 1138 ipsa
1003 1089 1176 1138 praebuit
1202 1090 1417 1128 materiam,
1459 1089 1581 1127 Forte
1613 1089 1652 1126 in

226 1155 382 1194 duobus
412 1161 497 1194 tum
528 1159 770 1196 exercitibus
797 1163 910 1197 erant
933 1160 1139 1208 trigemini
1163 1161 1315 1208 fratres,
1346 1175 1417 1198 nec
1441 1163 1556 1198 aetate
1581 1172 1654 1197 nec

225 1227 379 1264 viribus
420 1228 612 1278 dispares.
676 1230 865 1268 Horatios
899 1230 1178 1282 Curiatiosque
1209 1233 1331 1270 fuisse
1362 1233 1457 1270 satis
1489 1234 1656 1278 constat,

224 1312 297 1336 nec
322 1298 445 1336 ferme
470 1313 532 1336 res
557 1300 721 1350 antiqua
747 1302 826 1339 alia
851 1306 909 1339 est
932 1302 1126 1349 nobilior;
1153 1307 1283 1341 tamen
1312 1304 1352 1341 in
1378 1316 1420 1340 re
1445 1306 1526 1341 tam
1545 1303 1653 1340 clara

225 1370 431 1407 nominum
463 1384 573 1408 error
604 1375 748 1419 manet,
778 1373 908 1410 utrius
939 1375 1078 1423 populi
1109 1375 1283 1421 Horatii,
1320 1375 1450 1412 utrius
1481 1373 1656 1411 Curiatii

224 1441 385 1479 fuerint.
432 1442 630 1480 Auctores
661 1448 831 1493 utroque
857 1445 1039 1491 trahunt3
1071 1447 1204 1495 plures
1228 1450 1358 1483 tamen
1385 1445 1554 1491 invenio,
1586 1444 1656 1494 qui

225 1511 425 1550 Romanos
456 1514 650 1551 Horatios
696 1519 854 1559 vocent;
902 1516 973 1553 hos
1014 1519 1058 1553 ut
1089 1531 1244 1566 sequar,
1292 1517 1460 1555 inclinat
1490 1516 1655 1554 animus.

183 1582 205 1617 2
227 1583 324 1621 Cum
354 1585 582 1632 trigeminis
614 1589 737 1635 agunt
766 1600 891 1636 reges,
922 1591 967 1624 ut
999 1601 1071 1637 pro
1096 1601 1166 1624 sua
1190 1588 1359 1637 quisque
1383 1587 1514 1637 patria
1540 1586 1655 1623 dimi-

226 1658 317 1693 cent
346 1656 468 1701 ferro;
515 1657 573 1694 ibi
621 1658 829 1706 imperium
877 1659 975 1704 fore,
1018 1659 1122 1696 unde
1152 1659 1320 1696 victoria
1350 1659 1480 1696 fuerit.
1540 1657 1655 1696 Nihil

184 1726 449 1773 3recusatur3
481 1732 638 1777 tempus
670 1731 707 1765 et
739 1729 848 1766 locus
880 1730 1075 1766 convenit.
1133 1729 1375 1779 Priusquam
1408 1729 1657 1775 dimicarent,

226 1799 352 1836 foedus
399 1800 518 1836 ictum
551 1800 653 1836 inter
684 1799 884 1837 Romanos
915 1803 955 1837 et
984 1799 1166 1837 Albanos
1200 1804 1258 1837 est
1287 1800 1347 1837 his
1379 1801 1548 1860 legibus,
1595 1803 1652 1848 ut,

227 1871 338 1908 cuius
362 1871 501 1920 populi
529 1871 635 1908 cives
659 1884 704 1907 eo
731 1872 944 1908 certamine
969 1871 1171 1920 vicissent,
1201 1871 1233 1908 is
1260 1871 1377 1908 alteri
1402 1872 1548 1921 populo
1565 1883 1653 1908 cum

230 1941 335 1978 bona
379 1955 475 1991 pace
504 1942 763 1991 imperitaret.
824 1942 995 1980 Foedera
1026 1942 1106 1980 alia
1137 1942 1230 1979 aliis
1260 1942 1429 1991 legibus,
1477 1945 1651 1979 ceterum

183 2011 208 2046 4
229 2013 365 2049 eodem
398 2012 512 2050 modo
545 2014 676 2050 omnia
706 2012 819 2051 fiunt.
880 2013 981 2050 Tum
1030 2013 1085 2050 ita
1116 2013 1264 2050 factum
1296 2013 1534 2063 accepimus,
1581 2025 1652 2049 nec

224 2083 346 2120 ullius
377 2084 571 2121 vetustior
601 2084 764 2121 foederis
794 2085 982 2122 memoria
1013 2088 1080 2122 est.
1127 2084 1295 2121 Fetialis
1325 2096 1459 2132 regem
1491 2083 1652 2120 Tullum

224 2154 281 2191 ita
298 2155 475 2202 rogavit:
505 2155 700 2201 „Iubesne
727 2168 800 2204 me,
828 2169 909 2202 reX,
936 2168 1022 2192 cum
1040 2158 1154 2205 patre
1170 2158 1328 2204 patrato
1343 2154 1481 2204 populi
1497 2153 1651 2191 Albani

225 2225 352 2262 foedus
369 2226 487 2262 ferire
499 2225 540 2262 ?“
570 2226 739 2263 Iubente
756 2240 859 2275 rege,
889 2226 1128 2276 „Sagmina“
1151 2226 1282 2275 inquit
1300 2230 1375 2275 „te‚
1391 2239 1474 2272 rex,
1490 2227 1650 2275 posco.“

185 2295 208 2331 5
227 2296 316 2334 Rex
349 2296 423 2332 ait:
459 2325 475 2342 ‚7
485 2296 665 2347 [Puram]
682 2297 854 2335 tollitof‘
905 2297 1070 2335 Fetialis
1094 2311 1141 2335 ex
1164 2311 1252 2334 arce
1276 2297 1465 2346 graminis
1487 2296 1651 2334 herbam

224 2380 363 2417 puram
390 2367 539 2406 attulit.
587 2368 734 2406 Postea
750 2381 882 2417 regem
907 2369 963 2406 ita
988 2369 1166 2417 rogavit:
1203 2368 1328 2416 „Rex‚
1357 2368 1506 2405 facisne
1529 2381 1589 2405 me
1606 2371 1650 2405 tu

224 2439 377 2487 regium
409 2438 592 2475 nuntium
624 2440 765 2488 populi
796 2439 969 2476 Romani
1002 2439 1236 2485 Quiritium,
1281 2452 1377 2477 vasa
1407 2438 1649 2488 comitesque

227 2508 387 2546 meos?“
415 2509 503 2546 Rex
519 2510 745 2559 respondit:
776 2508 918 2556 „Quod
944 2509 1028 2546 sine
1054 2508 1193 2546 fraude
1220 2522 1307 2546 mea
1331 2509 1550 2558 populique
1564 2508 1648 2546 Ro-

186 2577 208 2613 6
227 2580 334 2617 mani
352 2580 572 2627 Quiritium
603 2579 683 2628 fiat,
716 2579 857 2619 facio.“
907 2579 1075 2617 Fetialis
1108 2582 1193 2616 erat
1209 2579 1264 2619 M.
1284 2579 1488 2626 Valerius;
1518 2580 1551 2616 is
1580 2592 1648 2628 pa-

223 2655 324 2689 trem
364 2654 564 2701 patratum
596 2649 665 2700 Sp.
694 2649 861 2687 Fusium
902 2650 1007 2698 fecit,
1048 2649 1224 2688 verbena
1256 2652 1375 2698 caput
1405 2650 1650 2699 capillosque
