1821 2928
394 224 471 260 178
797 230 886 255 Liber
904 230 956 255 lx.
993 230 1040 258 (A.
1060 239 1088 256 u.
1109 238 1133 256 c.
1153 233 1308 261 443—444.)

335 353 425 386 ante
457 348 572 395 signa
603 346 788 395 circaque
821 358 952 382 omnes
985 344 1224 382 ceciderunt.
1270 345 1391 383 Nullo
1415 359 1590 396 unquam
1621 348 1763 398 proelio

334 417 437 465 fugae
469 415 598 451 minus
629 427 699 451 nec
732 414 822 463 plus
854 413 972 450 caedis
1004 413 1154 460 fuisset,
1184 413 1227 450 ni
1251 414 1473 452 obstinatos
1497 415 1599 452 mori
1614 415 1763 455 Tuscos

334 498 412 521 nox
443 483 617 527 texisset,
648 482 705 519 ita
735 485 780 518 ut
809 481 981 518 victores
1012 481 1124 530 prius
1157 494 1274 530 quam
1296 482 1395 519 victi
1419 483 1625 532 pugnandi
1646 483 1764 522 finem

269 554 319 590 10
337 553 520 590 facerent.
594 550 694 587 Post
738 563 919 587 occasum
956 549 1050 586 solis
1096 549 1254 597 signum
1290 550 1468 599 receptui
1509 550 1646 588 datum
1685 555 1763 598 est,

270 622 315 658 11
336 623 450 658 nocte
482 619 531 656 ab
563 622 732 667 utroque
771 618 813 654 in
851 621 979 654 castra
1019 617 1204 654 reditum.
1263 617 1346 656 Nec
1378 618 1521 655 deinde
1551 619 1764 669 quicquam

339 702 383 726 eo
415 701 518 725 anno
550 686 608 723 rei
640 685 829 722 memoria
861 685 991 733 dignae
1023 685 1129 735 apud
1161 685 1339 723 Sutrium
1370 690 1524 735 gestum
1556 690 1630 735 est,
1669 688 1765 737 quia

335 760 374 794 et
405 769 452 793 ex
482 754 653 792 hostium
692 753 868 790 exercitu
905 753 1035 803 prima
1070 756 1157 791 tota
1194 753 1299 791 acies
1336 754 1468 792 deleta
1507 768 1584 793 uno
1622 756 1764 805 proelio

336 824 476 869 fuerat,
521 821 774 861 subsidiariis
819 822 935 859 modo
980 821 1143 868 relictis,
1188 822 1256 859 vix
1293 821 1399 872 quod
1444 823 1537 861 satis
1577 826 1678 862 esset
1715 823 1766 862 ad

271 893 319 929 12
338 896 557 929 castrorum
588 890 831 939 praesidium,
863 894 901 926 et
924 890 1030 938 apud
1047 889 1248 927 Romanos
1271 893 1426 928 tantum
1447 891 1765 939 vulnerumffuit,

335 964 379 996 ut
410 960 545 1009 plures
577 961 667 1007 post
698 957 883 1007 proelium
909 957 1035 994 saucii
1065 958 1316 1005 decesserint,
1347 971 1464 1007 quam
1482 959 1712 996 ceciderant
1725 959 1767 996 in

207 1024 265 1072 33
340 1028 434 1065 acie.
495 1026 541 1073 Q.
565 1026 728 1072 Fabius,
760 1026 1004 1074 insequentis
1036 1026 1128 1062 anni
1159 1026 1306 1072 consul,
1337 1026 1485 1064 bellum
1516 1026 1567 1064 ad
1583 1025 1764 1064 Sutrium

132 1084 318 1144 {judfijssffij
339 1095 510 1144 excepit,
543 1094 696 1142 collega
723 1093 849 1131 Fabio
878 1093 919 1130 C.
938 1093 1115 1130 Marcius
1140 1094 1304 1131 Rutilus
1337 1094 1453 1132 datus
1484 1098 1560 1141 est3
1593 1097 1762 1132 ceterum

297 1165 319 1201 2
339 1168 378 1201 et
407 1163 559 1201 Fabius
589 1161 907 1211 supplementum
945 1161 994 1198 ab
1027 1162 1155 1199 Roma
1195 1161 1373 1209 adduxit,
1419 1166 1458 1200 et
1494 1175 1619 1200 novus
1657 1176 1767 1200 exer·

338 1233 439 1270 citus
471 1231 587 1268 domo
620 1229 768 1267 accitus
799 1229 981 1266 Etruscis
1010 1230 1132 1266 venit.

300 1301 322 1337 3
453 1298 652 1337 Permulti
678 1297 771 1334 anni
796 1297 875 1334 iam
893 1302 1017 1344 erant,
1048 1311 1167 1347 quum
1185 1297 1288 1334 inter
1305 1298 1500 1347 patricios
1515 1299 1768 1347 magistratus

337 1369 601 1416 tribunosque
627 1366 738 1403 nulla
765 1365 984 1403 certamina
1009 1366 1187 1412 fuerant,
1219 1379 1338 1415 quum
1364 1380 1412 1403 ex
1439 1380 1484 1404 ea
1508 1366 1673 1413 familia,
1703 1366 1767 1403 cui

337 1437 446 1474 velut
476 1436 557 1473 fato
590 1435 641 1471 lis
673 1447 760 1471 cum
790 1433 964 1471 tribunis
1003 1447 1047 1470 ac
1084 1433 1202 1483 plebe
1242 1438 1345 1481 erat,
1391 1438 1588 1472 certamen
1628 1434 1769 1472 oritur.

298 1505 323 1541 4
339 1505 447 1554 App.
465 1503 659 1541 Claudius
677 1516 824 1549 censor,
857 1501 1106 1539 circumactis
1124 1502 1257 1538 decem
1275 1505 1313 1539 et
1329 1505 1416 1539 octo
1435 1502 1644 1550 mensibus,
1661 1502 1767 1552 quod

339 1572 506 1609 AEmilia
536 1571 623 1619 lege
653 1571 810 1607 finitum
842 1583 1015 1607 censurae
1056 1570 1229 1619 spatium
1268 1569 1460 1619 temporis
1498 1573 1601 1618 erat,
1646 1583 1768 1620 quum

340 1640 382 1677 C.
413 1639 600 1677 Plautius
632 1639 783 1686 collega
829 1638 913 1675 eius
950 1638 1187 1686 magistratu
1226 1652 1265 1675 se
1303 1638 1541 1686 abdicasset,
1584 1638 1697 1676 nulla
1726 1638 1767 1675 vi

301 1708 324 1745 5
342 1707 537 1756 compelli,
568 1710 613 1743 ut
643 1705 859 1751 abdicaret,
899 1706 1042 1754 potuit.
1102 1706 1147 1742 P.
1175 1704 1434 1755 Sempronius
1465 1709 1551 1743 erat
1579 1705 1767 1743 tribunus

340 1775 481 1826 plebis,
513 1774 583 1823 qui
613 1773 797 1810 finiendae
830 1786 1003 1811 censurae
1036 1774 1142 1810 intra
1158 1773 1382 1821 legitimum
1397 1776 1551 1822 tempus
1569 1774 1766 1811 actionem

342 1846 581 1893 susceperat,
611 1856 691 1879 non
722 1842 956 1891 popularem
987 1842 1114 1890 magis
1146 1855 1264 1891 quam
1295 1842 1439 1879 iustam
1462 1855 1533 1879 nec
1560 1842 1602 1878 in
1624 1842 1767 1890 vulgus

303 1914 461 1961 equam
493 1911 642 1960 optimo
674 1910 815 1959 cuique
848 1910 1075 1958 gratiorem.
1144 1909 1186 1946 Is
1226 1923 1346 1959 quum
1388 1909 1606 1947 identidem
1642 1909 1769 1958 legem

341 1979 548 2016 AEmiliam
579 1978 768 2015 recitaret
799 1981 1076 2027 auctoremque
1108 1977 1193 2015 eius
1223 1978 1341 2014 Mam.
1400 1977 1611 2014 AEmilium
1643 1976 1768 2015 dicta—

343 2052 469 2083 torem
502 2046 689 2083 laudibus
721 2046 861 2092 ferret,
893 2046 961 2095 qui
1001 2046 1337 2095 quinquennalem
1374 2049 1465 2083 ante
1496 2058 1700 2082 censuram
1731 2048 1768 2082 et

343 2115 637 2163 longinquitate
655 2118 890 2163 potestatem
908 2113 1177 2151 dominantem
1204 2113 1310 2150 intra
1335 2126 1401 2150 Sex
1426 2126 1603 2150 mensum
1620 2115 1659 2150 et
1674 2112 1769 2150 anni

305 2184 327 2219 7
346 2183 537 2231 coegisset
550 2182 731 2231 spatium
746 2182 863 2228 „Dic,
880 2195 952 2230 age
965 2182 1082 2218 dum“
1103 2181 1245 2230 inquit,
1259 2180 1397 2230 „Appi
1409 2180 1567 2227 Claudi,
1578 2179 1769 2229 quidnam

342 2251 517 2287 facturus
549 2250 682 2296 fueris,
715 2250 748 2286 si
782 2263 825 2287 eo
856 2253 1045 2298 tempore,
1077 2262 1154 2298 quo
1183 2248 1224 2286 C.
1252 2249 1400 2286 Furius
1432 2251 1471 2286 et
1492 2248 1546 2284 M.
1566 2246 1768 2296 Geganius

302 2319 327 2355 8
345 2331 524 2355 censores
554 2317 725 2364 fuerunt,
759 2331 896 2355 censor
927 2317 1105 2354 fuisses.“
1168 2316 1327 2365 Negare
1357 2316 1519 2366 Appius
1550 2315 1768 2364 interroga-

342 2386 492 2423 tionem
521 2385 677 2423 tribuni
707 2399 849 2434 magno
881 2398 998 2434 opere
1030 2384 1081 2422 ad
1105 2397 1259 2421 causam
1285 2385 1484 2434 pertinere
1508 2396 1637 2429 suam3
1667 2396 1770 2428 nam,

345 2453 419 2490 etsi
450 2453 625 2490 tenuerit
656 2453 718 2490 lex
744 2453 912 2490 AEmilia
943 2466 1007 2490 eos
1040 2465 1231 2500 censores,
1262 2465 1429 2502 quorum
1460 2452 1503 2489 in
1532 2436 1770 2499 magistratu

304 2522 327 2557 9
345 2521 426 2558 lata
456 2525 565 2567 esset,
597 2521 689 2570 quia
720 2524 809 2570 post
835 2520 924 2557 illos
952 2534 1130 2558 censores
1158 2524 1309 2558 creatos
1336 2533 1421 2557 eam
1447 2519 1575 2568 legem
1598 2517 1769 2567 populus

345 2588 534 2634 iussisset,
565 2588 750 2638 quodque
780 2592 1021 2637 postremum
1053 2587 1244 2634 iussisset,
1276 2587 1317 2624 id
1341 2588 1404 2624 ius
1425 2589 1633 2634 ratumque
1657 2587 1770 2631 esset,

343 2669 422 2693 non
452 2659 583 2693 tamen
615 2660 682 2692 ant
712 2668 752 2692 se
786 2658 855 2692 aut
886 2669 1019 2693 eorum
1052 2668 1298 2705 quemquam,
1328 2654 1397 2703 qui
1421 2657 1512 2703 post
1535 2666 1619 2690 eam
1642 2653 1768 2701 legem
