1821 2928
491 100 607 135 Liber
631 99 706 136 111.
755 99 814 144 (A.
839 99 903 134 Ch.
928 99 1025 143 446.)
1441 101 1519 139 193

78 229 126 268 P.
143 229 348 280 Sulpicius
378 242 450 280 per
480 227 650 266 mediam
673 226 848 266 hostium
872 227 999 264 aciem
1016 239 1104 264 cum
1123 225 1306 276 equitatu
1319 226 1516 276 perrupit.
1533 226 1557 262 4

81 301 200 340 Unde
239 313 360 352 quum
393 300 530 339 eadem
562 299 708 339 reverti
739 302 876 350 posset
906 299 957 336 ad
988 311 1092 345 suos,
1131 299 1364 349 priusquam
1394 298 1521 337 hostis

79 373 262 411 turbatos
280 373 440 411 ordines
456 372 650 422 reficeret,
671 375 786 421 terga
803 372 1041 421 impugnare
1057 369 1232 408 hostium
1249 370 1374 409 satius
1389 370 1520 409 visum

79 448 156 491 est;
205 448 485 495 momentoque
529 443 738 495 temporis,
784 443 826 480 in
873 455 1052 481 aversam
1099 443 1341 481 incursando
1382 442 1519 489 aciem,

79 516 249 566 ancipiti
277 519 432 554 terrore
464 516 700 567 dissipasset
730 516 875 565 hostes,
907 515 950 552 ni
983 527 1054 552 suo
1077 514 1245 564 proprio
1271 527 1360 552 eum
1376 514 1519 565 proelio

79 588 235 645 equites
245 587 486 627 Volscorum
504 592 543 626 et
551 589 777 639 AEquorum
794 589 1004 637 exceptum
1021 586 1269 636 aliquamdiu
1284 587 1520 625 tenuissent.

78 660 146 700 Ibi
175 673 270 698 vero
288 659 494 711 Sulpicius
518 673 666 710 negare
691 659 906 698 cunctandi
920 662 1080 709 tempus
1097 672 1192 706 esse,
1223 658 1517 697 circumventos
1535 659 1558 697 5

80 732 400 783 interclusosque
430 733 481 771 ab
514 733 595 771 suis
618 732 854 783 vociferans,
887 732 930 769 ni
953 733 1139 781 equestre
1155 730 1345 781 proelium
1362 731 1522 769 connixi

78 805 187 842 omni
218 805 260 843 vi
289 804 548 855 perficerent;
581 818 653 843 nec
684 805 825 855 fugare
856 804 1030 854 equitem
1062 803 1263 852 integrum
1291 803 1389 841 satis
1417 816 1518 849 esse;
1538 805 1561 841 6

80 876 323 914 conficerent
339 890 460 927 equos
477 877 679 927 virosque,
707 891 756 915 ne
773 877 863 927 quis
878 876 1141 914 reveheretur
1158 875 1251 913 inde
1269 875 1319 912 ad
1335 875 1522 925 proelium

78 952 151 987 aut
181 949 402 999 integraret
432 962 627 1000 pugnam;
658 963 738 988 non
769 962 886 1000 posse
913 948 1005 986 illos
1029 948 1216 986 resistere
1246 947 1339 997 sibi,
1373 935 1521 998 quibus

78 1021 260 1060 conferta
290 1021 474 1072 peditum
506 1022 611 1060 acies
643 1021 841 1060 cessisset.
887 1020 1012 1059 Haud
1042 1019 1173 1058 surdis
1204 1020 1369 1058 auribus
1395 1019 1518 1059 dicta.
1539 1022 1561 1057 7

78 1093 350 1144 Impressione
375 1107 456 1132 una
471 1098 601 1132 totum
621 1093 844 1144 equitatum
859 1092 1011 1141 fudere,
1040 1106 1226 1142 magnam
1242 1092 1324 1132 vim
1342 1105 1390 1130 ex
1407 1092 1522 1142 equis

78 1166 399 1216 praecipitavere,
417 1167 526 1217 ipsos
543 1179 746 1216 equosque
764 1165 928 1216 spiculis
947 1165 1172 1205 confodere.
1212 1164 1254 1203 Is
1269 1164 1360 1202 finis
1376 1177 1523 1215 pugnae

80 1239 277 1288 equestris
308 1239 395 1276 fuit.
455 1238 568 1276 Tunc
585 1238 717 1277 adorti
733 1238 913 1288 peditum
929 1237 1066 1284 aciem,
1090 1236 1253 1274 nuntios
1271 1236 1321 1273 ad
1338 1237 1520 1275 consules
1538 1237 1563 1274 8

79 1309 140 1347 rei
165 1313 288 1358 gestae
304 1310 483 1358 mittunt,
514 1310 586 1347 ubi
606 1311 684 1348 iam
704 1310 976 1348 inclinabatur
992 1309 1166 1347 hostium
1183 1308 1299 1346 acies.
1345 1308 1523 1347 Nuntius

80 1381 230 1420 deinde
247 1386 285 1420 et
301 1382 555 1420 vincentibus
565 1382 760 1420 Romanis
777 1382 931 1419 animos
950 1381 1061 1418 auxit
1077 1383 1117 1418 et
1127 1380 1343 1418 referentes
1353 1380 1523 1429 gradum

80 1454 256 1504 perculit
286 1454 452 1504 AEquos.
527 1454 577 1491 In
618 1454 748 1492 media
785 1454 960 1504 primum
1001 1454 1084 1491 acie
1123 1453 1231 1491 vinci
1262 1453 1400 1503 coepti,
1441 1455 1562 1502 qua9

81 1527 300 1576 permissus
318 1526 522 1576 equitatus
539 1526 775 1565 turbaverat
792 1525 973 1572 ordines;
1008 1525 1216 1563 sinistrum
1234 1525 1380 1562 deinde
1398 1537 1521 1562 cornu
1540 1525 1593 1564 10

81 1599 132 1637 ab
151 1598 344 1646 Quinctio
373 1598 535 1636 consule
557 1598 657 1648 pelli
682 1601 871 1649 coeptum;
905 1598 947 1635 in
964 1597 1105 1635 dextro
1132 1597 1352 1648 plurimum
1368 1597 1522 1635 laboris

81 1671 169 1709 fuit.
230 1670 296 1708 Ibi
320 1670 520 1721 Agrippa,
552 1673 670 1709 aetate
701 1670 935 1720 viribusque
966 1670 1090 1717 ferox,
1121 1682 1245 1720 quum
1276 1669 1384 1708 omni
1408 1672 1522 1719 parte

81 1755 226 1794 pugnae
257 1743 399 1780 melius
430 1756 513 1780 rem
546 1743 632 1793 geri
667 1756 785 1793 quam
819 1742 926 1792 apud
958 1755 999 1780 se
1021 1742 1190 1789 videret,
1221 1744 1384 1791 arrepta
1408 1741 1522 1791 signa

81 1815 132 1853 ab
163 1815 371 1866 signiferis
402 1815 488 1865 ipse
520 1815 678 1862 inferre,
724 1815 907 1865 quaedam
939 1815 1069 1852 iacere
1101 1814 1219 1852 etiam
1250 1814 1292 1850 in
1324 1813 1522 1851 confertos

79 1887 216 1925 hostes
247 1887 387 1937 coepit;
421 1887 531 1924 cuius
562 1887 793 1936 ignominiae
818 1890 926 1925 metu
950 1886 1141 1924 concitati
1166 1884 1314 1923 milites
1339 1885 1519 1923 invasere
1540 1885 1587 1923 11

83 1959 249 1999 hostem.
325 1959 392 1997 Ita
430 1963 588 2009 aequata
629 1971 678 1996 ex
711 1959 819 1997 omni
849 1962 964 2008 parte
995 1958 1167 1996 victoria
1197 1960 1268 1997 est.
1344 1956 1521 1996 Nuntius

80 2034 167 2069 tum
206 2044 229 2069 a
267 2031 459 2079 Quinctio
499 2031 621 2077 venit,
668 2031 861 2069 victorem
902 2031 981 2069 iam
1019 2043 1060 2068 se
1100 2030 1308 2068 imminere
1347 2029 1521 2068 hostium

83 2104 245 2150 castris;
261 2103 369 2142 nolle
386 2103 620 2153 irrumpere,
632 2105 845 2152 antequam
863 2102 964 2140 sciat
980 2102 1224 2140 debellatum
1241 2104 1280 2140 et
1296 2102 1338 2140 in
1354 2101 1521 2139 sinistro

81 2189 208 2214 cornu
239 2189 342 2214 esse:
376 2175 411 2213 si
444 2175 523 2212 iam
555 2174 727 2212 fudisset
758 2174 904 2221 hostes,
937 2175 1137 2212 conferret
1167 2175 1218 2213 ad
1250 2188 1290 2212 se
1317 2174 1443 2224 signa,
1473 2176 1519 2211 ut
1539 2174 1588 2211 12

82 2247 202 2286 simul
233 2248 361 2286 omnis
393 2246 592 2284 exercitus
623 2246 760 2296 praeda
790 2247 1000 2297 potiretur.
1046 2246 1189 2286 Victor
1213 2246 1400 2297 Agrippa
1431 2258 1520 2284 cum
1541 2244 1590 2282 13

82 2322 223 2358 mutua
261 2319 533 2368 gratulatione
574 2318 624 2356 ad
655 2318 847 2357 victorem
880 2319 1074 2369 collegam
1106 2322 1316 2369 castraque
1345 2318 1522 2356 hostium

81 2391 204 2430 venit.
264 2390 331 2428 Ibi
361 2390 500 2440 paucis
526 2390 831 2429 defendentibus
854 2394 1133 2441 momentoque
1149 2390 1259 2438 fusis,
1293 2391 1378 2429 sine
1394 2392 1520 2427 certa·

83 2463 189 2502 mine
231 2463 271 2500 in
313 2462 556 2500 munitiones
587 2462 826 2513 irrumpunt,
865 2463 1083 2513 praedaque
1113 2463 1268 2513 ingenti
1299 2464 1522 2511 compotem

84 2535 324 2582 exercitum,
369 2534 452 2572 suis
493 2534 613 2572 etiam
652 2535 772 2572 rebus
811 2535 1079 2586 recuperatis,
1127 2547 1216 2585 quae
1260 2532 1522 2584 populatione

85 2619 274 2657 agrorum
300 2606 453 2644 amissae
478 2610 603 2654 erant,
630 2607 840 2645 reducunt.
885 2607 1150 2658 Triumphum
1167 2618 1238 2642 nec
1256 2604 1364 2654 ipsos
1380 2605 1515 2653 postu-
1538 2601 1589 2641 14

85 2678 190 2716 lasse
229 2690 302 2715 nec
334 2677 512 2716 delatum
543 2678 593 2716 iis
625 2679 676 2717 ab
707 2682 849 2718 senatu
879 2679 1050 2729 accipio,
1090 2690 1162 2714 nec
1194 2675 1371 2714 traditur
1401 2687 1521 2714 causa

153 2758 262 2785 Livius
281 2765 318 2784 ex
337 2766 397 2785 rec.
415 2759 568 2792 Madvigii.
606 2760 631 2785 1.
1249 2756 1292 2790 13
