1821 2928
268 105 347 142 130
651 101 767 135 Liber
791 100 866 137 111.
917 101 974 144 (A.
1001 113 1037 134 u.
1063 113 1093 136 c.
1120 102 1326 144 290—291.)

264 243 400 267 manos
433 229 627 267 cecidisse
658 229 698 266 in
731 228 907 266 Hernico
939 242 1034 278 agro
1067 229 1245 279 quinque
1277 229 1406 267 millia
1431 229 1701 278 octingentos3

266 316 312 339 ex
344 301 638 352 praedatoribus
670 301 913 351 AEquorum,
955 301 1023 350 qui
1055 300 1332 350 populabundi
1373 301 1414 338 in
1444 300 1589 338 finibus
1620 301 1700 339 Ro-

265 375 390 412 manis
431 373 697 422 vagabantur,
739 373 789 410 ab
829 373 881 411 A.
923 372 1129 410 Postumio
1172 372 1333 410 consule
1373 372 1450 410 duo
1492 372 1622 410 millia
1663 376 1703 410 et

266 446 582 496 quadringentos
615 458 754 491 caesos;
789 448 957 482 ceteram
985 445 1282 482 multitudinem
1306 445 1481 494 praedam
1505 447 1702 493 agentem,

267 531 354 567 quae
385 517 576 554 inciderit
607 517 647 554 in
680 516 925 564 Quinctium,
956 529 1204 566 nequaquam
1236 516 1326 566 pari
1357 516 1586 554 defunctam
1618 529 1702 554 esse

267 590 389 628 caede:
424 590 636 626 interfecta
662 589 755 626 inde
781 592 971 638 quattuor
997 588 1124 626 millia
1142 593 1192 638 et,
1226 588 1477 638 exsequendo
1503 588 1706 626 subtiliter

267 675 490 710 numerum,
525 662 713 699 ducentos
746 661 801 698 ait
833 665 872 698 et
901 661 1083 709 triginta.

205 736 253 772 14
390 735 447 773 Ut
478 734 647 771 Romam
686 733 858 770 reditum
899 737 937 770 et
976 732 1171 770 instit-ium
1203 732 1411 769 remissum
1443 735 1522 779 est,
1564 732 1705 769 caelum

266 807 395 845 visum
427 810 486 844 est
511 805 652 843 ardere
678 806 853 855 plurimo
884 805 979 853 igni,
1008 807 1274 854 portentaque
1299 805 1378 842 alia
1403 807 1472 842 aut
1495 804 1706 842 obversata

266 879 394 916 oculis
436 882 503 915 aut
544 891 664 915 vanas
708 876 912 914 exterritis
958 879 1208 913 ostentavere
1248 876 1410 925 species.
1479 876 1555 914 His
1596 889 1707 914 aver-

265 951 398 989 tendis
439 950 662 988 terroribus
695 949 736 985 in
767 949 944 985 triduum
976 948 1088 985 feriae
1120 947 1299 995 indictae,
1343 961 1414 998 per
1445 961 1542 998 quas
1574 947 1706 985 omnia

269 1023 437 1060 delubra
466 1036 601 1072 pacem
628 1021 743 1058 deum
773 1021 1072 1071 exposcentium
1089 1021 1265 1058 virorum
1283 1020 1574 1069 mulierumque
1589 1019 1709 1057 turba

196 1096 244 1133 15
265 1095 546 1145 implebantur.
609 1093 802 1131 Cohortes
841 1093 933 1130 inde
966 1092 1124 1129 Latinae
1156 1092 1425 1142 Hernicaeque
1463 1092 1512 1130 ab
1544 1094 1707 1140 senatu,

269 1166 411 1216 gratiis
443 1167 492 1203 ob
519 1166 730 1215 impigram
758 1165 946 1202 militiam
972 1164 1082 1211 actis,
1113 1164 1286 1201 remissae
1312 1163 1460 1202 domos.
1520 1163 1709 1202 Antiates

266 1239 376 1276 mille
408 1238 576 1287 milites,
621 1237 714 1287 quia
753 1250 880 1274 serum
922 1237 1115 1274 auxilium
1158 1240 1249 1286 post
1288 1236 1473 1285 proelium
1505 1238 1708 1281 venerant,

266 1324 390 1360 prope
424 1323 513 1347 cum
547 1309 770 1357 ignominia
801 1308 966 1345 dimissi.

157 1380 182 1427 6
388 1381 564 1420 Comitia
596 1381 687 1418 inde
710 1380 873 1427 habita3
905 1380 1027 1417 creati
1059 1379 1521 1429 consulesL.AEbutius‚
1553 1378 1600 1416 P.
1619 1377 1708 1416 Ser-

62 1446 97 1470 A,
108 1452 137 1470 u.
153 1452 177 1470 c.
193 1446 250 1469 291.

63 1486 98 1509 A.
120 1485 170 1510 Ch.
192 1486 250 1509 463.

228 1526 520 1563 2consulatum
559 1526 708 1564 ineunt.
772 1523 905 1562 Grave
943 1529 1098 1574 tempus
1140 1528 1179 1561 et
1217 1525 1319 1562 forte
1361 1536 1486 1560 annus
1517 1522 1711 1573 pestilens-

270 1456 400 1494 vilius.
463 1454 649 1491 Calendis
667 1451 898 1500 Sextilibus,
929 1455 974 1489 ut
998 1455 1092 1489 tunc
1118 1452 1362 1502 principium
1388 1451 1481 1489 anni
1506 1450 1711 1499 agebatur,

269 1603 354 1636 erat
394 1598 485 1635 urbi
526 1597 732 1645 agrisque,
774 1610 845 1633 nec
884 1596 1115 1633 hominibus
1156 1596 1281 1644 magis
1325 1609 1442 1646 quam
1473 1595 1628 1645 pecori,
1669 1596 1710 1631 et

270 1683 417 1707 auxere
443 1669 522 1706 vim
548 1668 677 1706 morbi
705 1672 858 1705 terrore
883 1668 1155 1717 populationis
1172 1667 1383 1717 pecoribus
1401 1667 1709 1715 agrestibusque

231 1741 253 1776 3
272 1742 311 1778 in
343 1742 483 1778 urbem
514 1740 700 1790 acceptis.
762 1739 820 1776 Ea
845 1739 1020 1776 colluvio
1048 1740 1260 1776 mixtorum
1285 1739 1411 1776 omnis
1437 1738 1597 1787 generis
1621 1737 1708 1775 ani-

269 1813 462 1850 mantium
497 1815 535 1849 et
566 1811 685 1849 odore
717 1811 879 1849 insolito
911 1812 1084 1849 urbanos
1117 1815 1155 1849 et
1186 1815 1385 1860 agrestem
1417 1811 1637 1848 confertum
1668 1809 1709 1846 in

270 1890 356 1922 arta
387 1888 493 1921 tecta
525 1887 623 1921 aestu
647 1897 691 1920 ac
717 1883 869 1932 vigiliis
895 1883 1081 1932 angebat,
1113 1883 1416 1933 ministeriaque
1442 1883 1483 1920 in
1510 1882 1636 1920 vicem
1665 1894 1710 1918 ac

233 1956 460 2005 4eontagio
492 1956 579 2006 ipsa
610 1954 832 2004 vulgabant
863 1956 1034 1994 morbos.
1099 1955 1177 1993 Vix
1204 1956 1396 1992 instantes
1423 1953 1712 1992 sustinentibus

273 2027 406 2065 clades
438 2032 602 2076 repente
640 2028 764 2075 legati
794 2027 962 2064 Hernici
994 2027 1203 2074 nuntiant,
1242 2027 1284 2064 in
1315 2040 1412 2075 agro
1452 2039 1521 2063 suo
1553 2025 1711 2074 AEquos

275 2100 523 2148 Volscosque
551 2099 773 2136 coniunctis
799 2098 927 2148 copiis
954 2102 1083 2136 castra
1105 2099 1297 2148 posuisse,
1328 2098 1423 2135 inde
1451 2097 1626 2134 exercitu
1651 2096 1710 2133 in-

232 2172 254 2207 5
274 2171 384 2220 genti
414 2170 511 2207 fines
537 2184 626 2208 suos
655 2170 905 2220 depopulari.
967 2171 1242 2220 Praeterquam
1267 2169 1373 2219 quod
1397 2169 1628 2219 infrequens
1653 2181 1709 2205 se-

275 2246 389 2279 natus
420 2242 571 2278 indicio
603 2246 690 2280 erat
721 2243 855 2288 sociis,
897 2242 1084 2279 afflictam
1118 2242 1319 2279 civitatem
1351 2240 1583 2290 pestilentia
1615 2252 1712 2286 esse,

274 2318 453 2351 maestum
486 2313 605 2350 etiam
638 2327 868 2362 responsum
900 2314 1038 2359 tulere,
1072 2318 1116 2350 ut
1146 2327 1217 2364 per
1249 2327 1288 2351 se
1322 2313 1399 2363 ipsi
1424 2311 1593 2350 Hernici
1623 2324 1711 2348 cum

274 2386 432 2423 Latinis
462 2398 524 2422 res
556 2398 646 2422 suas
669 2389 915 2431 tutarentur;
946 2386 1085 2423 urbem
1101 2385 1323 2422 Romanam
1347 2385 1482 2422 subita
1509 2384 1625 2421 deum
1649 2383 1713 2420 ira

276 2458 411 2495 morbo
443 2456 648 2507 populari3
680 2457 712 2493 si
745 2469 822 2504 qua
853 2457 935 2493 eius
967 2457 1058 2493 mali
1084 2458 1195 2506 quies
1227 2457 1373 2502 veniat,
1405 2460 1453 2493 ut
1475 2469 1578 2494 anno
1608 2457 1712 2501 ante,

217 2531 259 2566 ’6
279 2534 322 2566 ut
360 2543 513 2578 semper
545 2528 663 2577 alias,
703 2527 823 2564 sociis
855 2540 966 2576 opem
999 2528 1161 2567 laturos.
1223 2528 1455 2565 Discessere
1486 2527 1605 2572 socii,
1638 2539 1711 2576 pro

275 2601 382 2637 tristi
409 2601 548 2638 nuntio
574 2600 794 2638 tristiorem
822 2599 978 2635 domum
1004 2602 1266 2648 reportantes,
1301 2599 1448 2648 quippe
1474 2598 1618 2648 quibus
1640 2611 1712 2647 per

223 2701 225 2704 .
275 2686 318 2710 se
353 2672 629 2710 sustinendum
662 2671 813 2709 bellum
847 2674 942 2720 erat,
976 2671 1081 2720 quod
1114 2671 1180 2708 vix
1212 2670 1403 2707 Romanis
1434 2670 1525 2708 fulti
1556 2669 1712 2707 viribus
