1821 2928
383 241 464 277 212
838 250 928 275 Liber
945 250 983 275 x.
1019 249 1067 280 (A.
1086 257 1114 276 u.
1134 258 1159 276 ο.
1178 251 1250 279 457.)

285 366 308 402 9
327 364 598 411 committunt3
630 368 814 411 ceterum,
845 365 928 402 sive
953 365 1048 414 quia
1070 378 1117 402 ex
1133 365 1307 402 omnium
1323 363 1564 403 Samnitium
1587 365 1758 416 populis,

327 432 591 483 quodcunque
621 433 779 471 roboris
811 433 958 480 fuerat,
989 437 1288 480 contraxeram,
1320 447 1390 472 seu
1420 433 1515 483 quia
1545 432 1759 471 discrimen

325 515 485 539 summae
530 515 662 539 rerum
702 502 875 550 augebat
919 502 1082 549 animos,
1127 502 1374 551 aliquantum
1417 505 1556 551 aperta
1599 515 1775 552 quoque,

260 570 310 606 10
327 583 459 619 pugna
490 570 748 619 praebuerunt
776 570 953 607 terroris.
998 571 1150 608 Fabius
1174 570 1245 607 ubi
1270 570 1380 607 nulla
1402 583 1451 607 ex
1475 573 1591 620 parte
1604 570 1758 608 hostem

326 638 411 675 loco
429 638 578 675 moveri
594 638 709 685 vidit,
739 639 958 676 Maximum
975 639 1100 675 filium
1119 642 1158 676 et
1172 638 1227 675 M.
1244 637 1453 676 Valerium
1477 638 1662 676 tribunos
1687 638 1758 676 mi-

325 705 452 753 litum,
483 720 570 744 cum
602 707 748 756 quibus
766 707 816 744 ad
833 708 1003 756 primam
1021 707 1146 744 aciem
1161 710 1427 757 procurrerat,
1458 706 1516 744 ire
1532 706 1586 744 ad
1603 706 1759 756 equites

259 774 306 810 11
328 775 439 812 iubet
469 779 506 812 et
538 775 755 821 adhortari,
786 778 841 821 ut,
873 776 906 812 si
938 774 1097 824 quando
1129 788 1305 824 unquam
1336 775 1510 824 equestri
1543 788 1616 825 ope
1647 773 1759 813 adiu-

324 845 407 879 tam
438 856 520 880 rem
550 843 751 893 publicam
783 844 1043 890 meminerint,
1075 843 1146 881 illo
1174 843 1238 881 die
1264 843 1509 891 annitantur,
1539 846 1584 880 ut
1606 842 1761 881 ordinis

259 911 307 946 12
327 910 410 947 eius
427 911 595 959 gloriam
619 911 808 948 invictam
832 915 1040 962 praestent:
1072 912 1253 961 peditum
1279 911 1493 949 certamine
1519 911 1761 950 immobilem

325 979 479 1016 hostem
494 982 664 1025 restare3
697 993 852 1017 omnem
868 980 1065 1029 reliquam
1088 993 1196 1029 spem
1212 980 1254 1017 in
1280 980 1430 1029 impetu
1461 993 1542 1018 esse
1569 979 1760 1029 equitum.

327 1047 381 1084 Et
411 1047 516 1097 ipsos
548 1048 782 1085 nominatim
815 1049 987 1095 iuvenes,
1032 1049 1121 1098 pari
1163 1049 1348 1085 comitate
1388 1051 1612 1098 utrumque,
1655 1061 1761 1086 nunc

260 1116 309 1152 13
328 1115 525 1161 laudibus,
555 1129 660 1153 nunc
676 1116 883 1165 promissis
911 1120 1059 1154 onerat.
1106 1115 1302 1163 Ceterum,
1333 1116 1493 1166 quando
1522 1130 1572 1154 ne
1597 1129 1643 1154 ea
1665 1129 1762 1166 quo-

327 1198 403 1234 que
432 1187 587 1221 tentata
616 1184 676 1221 vis
714 1184 968 1234 proficeretssss
982 1186 1025 1233 1),
1064 1184 1230 1222 consilio
1269 1184 1541 1233 grassandum,
1583 1184 1618 1222 si
1657 1183 1764 1222 nihil

259 1250 312 1287 14
326 1252 431 1289 vires
460 1252 656 1299 iuvarent,
700 1257 821 1300 ratus,
868 1252 1096 1302 Scipionem
1126 1253 1301 1301 legatum
1331 1252 1510 1290 hastatos
1540 1253 1678 1303 primae
1708 1252 1763 1290 le-

329 1320 459 1368 gionis
490 1321 724 1358 subtrahere
756 1335 804 1358 ex
834 1321 916 1358 acie
948 1325 987 1358 et
1005 1321 1054 1358 ad
1071 1325 1224 1358 montes
1241 1321 1454 1370 proximos,
1486 1335 1604 1371 quam
1630 1323 1764 1371 posset

327 1389 606 1436 occultissime,
638 1389 933 1427 circumducere
963 1389 1092 1435 iubet3
1125 1389 1216 1425 inde
1247 1390 1441 1427 adscensu
1471 1389 1610 1427 abdito
1633 1402 1763 1426 acon-

330 1459 466 1504 spectu
497 1457 649 1505 erigere
680 1458 721 1494 in
759 1461 912 1496 montes
954 1471 1111 1506 agmen,
1159 1471 1376 1507 aversoque
1420 1457 1526 1496 hosti
1563 1457 1612 1495 ab
1649 1460 1762 1506 tergo

263 1524 312 1560 15
330 1529 494 1573 repente
525 1539 564 1562 se
596 1525 816 1563 ostendere.
871 1526 1050 1576 Equites,
1083 1525 1251 1562 ducibus
1281 1525 1468 1572 tribunis,
1498 1525 1607 1563 haud
1637 1526 1762 1563 multo

327 1591 416 1640 plus
447 1592 628 1630 hostibus
659 1607 778 1642 quam
809 1594 901 1640 suis,
932 1608 980 1631 ex
1009 1594 1226 1643 improviso
1250 1597 1340 1631 ante
1356 1594 1472 1643 signa
1496 1593 1634 1641 evecti,
1662 1605 1762 1644 prae-

263 1660 311 1696 16
330 1659 503 1697 buerunt
531 1661 736 1698 tumultus.
797 1661 1004 1699 Adversus
1045 1662 1233 1698 incitatas
1262 1665 1412 1699 turmas
1450 1661 1563 1699 stetit
1601 1661 1763 1699 immota

328 1724 568 1764 Samnitium
615 1729 729 1775 acies,
774 1743 846 1766 nec
890 1732 1004 1779 parte
1044 1729 1127 1766 ulla
1157 1728 1254 1778 pelli
1286 1733 1355 1766 aut
1385 1729 1590 1780 perrumpi
1618 1729 1762 1780 potuit,

328 1797 368 1831 et
418 1800 630 1845 postquam
684 1797 845 1834 irritum
897 1797 1100 1847 inceptum
1147 1800 1251 1843 erat,
1303 1796 1454 1846 recepti
1504 1800 1595 1847 post
1647 1796 1763 1847 signa

262 1864 311 1899 17
328 1863 470 1912 proelio
502 1868 765 1902 excesserunt.
826 1864 964 1902 Crevit
994 1878 1042 1901 ex
1072 1878 1117 1902 eo
1148 1865 1322 1902 hostium
1355 1865 1519 1913 animus,
1549 1879 1620 1903 nec
1646 1865 1761 1903 susti-

326 1944 420 1968 nere
449 1932 557 1969 frons
587 1933 716 1982 prima
746 1936 828 1970 tam
844 1933 1007 1982 longum
1025 1936 1221 1970 certamen
1237 1933 1600 1984 increscentemque
1615 1933 1762 1972 fiducia

327 2000 389 2036 sui
419 2000 498 2037 vim
529 2001 735 2050 potuisset,
766 2001 807 2038 ni
839 2001 1012 2039 secunda
1043 2001 1146 2039 acies
1176 2001 1287 2039 iussu
1319 2002 1492 2039 consulis
1523 2002 1565 2039 in
1589 2002 1762 2052 primum

264 2066 313 2102 18
330 2068 590 2106 successisset.
663 2069 730 2106 Ibi
774 2069 940 2119 integrae
970 2070 1074 2108 vires
1119 2069 1265 2107 sistunt
1308 2070 1558 2108 invehentem
1602 2084 1642 2108 se
1682 2070 1762 2108 iam

329 2133 563 2182 Samnitem3
596 2140 635 2173 et
664 2140 843 2188 tempore
873 2139 959 2188 ipso
990 2138 1077 2175 visa
1100 2152 1147 2175 ex
1172 2138 1373 2175 montibus
1397 2138 1510 2187 signa
1534 2138 1762 2188 clamorque

328 2203 507 2241 sublatus
538 2217 617 2241 non
647 2220 740 2244 vero
771 2209 928 2244 tantum
967 2210 1073 2243 metu
1112 2209 1288 2243 terruere
1320 2205 1562 2244 Samnitium
1598 2205 1761 2244 animos.

262 2271 312 2307 19
329 2270 431 2308 Nam
478 2274 515 2308 et
546 2271 696 2309 Fabius
727 2273 900 2311 Decium
939 2274 1131 2322 collegam
1162 2275 1483 2324 appropinquare
1515 2274 1760 2321 exclamavit,

330 2341 369 2374 et
397 2352 469 2388 pro
509 2352 548 2376 se
586 2340 754 2390 quisque
800 2342 923 2387 miles,
971 2341 1107 2379 adesse
1152 2342 1321 2380 alterum
1367 2342 1578 2389 consulem,
1623 2342 1760 2380 adesse

260 2407 314 2443 ΞΟ
330 2406 519 2455 legiones,
549 2407 696 2455 gaudio
728 2409 878 2447 alacres
909 2410 1101 2456 fremunt3
1133 2423 1322 2460 errorque
1351 2410 1464 2448 utilis
1479 2410 1670 2448 Romanis
1692 2410 1759 2447 ob-

332 2473 436 2511 latus
466 2474 571 2522 fugae
601 2475 906 2527 formidinisque
938 2477 1137 2516 Samnites
1168 2478 1359 2527 implevit,
1389 2479 1558 2516 maxime
1586 2478 1761 2526 territos,

337 2641 364 2682 ¹)
391 2640 625 2678 Exciderunt
661 2642 846 2685 quaedam,
886 2644 1003 2678 velut:
1042 2645 1240 2688 quando,
1273 2655 1327 2677 ne
1365 2655 1415 2678 ea
1452 2655 1633 2688 quoque
1658 2647 1756 2678 ten·

389 2690 487 2720 tata
509 2687 572 2720 vis
606 2698 765 2731 parum
800 2689 1082 2732 proficeret,
1120 2689 1275 2723 timeri
1308 2691 1513 2733 poterat,
1549 2689 1757 2724 consilio.
