1821 2928
564 208 653 233 Liber
673 208 739 233 vn.
777 209 824 237 (A.
845 208 895 233 ch.
916 210 1072 237 357—355.)
1415 197 1467 234 (55

91 325 274 370 hostium,
306 337 427 374 quum
458 324 499 361 in
532 324 637 374 ipsos
662 327 834 360 armatos
865 337 904 361 se
938 323 1178 369 intulissent,
1208 327 1435 361 averterunt
1468 327 1526 361 to-

90 397 171 431 tam
188 393 324 439 aciem,
355 392 573 442 castrisque
596 393 718 430 etiam
743 406 786 429 eo
813 392 877 429 die
902 392 1033 441 potiti,
1065 392 1200 441 praeda
1224 393 1377 441 ingenti
1399 397 1526 442 parta,

89 462 259 499 victores
276 465 537 508 reverterunt,
568 461 812 498 militaribus
832 461 928 499 iocis
945 474 1065 510 quum
1085 464 1321 510 apparatum
1340 461 1525 508 hostium,

89 533 173 567 tum
215 543 328 567 suum
369 530 620 579 increpantes
660 543 858 580 pavorem.
948 529 1184 566 concitatur
1225 529 1370 567 deinde
1411 529 1566 568 omness

92 613 232 637 nomen
263 599 488 645 Etruscum,
528 602 566 635 et
597 598 957 648 Tarquiniensibus
990 598 1240 647 Faliscisque
1273 598 1443 635 ducibus
1475 599 1525 636 ad

92 666 252 706 Salinas
297 668 546 717 perveniunt.
634 666 843 704 Adversus
889 681 977 704 eum
1022 670 1214 703 terrorem
1265 667 1439 704 dictator
1485 667 1526 704 C.

89 736 269 774 Marcius
299 736 463 773 Rutilus
495 736 648 785 primus
681 735 729 772 de
761 735 875 785 plebe
916 735 1046 772 dictus
1077 735 1313 784 magistrum
1346 736 1525 785 equitum

92 806 186 843 item
218 806 266 843 de
297 805 412 855 plebe
431 803 471 841 C.
489 804 697 841 Plautium
729 803 844 840 dixit.
889 803 939 840 Id
970 817 1064 840 vero
1095 804 1280 853 patribus
1315 804 1523 851 indignum
1545 803 1567 839 7

90 873 232 921 videri,
278 874 400 910 etiam
432 872 673 910 dictaturam
715 872 790 909 iam
840 872 879 908 in
918 872 1144 922 promiscuo
1192 886 1292 919 esse3
1339 873 1527 922 omnique

91 956 164 992 ope
198 941 477 992 impediebant,
507 941 671 991 nequid
696 941 884 978 dictatori
909 941 958 978 ad
992 941 1033 977 id
1065 941 1214 978 bellum
1248 941 1527 979 decerneretur

90 1015 359 1061 parareturve.
419 1010 478 1047 Eo
509 1010 732 1059 promptius
765 1014 905 1046 cuncta
944 1008 1096 1048 ferente
1128 1010 1324 1047 dictatore
1355 1010 1528 1060 populus

92 1080 218 1117 iussit.
278 1079 491 1116 Profectus
522 1078 571 1115 ab
602 1079 701 1115 urbe
732 1081 901 1127 utraque
934 1082 1046 1127 parte
1078 1078 1247 1125 Tiberis,
1277 1079 1431 1116 ratibus
1463 1092 1525 1115 ex·
1544 1078 1568 1114 8

91 1148 229 1194 ercitu,
275 1160 511 1197 quocunque
557 1147 662 1184 fama
707 1147 881 1184 hostium
929 1147 1113 1193 ducebat,
1157 1148 1338 1194 traiecto,
1383 1147 1528 1185 multos

88 1216 347 1266 populatores
379 1229 566 1263 agrorum
589 1228 711 1263 vagos
742 1216 925 1265 palantes
957 1216 1173 1265 oppressit;
1205 1219 1334 1253 castra
1367 1229 1525 1265 quoque
1546 1215 1568 1251 9

92 1285 330 1334 necopinato
362 1297 570 1333 aggressus
612 1284 728 1333 cepit,
768 1288 806 1320 et
837 1288 924 1321 octo
966 1285 1143 1321 millibus
1184 1285 1356 1321 hostium
1390 1285 1547 1339 captis:

64 1359 67 1361 ’
91 1354 234 1391 ceteris
265 1357 332 1390 aut
351 1354 461 1390 caesis
492 1357 561 1390 aut
591 1366 638 1389 ex
668 1366 764 1397 agro
782 1352 964 1390 Romano
989 1353 1149 1402 fugatis,
1181 1354 1264 1390 sine
1287 1342 1548 1390 auctoritate⁷³

92 1426 249 1472 patrum
280 1422 419 1470 populi
451 1421 559 1458 iussu
589 1421 867 1470 triumphavit.
1546 1410 1549 1419 τ

207 1490 311 1538 Quia
349 1503 420 1527 uec
464 1503 534 1539 per
565 1489 800 1527 dictatorem
848 1489 1046 1539 plebeium
1093 1504 1165 1527 nec
1209 1504 1280 1540 per
1325 1491 1526 1528 consulem
1550 1489 1598 1525 10

94 1559 256 1596 comitia
297 1558 521 1595 consularia
562 1557 702 1595 haberi
744 1558 942 1605 volebant,
984 1562 1023 1595 et
1063 1558 1164 1595 alter
1205 1559 1342 1596 consul
1375 1559 1528 1597 Fabius

92 1627 198 1664 bello
229 1627 488 1673 retinebatur,
517 1640 580 1663 res
611 1626 661 1663 ad
693 1627 962 1675 interregnum
994 1626 1126 1664 rediit.
1171 1627 1400 1677 Interreges
1417 1628 1526 1665 dein·
1549 1627 1594 1664 ll

94 1709 184 1745 ceps
217 1696 263 1742 Q.
296 1693 490 1732 Servilius
508 1694 655 1741 Ahala,
685 1695 740 1732 M.
772 1695 935 1741 Fabius,
968 1697 1038 1732 Cn.
1068 1695 1258 1743 Manlius,
1291 1696 1332 1734 C.
1365 1697 1529 1741 Fabius,

94 1763 135 1801 C.
167 1763 384 1813 SulpiciuS,
416 1763 461 1800 L.
493 1763 694 1803 AEmilius.
726 1764 772 1811 Q.
801 1762 1005 1811 Servilius,
1036 1764 1091 1801 M.
1116 1765 1269 1802 Fabius
1294 1765 1527 1802 Ambustus.

92 1833 141 1870 In
173 1832 344 1870 secundo
387 1832 615 1880 interregno
647 1836 734 1869 orta
765 1832 966 1870 contentio
1005 1837 1074 1879 est,
1115 1833 1221 1882 quod
1254 1833 1332 1870 duo
1363 1833 1527 1882 patricii
1549 1834 1596 1879 12

93 1901 273 1939 consules
305 1900 560 1947 creabantur,
594 1900 1011 1950 intercedentibusque
1042 1901 1220 1938 tribunis
1252 1901 1425 1938 interrex
1453 1902 1527 1939 Fa-

93 1969 184 2006 bius
215 1969 360 2015 aiebat,
392 1969 434 2005 in
465 1969 675 2006 duodecim
706 1968 856 2006 tabulis
887 1969 1014 2017 legem
1046 1983 1139 2015 esse,
1176 1973 1231 2015 ut,
1263 1969 1529 2020 quodcunque

92 2042 336 2088 postremum
367 2037 539 2088 populus
571 2037 758 2083 iussisset,
800 2037 842 2074 id
885 2038 944 2075 ius
976 2041 1184 2087 ratumque
1217 2043 1336 2085 esset;
1378 2039 1527 2077 iussum

93 2106 233 2157 populi
266 2110 305 2143 et
346 2106 534 2155 suffragia
574 2120 666 2143 esse.
728 2107 860 2153 Quum
903 2106 1186 2144 intercedendo
1227 2107 1382 2145 tribuni
1423 2108 1525 2145 nihil
1551 2109 1597 2145 13

93 2175 218 2221 aliud,
263 2188 381 2225 quam
421 2178 466 2211 ut
507 2174 712 2211 differrent
753 2175 923 2220 comitia,
968 2175 1198 2222 valuissent,
1245 2176 1322 2213 duo
1363 2177 1526 2226 patricii

95 2244 276 2281 consules
301 2243 425 2281 creati
457 2248 558 2289 sunt,
591 2244 632 2280 (¹.
650 2242 854 2292 Sulpicius
870 2243 1033 2281 Peticus
1063 2245 1238 2291 tertium,
1268 2245 1323 2282 M.
1341 2245 1530 2282 Valerius
1550 2232 1660 2292 2¹21?
1676 2234 1734 2292 gg]

95 2311 319 2358 Publicola,
351 2311 566 2361 eodemque
598 2311 662 2348 die
694 2312 972 2359 magistratum
1004 2313 1191 2351 inierunt.

209 2381 613 2429 Quadringentesimo
632 2394 747 2425 anno,
778 2394 896 2429 quam
927 2381 1021 2418 urbs
1038 2381 1220 2419 Romana
1237 2381 1400 2419 condita
1431 2383 1527 2424 erat,
1602 2378 1657 2424 18

96 2449 237 2498 quinto
266 2449 480 2495 tricesimo,
511 2462 629 2498 quam
660 2463 682 2485 a
701 2447 830 2485 Gallis
860 2455 1106 2499 recuperata,
1136 2451 1270 2488 ablato
1303 2454 1390 2499 post
1407 2450 1529 2486 unde-

97 2517 241 2554 cimum
283 2531 428 2555 annum
461 2532 482 2555 a
514 2517 629 2567 plebe
668 2517 886 2557 consulatu,
928 2519 1092 2568 patricii
1123 2519 1304 2556 consules
1335 2519 1451 2555 ambo
1484 2532 1530 2555 ex

98 2583 326 2634 interregno
358 2586 635 2635 magistratum
669 2585 805 2632 iniere,
844 2587 885 2623 (Ὺ.
918 2586 1122 2637 Sulpicius
1155 2587 1317 2625 Peticus
1355 2587 1530 2626 tertium.

97 2650 151 2688 M.
192 2652 383 2691 Valerius
422 2654 647 2691 Publicola.
718 2654 931 2704 Empulum
972 2670 1017 2694 eo
1058 2670 1161 2693 anno
1201 2669 1249 2693 ex
1291 2655 1569 2692 Tiburtibus?

165 2731 267 2756 Livius
288 2740 325 2757 ex
345 2740 402 2757 rec.
422 2733 574 2764 Madvigii.
604 2733 643 2757 11.
1257 2732 1278 2763 5
