1821 2928
490 156 496 166 ¹
547 151 663 187 Liber
687 151 734 187 V.
784 153 844 197 (A.
870 151 936 187 Ch.
961 153 1055 202 391.)
1437 158 1517 196 291

72 279 170 328 lent,
200 294 406 319 numerum
438 281 642 319 hominum
675 281 865 328 excirent,
895 293 945 318 ne
977 293 1054 330 qua
1085 293 1183 330 gens
1200 294 1336 318 arcere
1354 282 1518 320 adveni-

74 356 185 392 entes
225 357 370 404 posset.
431 353 533 391 Tum
565 352 766 402 Segoveso
804 353 980 390 sortibus
1020 352 1105 390 dati
1136 352 1331 401 Hercynii
1372 354 1520 402 saltus3

73 425 286 464 Belloveso
317 425 424 463 baud
455 425 577 476 paulo
609 425 801 463 laetiorem
828 425 869 462 in
886 424 1047 462 Italiam
1074 425 1180 462 viam
1199 425 1240 462 di
1257 425 1418 463 dabant.
1464 426 1519 474 Is,
1539 424 1561 461 5

74 498 183 548 quod
215 512 234 535 e
267 512 335 536 sex
365 497 525 549 populis
557 496 803 544 abundabat,
842 497 1060 546 Bituriges,
1102 497 1320 543 Arvernos,
1353 497 1522 546 AEduos,

73 570 310 618 Ambarros,
349 570 558 617 Carnutes,
598 569 795 607 Aulercos
827 569 985 607 excivit.
1047 569 1259 607 Profectus
1290 570 1520 618 ingentibus

72 641 256 693 peditum
288 643 548 693 equitumque
580 642 707 692 copiis
740 641 781 678 in
814 640 1062 679 Tricastinos
1092 642 1212 679 venit.
1266 641 1394 692 Alpes
1425 642 1519 680 inde
1538 643 1560 680 6

73 714 270 765 oppositae
316 718 447 761 erant;
495 728 594 765 quas
639 713 986 764 inexsuperabiles
1032 713 1139 751 visas
1187 713 1295 751 haud
1337 714 1520 764 equidem

73 786 210 833 miror,
257 786 464 824 nulladum
510 786 590 833 via,
636 787 744 836 quod
791 786 952 836 quidem
995 786 1204 824 continens
1236 787 1427 823 memoria
1457 786 1522 834 sit,

73 859 155 897 nisi
189 859 236 897 de
267 858 444 897 Hercule
483 858 630 896 fabulis
672 859 833 896 credere
873 858 994 905 libet,
1024 861 1241 908 superatas.
1301 858 1367 896 Ibi
1399 872 1519 908 quum
1539 860 1561 895 7

73 931 186 969 velut
209 934 355 981 saeptos
379 931 573 968 montium
592 931 762 969 altitudo
779 934 935 969 teneret
951 929 1102 978 Gallos,
1125 931 1522 981 circumspectarent-

73 1017 164 1054 que,
196 1017 367 1054 quanam
399 1017 471 1054 per
504 1003 640 1041 iuncta
671 1003 768 1041 caelo
800 1003 896 1053 iuga
928 1003 969 1040 in
1001 1003 1123 1041 alium
1157 1003 1293 1042 orbem
1323 1007 1523 1041 terrarum

73 1076 306 1123 transirent,
351 1076 495 1126 religio
535 1076 657 1114 etiam
694 1076 840 1123 tenuit,
886 1075 992 1126 quod
1036 1076 1201 1113 allatum
1234 1079 1303 1122 est,
1348 1075 1523 1113 advenas

75 1151 299 1198 quaerentes
338 1161 478 1198 agrum
518 1149 568 1186 ab
607 1146 769 1197 Salyum
802 1152 921 1198 gente
953 1149 1191 1198 oppugnari.
1252 1147 1564 1186 Massiliensesss

74 1223 191 1257 erant
222 1220 264 1266 ii,
302 1220 473 1258 navibus
512 1234 534 1257 a
564 1220 738 1259 Phocaea
768 1219 968 1271 profecti!
1011 1220 1061 1258 Id
1098 1219 1209 1259 Galli
1241 1221 1411 1259 fortunae
1443 1233 1523 1258 suae

74 1305 190 1330 omen
221 1292 312 1339 rati,
344 1293 547 1339 adiuvere,
585 1296 642 1340 ut,
673 1307 790 1343 quem
821 1294 996 1343 primum
1028 1294 1068 1330 in
1100 1296 1248 1331 terram
1281 1293 1429 1342 egressi
1461 1306 1524 1330 oc-

73 1368 319 1415 cupaverant
363 1365 505 1411 locum,
559 1365 810 1415 patientibus
858 1364 1004 1414 Salyis‚
1060 1365 1362 1403 communirent.
1437 1364 1525 1415 Ipsi

73 1449 147 1486 per
177 1435 375 1474 Taurinos
407 1438 532 1474 saltus
564 1438 796 1487 vallemque
831 1437 973 1475 Duriae
1005 1438 1136 1487 Alpes
1166 1436 1524 1484 transcenderunt;

72 1508 254 1559 fusisque
285 1509 369 1547 acie
385 1508 527 1547 Tuscis
558 1509 663 1547 haud
694 1509 837 1559 procul
854 1509 994 1547 Ticino
1011 1510 1185 1557 flumine,
1216 1522 1349 1560 quum,
1381 1509 1423 1546 in
1441 1522 1518 1559 quo
1539 1510 1561 1546 9

75 1581 349 1627 consederant,
375 1595 516 1631 agrum
533 1581 765 1619 Insubrium
785 1582 984 1632 appellari
1002 1582 1221 1629 audissent,
1247 1581 1523 1631 cognominem

73 1652 325 1699 Insubribus,
357 1667 460 1703 pago
479 1653 714 1701 AEduorum,
747 1654 806 1692 ibi
832 1667 946 1691 omen
973 1657 1184 1704 sequentes
1211 1654 1291 1692 loci
1310 1653 1524 1692 condidere

73 1726 235 1772 urbem;
266 1725 557 1763 Mediolanium
589 1726 857 1777 appellarunt.
902 1726 999 1764 Alia
1030 1726 1201 1764 subinde
1233 1740 1372 1765 manus
1396 1725 1520 1764 Ceno·
1598 1722 1652 1769 35

77 1811 286 1836 manorum
303 1797 485 1835 Etitovio
517 1798 616 1836 duce
648 1799 820 1848 vestigia
850 1799 1027 1849 priorum
1060 1802 1208 1846 secuta,
1240 1799 1375 1836 eodem
1407 1799 1525 1846 saltu,

76 1870 235 1908 favente
251 1869 478 1917 Belloveso,
509 1884 630 1921 quum
662 1871 977 1909 transcendisset
993 1871 1135 1921 Alpes,
1165 1871 1237 1909 ubi
1262 1885 1366 1909 nunc
1382 1871 1525 1909 Brixia

77 1956 125 1981 ac
158 1941 319 1980 Verona
348 1942 468 1980 urbes
508 1946 613 1989 sunt,
654 1943 763 1980 locos
794 1946 969 1982 tenuere.
1029 1943 1154 1981 Libui
1187 1943 1403 1981 considunt
1432 1943 1564 1994 post2

78 2014 151 2051 hos
183 2013 447 2064 Salluviique,
478 2018 642 2065 propter
673 2016 880 2065 antiquam
912 2019 1071 2065 gentem
1096 2015 1238 2054 Laevos
1262 2015 1436 2065 Ligures
1466 2015 1526 2053 in-

80 2086 258 2124 colentes
290 2086 398 2123 circa
414 2085 602 2124 Ticinum
629 2101 794 2125 amnem.
839 2088 1011 2126 Poenino
1029 2087 1174 2125 deinde
1191 2087 1284 2126 Boii
1299 2088 1525 2137 Lingones-

79 2172 157 2209 que
188 2158 443 2208 transgressi,
481 2172 604 2209 quum
644 2160 724 2197 iam
756 2161 861 2197 inter
891 2159 1048 2197 Padum
1081 2164 1201 2210 atque
1232 2159 1361 2210 Alpes
1392 2160 1526 2198 omnia

44 2221 48 2224 ”
78 2234 325 2277 tenerentur,
349 2231 462 2268 Pado
488 2231 644 2269 ratibus
669 2232 840 2270 traiecto
858 2246 937 2271 non
955 2232 1148 2270 Etruscos
1166 2231 1296 2279 modo,
1319 2232 1389 2270 sed
1406 2232 1525 2270 etiam

81 2302 259 2341 Umbros
292 2316 388 2352 agro
420 2303 593 2353 pellunt3
626 2303 733 2341 intra
764 2304 1051 2355 Appenninum
1083 2308 1217 2343 tamen
1241 2318 1325 2342 sese
1349 2308 1524 2342 tenuere.

80 2374 185 2413 Tum
231 2374 420 2421 Senones,
465 2375 730 2413 recentissimi
776 2375 1032 2424 advenarum,
1078 2378 1128 2415 ab
1167 2376 1318 2415 Utente
1363 2375 1568 2414 flumine3

81 2460 210 2498 usque
250 2448 300 2486 ad
332 2447 461 2485 AEsim
502 2447 599 2485 fines
636 2448 824 2487 habuere.
885 2449 1003 2487 Hanc
1044 2453 1201 2500 gentem
1233 2448 1414 2487 Clusium
1446 2448 1526 2486 Ro-

84 2533 267 2570 mamque
314 2520 408 2557 inde
453 2520 608 2557 venisse
654 2521 876 2571 comperio;
923 2521 963 2558 id
996 2535 1136 2572 parum
1168 2524 1318 2559 certum
1351 2523 1422 2568 est,
1466 2533 1527 2558 so-

83 2591 216 2630 lamne
244 2605 292 2629 an
319 2591 370 2629 ab
396 2591 580 2629 omnibus
599 2591 894 2642 Cisalpinorum
914 2591 1122 2631 Gallorum
1150 2593 1310 2644 populis
1335 2592 1526 2629 adiutam.

201 2662 357 2702 Clusini
388 2677 491 2702 novo
523 2664 630 2702 bello
663 2665 859 2713 exterriti,
899 2679 1021 2716 quum
1053 2664 1362 2711 multitudinem,
1402 2664 1568 2713 quum4

85 2735 235 2773 formas
280 2735 483 2774 hominum
531 2736 758 2775 invisitatas
802 2741 1011 2775 cernerent
1062 2740 1101 2774 et
1146 2749 1270 2786 genus
1316 2749 1531 2783 armorum,

1253 2805 1319 2839 19*
