1821 2928
621 183 711 209 Liber
730 184 781 209 vr.
819 183 866 212 (Α.
887 184 938 209 eh.
958 185 1029 213 377.)
1443 176 1496 214 35

111 299 280 336 Matutae
309 297 523 347 templum;
570 298 663 335 inde
705 311 771 335 eos
812 311 883 335 nec
914 311 985 336 sua
1024 299 1172 348 religio
1212 313 1282 337 nec
1312 300 1598 338 verecundia5

112 367 230 405 deum
262 366 437 404 arcuisse
470 365 632 412 dicitur,
673 366 742 403 sed
773 379 850 403 vox
891 367 1092 404 horrenda
1134 368 1244 405 edita
1282 369 1434 418 templo
1466 382 1554 406 cum

110 434 301 473 tristibus
331 434 464 481 minis,
495 434 537 471 ni
570 429 764 472 nefandos
796 435 908 484 ignes
938 436 1077 484 procul
1096 435 1279 473 delubris
1303 436 1556 473 amovissent.

111 503 303 541 Incensos
345 516 390 540 ea
429 502 544 540 rabie
591 502 765 551 impetus
796 502 1013 540 Tusculum
1056 503 1155 540 tulit
1195 503 1246 541 ob
1288 504 1401 550 iram,
1447 504 1596 554 quod6

110 572 270 609 deserto
297 570 497 608 communi
523 570 696 607 concilio
714 569 953 607 Latinorum
986 584 1066 607 non
1099 571 1140 607 in
1171 572 1406 610 societatem
1437 572 1555 609 modo

109 639 348 685 Romanam,
386 639 455 676 sed
488 639 610 676 etiam
650 638 691 675 in
724 638 931 676 civitatem
963 652 1002 675 se
1035 638 1252 677 dedissent.
1312 639 1556 678 Patentibus
1576 640 1599 676 7

110 707 240 758 portis
273 720 394 757 quum
426 707 646 757 improviso
689 706 939 752 incidissent,
979 706 1110 755 primo
1154 707 1327 745 clamore
1359 708 1553 757 oppidum

109 779 256 826 praeter
287 789 418 813 arcem
449 779 609 825 capt-um
641 778 711 812 est.
771 774 821 811 In
860 788 991 811 arcem
1023 775 1219 824 oppidani
1250 776 1434 824 refugere
1467 789 1554 813 cum

111 843 353 893 coniugibus
384 857 428 881 ac
470 843 625 890 liberis,
665 842 907 892 nuntiosque
939 842 1120 890 Romam,
1161 843 1231 893 qui
1263 844 1475 881 certiorem
1506 843 1555 881 de

109 925 180 950 suo
214 925 307 950 casu
338 914 519 949 senatum
549 911 738 956 facerent,
768 910 922 948 misere.
975 910 1097 947 Haud
1130 911 1302 960 segnius,
1334 925 1452 961 quam
1475 911 1596 949 fide8

109 979 253 1030 populi
297 979 473 1017 Romani
520 979 687 1027 dignum
733 979 830 1025 fuit,
884 979 1082 1017 exercitus
1129 979 1348 1017 Tusculum
1395 980 1555 1021 ductus:

110 1047 157 1085 L.
174 1047 390 1096 Quinctius
421 1051 460 1084 et
477 1046 561 1085 Ser.
579 1046 786 1097 Sulpicius
816 1046 974 1084 tribuni
1006 1048 1183 1085 militum
1215 1047 1374 1085 duxere.
1436 1046 1553 1085 Clau·
1573 1048 1596 1084 9

110 1130 174 1153 sas
218 1119 355 1165 portas
396 1114 606 1165 [Tusculi],
650 1115 901 1165 Latinosque
948 1115 1068 1152 simul
1113 1115 1389 1152 obsidentium
1434 1119 1554 1165 atque

110 1184 363 1222 obsessorum
404 1183 537 1220 animo
579 1183 673 1220 hinc
716 1183 861 1220 moenia
893 1182 1060 1220 Tusculi
1100 1184 1205 1220 tueri
1238 1184 1389 1229 vident,
1435 1184 1552 1221 illinc

109 1265 241 1290 arcem
259 1265 503 1302 oppugnare,
519 1254 671 1288 terrere
687 1265 767 1289 una
784 1265 828 1289 ac
846 1265 1002 1300 pavere.
1048 1251 1262 1289 Adventus
1278 1251 1553 1289 Romanorum
1575 1252 1624 1289 lO

110 1323 336 1357 mutaverat
381 1319 592 1369 utriusque
637 1319 766 1369 partis
804 1319 974 1356 animos:
1020 1319 1269 1357 Tusculanos
1311 1333 1359 1356 ex
1399 1320 1555 1368 ingenti

107 1392 218 1425 metu
249 1388 291 1424 in
323 1401 515 1424 summam
539 1387 802 1433 alacritatem,
832 1387 1002 1425 Latinos
1034 1402 1080 1424 ex
1111 1401 1236 1438 prope
1267 1392 1376 1425 certa
1406 1388 1554 1426 fiducia

110 1470 202 1494 mox
233 1455 438 1506 capiendae
471 1456 586 1502 arcis,
619 1456 809 1505 quoniam
841 1456 991 1505 oppido
1023 1456 1262 1506 potirentur,
1293 1456 1336 1492 in
1367 1456 1554 1505 exiguam

110 1525 158 1562 de
190 1538 230 1562 se
263 1525 362 1574 ipsis
393 1537 501 1574 spem
531 1527 717 1561 verterat..
778 1523 957 1560 Tollitur
995 1538 1041 1561 ex
1079 1538 1169 1562 arce
1208 1524 1359 1561 clamor
1390 1523 1440 1561 ab
1473 1524 1551 1561 Tu·
1575 1524 1622 1561 11

110 1593 303 1638 sculanis3
321 1592 473 1642 excipit
490 1592 698 1642 aliquanto
716 1592 844 1629 maior
861 1592 911 1629 ab
930 1593 1108 1630 exercitu
1119 1593 1314 1630 Romano.
1349 1591 1554 1642 Utrinque

107 1664 302 1710 urgentur
333 1660 491 1706 Latini;
523 1674 595 1697 nec
626 1660 798 1710 impetus
823 1660 1144 1698 Tusculanorum
1177 1660 1476 1698 decurrentium
1507 1674 1554 1697 ex

109 1729 315 1779 superiore
354 1729 443 1766 loco
475 1729 674 1766 sustinent
703 1742 775 1766 nec
806 1729 1010 1767 Romanos
1041 1728 1256 1767 subeuntes
1294 1728 1442 1766 moenia
1472 1742 1553 1765 mo—

108 1797 332 1847 lientesque
379 1796 516 1834 obices
560 1800 768 1846 portarum
815 1810 950 1834 arcere
995 1802 1172 1847 possunt.
1263 1797 1393 1836 Scalis
1438 1799 1551 1848 prius
1573 1797 1621 1834 12

108 1852 255 1903 moenia
279 1868 407 1915 capta,
438 1864 534 1901 inde
558 1864 721 1903 effracta
745 1866 919 1903 claustra
942 1869 1168 1915 portarum;
1200 1870 1239 1903 et
1262 1880 1384 1916 quum
1407 1880 1552 1916 anceps

108 1933 236 1970 hostis
268 1936 305 1970 et
338 1946 360 1970 a
401 1933 532 1970 fronte
565 1937 603 1970 et
634 1946 657 1970 a
695 1936 810 1982 tergo
842 1939 1014 1982 urgeret,
1059 1948 1130 1971 nec
1172 1934 1223 1971 ad
1262 1947 1437 1984 pugnam
1469 1934 1553 1972 ulla

106 2001 170 2038 vis
202 2015 274 2039 nec
305 2001 358 2038 ad
388 2001 525 2049 fugam
567 2001 646 2038 loci
679 2001 894 2051 quicquam
935 2005 1168 2051 superesset,
1210 2002 1252 2040 in
1293 2003 1426 2040 medio
1460 2002 1552 2040 caesi

106 2068 158 2106 ad
189 2083 313 2106 unum
344 2083 490 2107 omnes.
551 2068 805 2119 Recuperato
837 2069 887 2106 ab
920 2069 1104 2107 hostibus
1135 2069 1322 2118 Tusculo,
1354 2071 1552 2109 exercitus

106 2136 278 2175 Romam
310 2140 367 2174 est
398 2138 600 2175 reductus.

222 2206 383 2253 Quanto
415 2207 544 2255 magis
574 2205 778 2256 prosperis
811 2218 855 2242 eo
881 2217 984 2243 anno
1017 2205 1138 2243 bellis
1169 2207 1393 2257 tranquilla
1419 2207 1552 2245 omnia
1628 2201 1687 2248 34

106 2273 206 2310 foris
237 2277 363 2320 erant,
403 2277 558 2312 tantum
601 2275 643 2311 in
673 2273 774 2311 urbe
804 2274 866 2310 vis
897 2276 1055 2323 patrum
1098 2274 1140 2311 in
1173 2274 1259 2312 dies
1300 2275 1552 2324 miseriaeque

106 2341 239 2390 plebis
281 2342 530 2389 crescebant,
571 2355 691 2392 quum
734 2355 779 2380 eo
821 2342 920 2391 ipso,
961 2342 1070 2391 quod
1109 2355 1268 2380 necesse
1309 2347 1396 2380 erat
1437 2342 1553 2388 solvi,

106 2408 278 2447 facultas
308 2410 492 2448 solvendi
526 2411 802 2460 impediretur.
853 2409 997 2460 Itaque
1028 2423 1149 2460 quum
1182 2411 1262 2448 iam
1295 2424 1341 2448 ex
1371 2423 1414 2447 re
1445 2410 1592 2447 nihil?

108 2474 196 2513 dari
211 2481 357 2526 posset,
381 2478 485 2516 fama
503 2482 542 2515 et
558 2491 737 2528 corpore,
761 2477 932 2515 iudicati
951 2481 1071 2527 atque
1088 2479 1255 2524 addicti,
1280 2477 1551 2516 creditoribus

108 2543 421 2593 satisfaciebant,
458 2560 655 2596 poenaque
695 2546 736 2583 in
767 2546 895 2583 vicem
934 2546 1029 2584 fidei
1061 2550 1243 2584 cesserat.
1304 2546 1421 2584 Adeo
1453 2558 1548 2595 ergo
1568 2547 1592 2583 3

109 2608 303 2650 obnoxios
327 2614 609 2652 summiserant
632 2614 786 2652 animos
811 2627 890 2651 non
923 2614 1050 2651 infimi
1082 2614 1222 2661 solum,
1254 2614 1323 2651 sed
1347 2613 1551 2664 principes

1322 2692 1364 2724 3*
