1821 2928
653 164 742 189 Liber
762 165 812 188 vl.
850 164 897 192 (A.
919 164 970 189 ci..
991 166 1061 191 ³35.)
1471 152 1521 190 15

141 281 286 319 civium
319 293 388 317 ora
420 279 475 315 M.
506 278 651 315 Manlii
684 291 823 327 opera3
869 279 999 316 omnia
1040 279 1266 329 parentium
1303 278 1496 316 beneficia
1528 278 1622 315 ab8

140 349 210 387 illo
243 362 283 386 se
315 348 482 393 habere;
525 347 587 383 illi
630 347 823 383 devovere
865 348 1044 397 corporis
1075 348 1246 396 vitaeque
1286 361 1331 384 ac
1373 346 1580 395 sanguinis

138 418 244 468 quod
276 417 465 466 supersit3
497 414 763 465 quodcunque
790 415 865 453 sibi
884 429 971 452 eum
994 416 1138 465 patria,
1170 416 1382 465 penatibus
1406 406 1580 464 publicis

136 500 181 523 ac
212 486 381 536 privatis
412 484 511 521 iuris
540 483 673 528 fuerit,
707 483 746 520 id
778 497 866 521 cum
890 497 968 521 uno
992 483 1151 520 homine
1174 496 1269 521 esse.
1313 483 1391 520 His
1413 483 1578 521 vocibus
1597 482 1620 518 9

137 554 326 591 instincta
367 553 503 603 plebes
545 565 667 600 quum
699 552 777 588 iam
810 552 926 589 unius
958 551 1130 589 hominis
1163 556 1276 597 esset,
1318 552 1459 589 addita
1499 552 1580 589 alia

136 621 406 659 commotioris
448 621 498 658 ad
539 620 671 657 omnia
711 619 912 657 turbanda
954 620 1113 657 consilii
1153 633 1226 657 res,
1307 621 1496 658 Fundum
1538 620 1578 657 in
1600 620 1650 657 10

136 689 311 735 Veienti,
338 692 458 738 caput
474 688 720 738 patrimonii,
747 688 917 725 subiecit
934 689 1119 738 praeconi,
1150 702 1223 734 ⁷,ne
1241 702 1359 738 quem
1374 692 1575 726 vestrnm“

136 758 280 807 inquit,
301 787 317 797 ..
326 757 518 804 Quirites,
536 757 661 794 donec
679 757 892 806 quicquam
910 757 950 794 in
967 771 1009 794 re
1027 771 1112 794 mea
1130 757 1340 806 supererit,
1358 757 1579 794 iudicatum

135 825 388 863 addictumve
421 825 513 862 duci
544 825 712 875 patiarfi
761 824 811 862 Id
835 839 928 863 vero
962 826 1017 862 ita
1041 826 1223 863 accendit
1247 826 1410 872 animos,
1440 829 1484 862 ut
1509 838 1580 874 per

136 908 250 932 omne
295 894 354 931 fas
395 907 439 930 ac
487 894 596 931 nefas
636 894 811 931 secuturi
851 894 1050 931 vindicem
1096 882 1296 932 libertatis
1335 878 1580 932 viderentur.

135 962 205 1000 Ad
221 963 296 1000 hoc
314 961 432 1009 domi,
465 962 734 1000 contionantis
758 962 799 998 in
815 961 987 1009 modum,
1019 977 1218 1000 sermones
1241 963 1352 1012 pleni
1369 963 1579 1000 criminum
1600 962 1646 998 ll

137 1031 177 1068 in
209 1035 361 1080 patres,
394 1031 497 1067 inter
522 1044 632 1080 quos,
665 1031 816 1081 [quum]
845 1031 988 1069 omisso
1013 1032 1255 1078 discrimine,
1285 1045 1379 1069 vera
1403 1045 1452 1068 an
1478 1045 1580 1068 vana

135 1100 294 1145 iaceret,
332 1099 541 1136 thesauros
574 1098 722 1136 Gallici
754 1099 842 1136 auri
874 1100 1067 1137 occultari
1100 1114 1121 1137 a
1153 1101 1335 1150 patribus
1366 1100 1471 1147 iecit,
1508 1114 1579 1137 nec

135 1168 214 1205 iam
245 1166 498 1217 possidendis
536 1167 711 1216 publicis
743 1168 850 1216 agris
883 1172 1089 1206 contentos
1122 1182 1216 1215 esse,
1261 1169 1339 1206 nisi
1370 1169 1580 1218 pecuniam

135 1249 293 1285 quoque
317 1235 521 1285 publicam
549 1240 748 1274 avertant:
781 1250 826 1273 ea
852 1250 914 1273 res
942 1237 974 1273 si
998 1237 1216 1286 palamfiat‚
1248 1237 1400 1275 exsolvi
1422 1237 1580 1286 plebem

135 1318 212 1341 aere
243 1304 374 1341 alieno
407 1317 532 1352 posse.
578 1304 677 1350 Quae
708 1305 777 1341 ubi
803 1305 958 1342 obiecta
989 1319 1079 1354 spes
1112 1310 1181 1352 est,
1214 1306 1415 1343 enimvero
1447 1304 1577 1353 indig-
1600 1305 1647 1340 12

135 1385 228 1409 num
259 1372 414 1409 facinus
444 1371 592 1418 videri,
631 1386 752 1420 quum
784 1374 1067 1410 conferendum
1098 1375 1149 1411 ad
1180 1373 1454 1411 redimendam
1485 1373 1579 1410 civi-

134 1444 257 1478 tatem
289 1438 459 1477 aGallis
490 1453 630 1477 aurum
662 1441 794 1479 fuerit.
825 1442 982 1479 tributo
1008 1443 1262 1480 collationem
1285 1442 1442 1488 factam,
1474 1441 1579 1478 idem

135 1521 275 1546 aurum
316 1521 361 1544 ex
406 1508 587 1545 hostibus
630 1513 788 1558 captum
835 1510 875 1546 in
921 1523 1139 1559 paucorum
1185 1510 1364 1560 praedam
1405 1510 1578 1547 cessisse.

134 1576 277 1626 Itaque
308 1576 626 1625 exsequebantur
658 1578 883 1626 quaerendo,
921 1579 992 1615 ubi
1022 1582 1145 1616 tantae
1176 1579 1236 1616 rei
1265 1579 1417 1615 furtum
1447 1578 1577 1616 occul·
1599 1579 1648 1615 13

133 1649 304 1690 taretur;
337 1644 622 1694 differenteque
655 1650 693 1683 et
722 1650 901 1696 tempore
933 1661 1002 1684 suo
1035 1660 1075 1684 se
1107 1647 1377 1684 indicaturum
1410 1646 1578 1692 dicent-el,

134 1713 275 1751 ceteris
314 1713 469 1750 omissis
510 1727 554 1751 eo
584 1727 707 1751 versae
749 1719 863 1752 erant
903 1715 1077 1753 omnium
1112 1728 1228 1761 curae,
1268 1715 1580 1765 apparebatque,

135 1795 206 1819 nec
237 1781 324 1818 veri
356 1782 497 1819 indicii
528 1782 700 1831 gratiam
740 1783 911 1820 mediam
952 1797 1023 1820 nec
1064 1784 1156 1820 falsi
1189 1783 1443 1821 offensionem
1484 1783 1579 1820 fore.

247 1850 312 1887 Ita
344 1851 546 1900 suspensis
576 1852 706 1889 rebus.
738 1851 911 1889 dictator
935 1852 1086 1889 accitus
1109 1852 1158 1889 ab
1176 1852 1353 1889 exercitu
1379 1852 1418 1888 in
1443 1852 1582 1888 urbem
1659 1848 1713 1893 15

134 1919 254 1956 venit.
314 1917 482 1956 Postero
525 1918 589 1955 die
636 1924 776 1956 senatu
823 1920 972 1966 habito,
1019 1934 1139 1970 quum
1185 1920 1282 1957 satis
1328 1920 1580 1969 periclitatus

133 1987 360 2024 voluntates
420 1986 624 2024 hominum
680 1987 884 2025 discedere
945 1993 1123 2025 senatum
1178 1989 1228 2025 ab
1283 2002 1324 2025 se
1378 1988 1582 2027 vetuisset,

135 2055 307 2105 stipatus
355 2068 399 2092 ea
444 2054 713 2101 multitudine,
759 2056 856 2092 sella
903 2056 943 2093 in
990 2057 1149 2094 comitio
1196 2057 1339 2106 posita,
1383 2057 1618 2094 viatorem?

135 2124 186 2161 ad
226 2123 281 2160 M.
312 2123 511 2160 Manlium
551 2123 678 2169 misit:
725 2124 794 2173 qui
837 2124 1047 2162 dictatoris
1088 2125 1198 2163 iussu
1237 2129 1412 2171 vocatus,
1459 2139 1577 2174 quum

135 2191 292 2240 signum
339 2191 419 2228 suis
467 2191 654 2236 dedisset,
700 2192 837 2229 adesse
880 2196 1089 2239 certamen,
1136 2194 1293 2242 agmine
1335 2194 1487 2242 ingenti
1529 2194 1576 2230 ad

135 2259 315 2297 tribunal
363 2260 480 2296 venit.
570 2260 677 2297 Hinc
724 2264 895 2305 senatus.
942 2261 1033 2298 hinc
1080 2261 1204 2311 plebs,
1250 2275 1362 2299 suum
1409 2263 1619 2311 quisque-‘23

137 2328 335 2365 intuentes
367 2328 518 2374 ducem,
558 2328 668 2365 velut
711 2328 751 2365 in
791 2329 875 2366 acie
917 2330 1189 2367 constiterant.
1250 2329 1352 2367 Tum
1393 2330 1620 2368 dictat01u⁴÷

136 2395 296 2433 silentio
328 2396 443 2442 facto,
478 2395 695 2437 „Utinam”
732 2396 863 2446 inquit
889 2397 1012 2443 „mihi
1036 2398 1297 2448 patribusque
1314 2399 1505 2437 Romanis
1524 2399 1577 2435 ita

138 2464 186 2501 (le
216 2465 358 2502 ceteri-s
395 2465 512 2502 rebus
545 2478 632 2501 cum
674 2465 789 2514 plebe
821 2466 1042 2512 conveniat,
1083 2467 1430 2515 quemadmodum.
1471 2467 1577 2516 quoi

138 2531 187 2569 ad
218 2535 258 2569 te
288 2533 431 2570 attinet
449 2546 614 2582 eamque
645 2545 738 2578 remy
769 2547 886 2583 quam
905 2534 953 2571 de
969 2537 1008 2571 te
1025 2548 1109 2571 sum
1128 2535 1380 2582 quaesiturus.
1412 2549 1579 2572 conven-

139 2601 271 2637 turum
311 2602 408 2638 satis
449 2601 616 2638 confido.
677 2599 796 2650 Spem
838 2602 983 2640 factam
1016 2616 1037 2639 a
1068 2606 1107 2639 te
1139 2603 1295 2639 civitati
1326 2603 1455 2648 video,
1500 2602 1577 2639 fi‹l‹-
1598 2603 1620 2637 ἦ
