1821 2928
156 1226 208 1271 14

350 160 399 196 14
804 168 893 193 Liber
911 168 962 192 VI.
999 168 1046 193 (Α.
1066 175 1094 192 u.
1115 175 1139 192 c..
1159 170 1229 193 ³⁶⁹.)

291 291 428 320 turmae
461 283 623 324 emissae,
665 283 759 319 dato
791 282 915 330 signo.
956 296 1004 319 119
1039 282 1077 318 111
1108 282 1356 331 singulorum
1388 283 1580 321 morando
1618 283 1724 321 caede

250 351 271 385 Γ)
291 352 461 400 spatium
493 351 542 387 ad
574 350 821 387 evadendum
853 350 1010 387 interim
1045 351 1295 388 multitudini
1323 352 1480 388 darent:
1513 351 1608 388 satis
1639 364 1723 388 esse

288 419 504 455 missilibus
535 432 579 455 ac
609 422 760 455 terrore
792 417 979 466 impediri
1012 431 1169 454 cursum
1200 418 1550 468 obequitandoque
1581 432 1720 467 agmen

286 487 425 532 teneri.
469 486 563 522 dum
608 485 765 534 assequi
806 485 926 534 pedes
967 488 1005 521 et
1047 485 1149 522 iusta
1191 486 1297 523 caede
1338 485 1531 523 conficere
1572 487 1722 524 hostem

248 554 269 587 ⁴3
289 557 430 603 posset.
475 554 597 602 Fugae
629 553 899 602 sequendique
930 566 1008 589 non
1040 564 1131 589 ante
1162 557 1316 591 noctem
1340 553 1431 590 finis
1461 554 1549 591 fuit.
1595 554 1723 604 Capta

291 636 448 671 quoque
491 635 535 658 ac
577 621 734 670 direpta
776 620 911 657 eodem
954 621 1018 657 die
1060 625 1188 658 castra
1220 621 1469 668 Volscorum,
1510 622 1724 671 praedaque

253 689 273 723 7
293 689 418 726 omnis
449 692 594 738 praeter
624 689 750 725 libera
783 702 950 737 corpora
982 688 1101 725 militi
1132 702 1316 727 concessa
1358 693 1426 726 est.
1485 690 1587 727 Pars
1618 704 1723 727 max-

292 759 369 794 ima
413 758 661 806 captivorum
704 770 750 793 ex
781 756 939 793 Latinis
972 760 1092 805 atque
1108 757 1297 794 Hernicis
1328 758 1416 803 fuit,
1447 771 1518 794 nec
1550 758 1723 795 omnium

290 827 337 863 (le
378 825 505 874 plebe.
550 829 595 861 ut
626 825 733 861 credi
775 828 905 873 posset
946 824 1125 862 mercede
1164 825 1368 870 militasse,
1413 825 1482 862 sed
1522 825 1724 874 principes

291 893 452 942 quidam
485 893 702 929 iuventutis
734 892 896 937 inventi,
939 892 1149 929 manifesta
1180 892 1289 939 fides,
1330 892 1491 942 publica
1522 906 1596 942 ope
1626 893 1723 931 Vol-

247 959 373 998 8scos
404 961 535 997 hostes
567 961 736 997 adiutos.
797 959 1080 997 Circeiensium
1122 973 1279 1009 quoque
1310 960 1473 1008 quidam
1505 960 1656 1008 cogniti
1686 967 1723 998 et

290 1028 421 1066 coloni
466 1041 488 1063 a
534 1027 722 1066 Velitris:
768 1028 1014 1077 Romamque
1061 1042 1193 1065 omnes
1239 1028 1349 1065 missi
1395 1029 1723 1077 percontantibus

287 1096 527 1145 primoribus
572 1104 731 1143 patrini
779 1095 932 1142 eadem,
978 1109 1064 1145 quae
1112 1096 1311 1142 dictatori,
1357 1096 1616 1133 defectionem
1663 1097 1722 1134 sui

290 1164 457 1213 quisque
489 1163 642 1212 populi.
673 1163 780 1199 haud
812 1164 999 1212 perplexe
1033 1164 1272 1201 indicavere.

401 1232 589 1268 Dictator
620 1231 832 1268 exercitum
877 1231 917 1267 in
958 1232 1114 1268 stativis
1154 1233 1326 1278 tenebat,
1369 1230 1528 1268 minime
1567 1231 1723 1277 dubius,

287 1300 438 1336 bellum
469 1313 557 1335 cum
598 1299 645 1335 iis
686 1299 845 1347 populis
886 1303 1018 1348 patres
1060 1300 1245 1345 iussurosy
1287 1313 1408 1348 quum
1448 1299 1574 1336 maior
1616 1299 1722 1336 domi

289 1372 423 1405 exorta
454 1367 576 1404 moles
609 1367 738 1415 coegit
769 1367 891 1403 acciri
907 1367 1075 1404 Romam
1100 1381 1199 1413 eum,
1231 1367 1423 1416 gliscente
1448 1366 1489 1403 111
1513 1366 1598 1404 dies
1620 1367 1722 1403 sedi-

243 1435 402 1481 Qtione,
445 1448 563 1484 quam
594 1435 713 1471 solito
753 1435 880 1483 magis
921 1435 1170 1472 metuendam
1211 1438 1350 1472 auctor
1389 1434 1572 1471 faciebat.
1631 1434 1721 1472 Non

286 1504 389 1540 enim
429 1503 508 1539 iam
539 1503 738 1539 orationes
769 1503 886 1539 modo
918 1503 972 1539 M.
1002 1503 1158 1549 Manlii,
1199 1503 1268 1540 sed
1300 1503 1405 1540 facta
1436 1502 1649 1552 popularia
1679 1502 1720 1539 in

286 1571 466 1620 speciem,
496 1571 744 1608 tumultuosa
776 1571 924 1616 eadem,
957 1585 1034 1619 qua
1064 1574 1194 1608 mente
1225 1571 1377 1616 fierent,
1408 1569 1581 1607 intuenti
1598 1574 1721 1607 erant.

247 1638 581 1675 3Centurionem.
621 1639 795 1675 nobilem
835 1639 1077 1675 militaribus
1118 1638 1245 1683 fact-is,
1286 1639 1506 1675 iudicatum
1543 1638 1720 1688 pecuniae

289 1719 408 1756 quum
440 1705 533 1742 duci
563 1706 740 1743 vidisset.
782 1707 911 1743 medio
943 1706 1027 1743 foro
1066 1719 1152 1742 cum
1185 1710 1342 1743 caterva
1379 1719 1449 1743 sua
1480 1705 1653 1742 accurrit
1683 1709 1722 1742 et

288 1787 447 1811 manum
464 1773 612 1810 iniecit.
643 1774 961 1822 vociferatusque
979 1773 1027 1810 (19
1044 1774 1231 1821 superbia
1248 1777 1405 1822 patrum
1421 1787 1466 1810 ac
1483 1773 1722 1810 crudelitate

288 1842 554 1878 feneratorum
587 1846 624 1877 et
656 1842 826 1878 miseriis
850 1841 992 1890 plebis,
1022 1841 1242 1877 virtutibus
1268 1841 1351 1878 eius
1368 1841 1445 1878 viri
1472 1841 1721 1890 fortunaque,

247 1909 272 1944 4
293 1909 419 1946 ..Tum
449 1922 542 1945 vero
575 1913 671 1957 ego*
708 1910 839 1958 inquit
873 1909 1163 1958 ..nequicquam
1200 1909 1273 1946 hac
1305 1909 1445 1946 dextra
1477 1908 1721 1958 Capitolium

289 1990 496 2025 arcemque
529 1977 778 2014 servaverim.
817 1978 850 2013 si
882 1977 1006 2013 civem
1038 1976 1425 2026 commilitonemque
1455 1990 1596 2023 meum,
1633 1979 1721 2014 tan-

288 2058 406 2093 quam
438 2042 568 2080 Gallis
600 2044 818 2081 victoribus
850 2048 1018 2093 captum,
1058 2044 1099 2081 in
1129 2044 1357 2081 servitutem
1390 2058 1434 2082 ac
1463 2044 1598 2081 vincla
1629 2043 1723 2081 duci

251 2111 482 2148 5videam.“
545 2112 646 2147 Inde
677 2127 758 2149 rem
791 2113 978 2151 creditori
1017 2112 1149 2161 palam
1187 2112 1337 2161 populo
1368 2112 1499 2159 solvit,
1538 2112 1721 2160 libraque

289 2183 327 2215 et
358 2192 434 2216 aere
465 2179 676 2215 liberatum
709 2181 866 2225 emittit,
898 2181 991 2217 deos
1015 2184 1134 2229 atque
1165 2180 1342 2216 homines
1373 2180 1647 2226 obtestantem,
1677 2184 1722 2217 ut

287 2247 341 2283 M.
372 2247 536 2293 Manlio,
578 2246 785 2283 liberatori
830 2261 911 2285 suo.
952 2248 1109 2297 parenti
1151 2248 1278 2296 plebis
1309 2248 1511 2295 Romanae,
1551 2248 1720 2296 gratiam

249 2315 474 2352 ssreferant.
534 2314 739 2363 Acceptus
770 2315 966 2364 extemplo
1000 2316 1038 2352 in
1070 2315 1355 2352 tumultuosam
1384 2317 1544 2353 turbam
1568 2319 1606 2352 et
1637 2315 1720 2364 ipse

288 2383 502 2419 tumultum
531 2383 711 2430 augebat.
743 2383 947 2419 cicatrices
973 2388 1155 2431 acceptas
1173 2383 1346 2428 Veienti,
1378 2382 1535 2420 Gallico
1552 2383 1720 2431 aliisque

253 2452 273 2485 7
292 2450 477 2499 deinceps
494 2450 612 2486 bellis
631 2453 849 2487 ostentans:
882 2464 921 2486 se
939 2451 1187 2489 militantem.
1218 2464 1258 2487 se
1274 2451 1547 2488 restituentem
1564 2463 1719 2487 eversos

290 2520 463 2566 penates.
504 2518 721 2566 multiplici
762 2518 839 2554 iam
879 2522 984 2555 sorte
1025 2519 1214 2561 exsoluta,
1259 2518 1527 2565 mergentibus
1568 2531 1720 2566 semper

290 2588 433 2621 sortem
478 2585 620 2630 usuris,
666 2586 851 2622 obrutum
890 2586 1024 2622 fenore
1071 2599 1171 2630 esse3
1215 2586 1352 2622 videre
1398 2585 1535 2630 lucem,
1580 2585 1720 2631 forum,
