1821 2928
569 211 658 238 Liber
676 212 746 238 vn.
783 211 832 241 (A.
853 212 904 238 ch.
924 212 994 242 343.)
1397 203 1452 241 83

68 331 265 379 poterant,
296 327 497 377 equitibus
528 327 714 366 immissis
744 327 909 365 turbare
938 328 1068 378 prima
1097 329 1211 377 signa
1241 329 1414 367 hostium
1445 343 1510 366 co-

70 400 199 435 natur.
259 396 368 443 Quos
400 396 468 433 ubi
499 397 763 446 nequicquam
800 398 1090 435 tumultuantes
1130 399 1170 435 in
1202 399 1331 448 spatio
1364 399 1551 448 exigu09

69 465 227 502 volvere
257 468 409 502 turmas
439 464 543 502 vidit
572 478 643 503 nec
674 479 789 515 posse
820 467 976 516 aperire
1006 467 1047 504 in
1078 467 1211 504 hostes
1227 468 1345 514 viam,
1376 481 1508 505 revec-

69 538 133 571 tus
178 533 229 571 ad
276 534 555 583 antesignanos
601 534 818 582 legionum,
864 549 986 584 quum
1031 535 1260 573 desiluisset
1304 549 1350 573 ex
1396 549 1509 585 equo,

73 602 315 649 „Nostrum“
350 603 481 652 inquit
515 603 719 653 „peditum
757 604 878 651 illud,
918 604 1085 651 milites,
1124 607 1183 641 est
1213 617 1322 653 opus.
1383 603 1506 653 Agite
1528 605 1582 642 10

71 670 176 717 dum,
206 674 252 708 ut
282 685 343 708 me
373 670 567 718 videritis,
600 685 835 722 quacunque
866 673 1064 711 incessero
1095 673 1136 710 in
1168 673 1291 710 aciem
1323 673 1509 719 hostium,

69 740 174 777 ferro
205 740 311 777 viam
342 740 562 787 facientem,
593 741 648 777 sic
680 754 752 790 pro
784 755 824 779 se
856 741 1023 791 quisque
1054 741 1193 779 obvios
1224 743 1406 787 sternite3
1437 741 1509 778 illa

70 808 211 856 omnia,
242 822 321 858 qua
350 823 454 846 nunc
486 812 626 846 erectae
657 811 807 848 micant
837 810 973 858 hastae,
1003 811 1204 860 patefacta
1235 814 1367 860 strage
1398 813 1510 847 vasta

69 878 274 915 cernetis.“
337 878 435 915 Haec
468 878 576 915 dicta
614 878 797 926 dederat,
835 893 957 928 quum
996 880 1149 929 equites
1187 879 1361 917 consulis
1398 879 1508 915 iussu
1530 879 1578 916 11

70 946 301 984 discurrunt
331 947 371 983 in
403 960 551 984 cornua
582 947 886 998 legionibusque
916 949 957 985 in
974 948 1146 985 mediam
1177 949 1301 986 aciem
1326 947 1511 997 aperiunt

67 1015 184 1052 viam.
244 1014 405 1052 Primus
444 1017 618 1054 omnium
657 1018 795 1054 consul
832 1017 990 1054 invadit
1026 1017 1180 1054 hostem
1218 1020 1275 1064 et,
1313 1030 1401 1054 cum
1433 1029 1511 1065 quo

68 1083 171 1121 forte
209 1085 379 1121 contulit
417 1085 604 1133 gradum,
645 1087 867 1123 obtruncat.
956 1086 1045 1123 Hoc
1089 1085 1315 1135 spectaculo
1352 1085 1508 1122 accensi
1530 1086 1579 1122 12

69 1152 209 1190 dextra
241 1153 419 1203 laevaque
450 1157 540 1191 ante
573 1167 612 1191 se
645 1156 813 1205 quisque
851 1154 1150 1192 memorandum
1188 1154 1376 1204 proelium
1415 1153 1509 1199 ciet3

69 1225 176 1259 stant
207 1222 342 1259 obnixi
381 1221 596 1270 Samnites,
636 1237 863 1274 quanquam
900 1223 1019 1273 plura
1056 1223 1258 1273 accipiunt
1296 1236 1414 1272 quam
1452 1221 1510 1258 in-

67 1290 203 1328 ferunt
217 1290 395 1329 vulnera.
440 1292 708 1341 Aliquamdiu
739 1293 817 1330 iam
849 1297 1071 1342 pugnatum
1103 1295 1205 1338 erat,
1237 1295 1351 1328 atrox
1383 1290 1509 1327 caedes
1530 1291 1583 1327 13

45 1360 173 1396 'circa
209 1359 321 1408 signa
361 1358 617 1407 Samnitium,
654 1362 752 1413 fuga
790 1362 838 1399 ab
876 1361 1085 1399 nulladum
1122 1363 1237 1411 parte
1268 1363 1372 1406 erat;
1412 1358 1511 1396 adeo

68 1432 195 1465 morte
226 1428 310 1465 sola
340 1429 446 1466 vinci
478 1429 777 1468 destinaverant
807 1431 959 1468 animis.
1019 1430 1163 1478 Itaque
1194 1427 1367 1466 Romani
1385 1440 1508 1477 quum
1530 1427 1583 1464 14

69 1499 108 1533 et
137 1497 260 1534 fluere
291 1497 369 1534 iam
400 1497 637 1535 lassitudine
668 1500 772 1537 vires
804 1500 999 1536 sentirent
1029 1502 1069 1536 et
1093 1498 1171 1536 diei
1202 1497 1310 1534 haud
1341 1495 1510 1533 multum

68 1578 284 1615 superesse,
316 1566 470 1603 accensi
502 1566 561 1603 ira
593 1568 793 1605 concitant
831 1582 870 1605 se
901 1569 942 1606 in
974 1568 1138 1605 hostem.
1205 1565 1307 1603 Tum
1338 1564 1509 1614 primum
1531 1564 1583 1601 15

68 1633 210 1670 referri
248 1634 388 1683 pedem
427 1639 547 1685 atque
585 1636 770 1674 inclinari
809 1650 891 1674 rem
928 1638 969 1674 in
1007 1637 1144 1685 fugam
1182 1633 1394 1684 apparuit;
1424 1635 1509 1669 tum

69 1702 170 1750 capi,
195 1702 321 1739 occidi
346 1700 514 1750 Samnis,
537 1718 609 1742 nec
641 1705 930 1754 superfuissent
961 1705 1088 1751 multi,
1118 1704 1161 1741 ni
1190 1716 1271 1741 nox
1300 1701 1509 1739 victoriam

69 1770 195 1819 magis
226 1784 344 1820 quam
375 1773 562 1822 proelium
581 1774 814 1812 diremisset.
875 1774 928 1812 Et
944 1773 1117 1811 Romani
1139 1773 1379 1817 fatebantur,
1409 1783 1508 1807 nun·
1531 1771 1582 1807 16

69 1852 186 1888 quam
223 1852 311 1876 cum
348 1842 612 1891 pertinaciore
649 1843 763 1881 hoste
794 1843 1041 1889 conflictum,
1073 1846 1111 1880 et
1141 1840 1358 1886 Samnites,
1389 1851 1511 1888 quum

69 1912 334 1957 quaereretur,
366 1923 548 1959 quaenam
578 1912 707 1961 prima
739 1926 858 1949 causa
886 1915 968 1948 tam
1002 1911 1220 1948 obstinatos
1252 1908 1440 1945 movisset
1469 1907 1510 1944 in

68 1976 215 2026 fugam,
247 1978 381 2016 oculos
412 1979 488 2017 sibi
518 1979 792 2017 Romanorum
824 1979 964 2017 ardere
994 1979 1100 2016 visos
1123 1979 1295 2023 aiebant,
1325 1989 1508 2014 vesanos·
1529 1975 1582 2014 17

70 2058 146 2094 que
175 2046 310 2084 vultus
342 2051 381 2084 et
414 2048 588 2086 furentia
620 2062 706 2094 ora3
744 2047 837 2085 inde
875 2049 965 2098 plus
1004 2061 1122 2097 quam
1161 2061 1208 2084 ex
1239 2046 1318 2083 alia
1353 2045 1438 2083 ulla
1467 2059 1510 2082 re

69 2115 234 2152 terroris
273 2120 414 2154 ortum.
483 2118 610 2165 Quem
647 2121 841 2154 terrorem
879 2130 958 2153 non
995 2128 1141 2166 pugnae
1187 2115 1315 2152 solum
1355 2117 1510 2159 eventu,

71 2183 139 2220 sed
169 2187 363 2222 nocturna
401 2186 647 2235 profectione
685 2186 853 2223 confessi
891 2188 994 2222 sunt.
1061 2183 1229 2222 Postero
1269 2183 1333 2221 die
1369 2182 1506 2220 vacuis
1527 2182 1579 2219 18

70 2251 243 2290 hostium
274 2255 413 2292 castris
444 2254 648 2292 Romanus
679 2255 843 2304 potitur,
874 2267 952 2303 quo
984 2267 1025 2291 se
1056 2253 1182 2290 omnis
1214 2251 1510 2301 Campanorum

70 2320 286 2359 multitudo
319 2323 616 2371 gratulabunda
649 2323 800 2361 effudit.

186 2389 371 2428 Ceterum
409 2392 483 2429 hoc
523 2391 713 2440 gaudium
758 2404 903 2440 magna
938 2404 1062 2442 prope
1109 2390 1221 2428 clade
1267 2390 1307 2426 in
1346 2386 1510 2425 Samnio
1587 2381 1646 2429 34

72 2456 262 2496 foedatum
301 2464 370 2497 est.
438 2460 539 2498 Nam
578 2462 627 2499 ab
666 2460 844 2498 Saticula
881 2460 1083 2510 profectus
1124 2458 1333 2497 Cornelius
1372 2456 1509 2493 consul

73 2528 288 2566 exercitum
319 2529 476 2567 incaute
507 2531 547 2567 in
578 2530 722 2567 saltum
760 2542 856 2566 cava
892 2529 994 2565 valle·
1025 2528 1206 2578 pervium
1238 2526 1420 2574 circaque
1452 2525 1509 2561 in-

73 2606 219 2633 sessum
249 2597 299 2634 ab
331 2597 444 2635 hoste
467 2599 625 2636 induxit
648 2613 720 2636 nec
745 2599 867 2647 prius,
898 2611 1015 2646 quam
1039 2596 1163 2646 recipi
1189 2599 1276 2632 tuto
1301 2595 1413 2641 signa
1429 2606 1506 2629 non
1526 2592 1551 2627 2

72 2666 273 2712 poterant,
311 2666 581 2704 imminentem
626 2667 748 2718 capiti
785 2667 935 2703 hostem
973 2665 1086 2702 vidit.
1160 2664 1270 2702 Dum
1301 2663 1342 2699 id
1388 2661 1551 2698 morae3

1232 2741 1279 2772 6*
