<?xml version="1.0" encoding="UTF-8"?>
<!DOCTYPE html PUBLIC "-//W3C//DTD XHTML 1.0 Transitional//EN"
    "http://www.w3.org/TR/xhtml1/DTD/xhtml1-transitional.dtd">
<html xmlns="http://www.w3.org/1999/xhtml" xml:lang="en" lang="en">
 <head>
  <title>
</title>
<meta http-equiv="Content-Type" content="text/html;charset=utf-8" />
  <meta name='ocr-system' content='tesseract 3.04.00' />
  <meta name='ocr-capabilities' content='ocr_page ocr_carea ocr_par ocr_line ocrx_word'/>
</head>
<body>
  <div class='ocr_page' id='page_1' title='image "./historiarumroman01livyuoft_0074.png"; bbox 0 0 1821 2928; ppageno 0'>
   <div class='ocr_carea' id='block_1_1' title="bbox 269 143 1065 186">
    <p class='ocr_par' dir='ltr' id='par_1_1' title="bbox 269 143 1065 186">
     <span class='ocr_line' id='line_1_1' title="bbox 269 143 1065 186; baseline 0.011 -15"><span class='ocrx_word' id='word_1_1' title='bbox 269 149 321 186; x_wconf 78' lang='lat'>48</span> <span class='ocrx_word' id='word_1_2' title='bbox 896 143 1012 179; x_wconf 85' lang='lat' dir='ltr'>Liber</span> <span class='ocrx_word' id='word_1_3' title='bbox 1036 144 1065 180; x_wconf 93' lang='lat' dir='ltr'>I.</span> 
     </span>
    </p>
   </div>
   <div class='ocr_carea' id='block_1_2' title="bbox 199 270 1697 2747">
    <p class='ocr_par' dir='ltr' id='par_1_2' title="bbox 228 270 1696 466">
     <span class='ocr_line' id='line_1_2' title="bbox 228 270 1693 322; baseline 0.001 -14"><span class='ocrx_word' id='word_1_4' title='bbox 228 272 252 308; x_wconf 78' lang='lat'><strong>2</strong></span> <span class='ocrx_word' id='word_1_5' title='bbox 272 272 326 310; x_wconf 83' lang='lat' dir='ltr'>ita</span> <span class='ocrx_word' id='word_1_6' title='bbox 357 272 572 322; x_wconf 83' lang='lat' dir='ltr'>parricidia</span> <span class='ocrx_word' id='word_1_7' title='bbox 603 274 749 308; x_wconf 82' lang='lat' dir='ltr'><strong>essent:</strong></span> <span class='ocrx_word' id='word_1_8' title='bbox 791 284 868 308; x_wconf 89' lang='lat' dir='ltr'>non</span> <span class='ocrx_word' id='word_1_9' title='bbox 902 271 979 308; x_wconf 85' lang='lat' dir='ltr'>sibi</span> <span class='ocrx_word' id='word_1_10' title='bbox 1011 270 1196 315; x_wconf 84' lang='lat' dir='ltr'>defuisse,</span> <span class='ocrx_word' id='word_1_11' title='bbox 1229 272 1294 308; x_wconf 90' lang='lat' dir='ltr'>cui</span> <span class='ocrx_word' id='word_1_12' title='bbox 1326 275 1449 321; x_wconf 85' lang='lat' dir='ltr'>nupt-a</span> <span class='ocrx_word' id='word_1_13' title='bbox 1482 272 1693 319; x_wconf 76' lang='lat' dir='ltr'>diceretur,</span> 
     </span>
     <span class='ocr_line' id='line_1_3' title="bbox 268 342 1695 392; baseline -0.001 -11"><span class='ocrx_word' id='word_1_14' title='bbox 268 358 352 383; x_wconf 88' lang='lat' dir='ltr'>nee.</span> <span class='ocrx_word' id='word_1_15' title='bbox 386 357 471 381; x_wconf 89' lang='lat' dir='ltr'>cum</span> <span class='ocrx_word' id='word_1_16' title='bbox 505 355 582 392; x_wconf 91' lang='lat' dir='ltr'>quo</span> <span class='ocrx_word' id='word_1_17' title='bbox 613 342 735 379; x_wconf 85' lang='lat' dir='ltr'>tacita</span> <span class='ocrx_word' id='word_1_18' title='bbox 766 343 951 388; x_wconf 86' lang='lat' dir='ltr'>serviret;</span> <span class='ocrx_word' id='word_1_19' title='bbox 991 342 1172 389; x_wconf 84' lang='lat' dir='ltr'>defuisse,</span> <span class='ocrx_word' id='word_1_20' title='bbox 1203 343 1271 392; x_wconf 92' lang='lat' dir='ltr'>qui</span> <span class='ocrx_word' id='word_1_21' title='bbox 1303 356 1343 380; x_wconf 89' lang='lat' dir='ltr'>se</span> <span class='ocrx_word' id='word_1_22' title='bbox 1374 356 1497 392; x_wconf 86' lang='lat' dir='ltr'>regno</span> <span class='ocrx_word' id='word_1_23' title='bbox 1530 342 1695 391; x_wconf 83' lang='lat' dir='ltr'>dignum</span> 
     </span>
     <span class='ocr_line' id='line_1_4' title="bbox 268 413 1696 466; baseline -0.001 -13"><span class='ocrx_word' id='word_1_24' title='bbox 268 419 438 466; x_wconf 84' lang='lat' dir='ltr'>putaret.</span> <span class='ocrx_word' id='word_1_25' title='bbox 473 415 543 464; x_wconf 91' lang='lat' dir='ltr'>qui</span> <span class='ocrx_word' id='word_1_26' title='bbox 575 414 830 460; x_wconf 80' lang='lat' dir='ltr'>meminisset,</span> <span class='ocrx_word' id='word_1_27' title='bbox 862 427 902 452; x_wconf 88' lang='lat' dir='ltr'>se</span> <span class='ocrx_word' id='word_1_28' title='bbox 934 427 1016 451; x_wconf 87' lang='lat' dir='ltr'>esse</span> <span class='ocrx_word' id='word_1_29' title='bbox 1048 413 1178 451; x_wconf 85' lang='lat' dir='ltr'>Prisci</span> <span class='ocrx_word' id='word_1_30' title='bbox 1210 413 1423 463; x_wconf 86' lang='lat' dir='ltr'>Tarquinii</span> <span class='ocrx_word' id='word_1_31' title='bbox 1452 413 1594 463; x_wconf 89' lang='lat' dir='ltr'>filium,</span> <span class='ocrx_word' id='word_1_32' title='bbox 1626 414 1696 464; x_wconf 90' lang='lat' dir='ltr'>qui</span> 
     </span>
    </p>

    <p class='ocr_par' dir='ltr' id='par_1_3' title="bbox 227 484 1695 677">
     <span class='ocr_line' id='line_1_5' title="bbox 227 484 1694 535; baseline -0.001 -10"><span class='ocrx_word' id='word_1_33' title='bbox 227 488 250 524; x_wconf 87' lang='lat'>3</span> <span class='ocrx_word' id='word_1_34' title='bbox 268 488 415 525; x_wconf 84' lang='lat' dir='ltr'>habere</span> <span class='ocrx_word' id='word_1_35' title='bbox 441 498 558 535; x_wconf 88' lang='lat' dir='ltr'>quam</span> <span class='ocrx_word' id='word_1_36' title='bbox 585 498 745 534; x_wconf 87' lang='lat' dir='ltr'>sperare</span> <span class='ocrx_word' id='word_1_37' title='bbox 767 497 932 533; x_wconf 88' lang='lat' dir='ltr'>regnum</span> <span class='ocrx_word' id='word_1_38' title='bbox 960 485 1107 524; x_wconf 82' lang='lat' dir='ltr'>mallet.</span> <span class='ocrx_word' id='word_1_39' title='bbox 1157 484 1226 532; x_wconf 80' lang='lat' dir='ltr'>„Si</span> <span class='ocrx_word' id='word_1_40' title='bbox 1252 489 1295 522; x_wconf 88' lang='lat' dir='ltr'>tu</span> <span class='ocrx_word' id='word_1_41' title='bbox 1314 485 1347 522; x_wconf 87' lang='lat' dir='ltr'>is</span> <span class='ocrx_word' id='word_1_42' title='bbox 1365 498 1418 535; x_wconf 86' lang='lat' dir='ltr'>es,</span> <span class='ocrx_word' id='word_1_43' title='bbox 1451 485 1514 523; x_wconf 90' lang='lat' dir='ltr'>cui</span> <span class='ocrx_word' id='word_1_44' title='bbox 1531 489 1694 535; x_wconf 83' lang='lat' dir='ltr'>nuptam</span> 
     </span>
     <span class='ocr_line' id='line_1_6' title="bbox 269 556 1695 606; baseline -0.001 -11"><span class='ocrx_word' id='word_1_45' title='bbox 269 571 354 595; x_wconf 90' lang='lat' dir='ltr'>esse</span> <span class='ocrx_word' id='word_1_46' title='bbox 386 570 445 594; x_wconf 89' lang='lat' dir='ltr'>me</span> <span class='ocrx_word' id='word_1_47' title='bbox 477 557 666 605; x_wconf 80' lang='lat' dir='ltr'>arbitror,</span> <span class='ocrx_word' id='word_1_48' title='bbox 699 561 737 594; x_wconf 90' lang='lat' dir='ltr'>et</span> <span class='ocrx_word' id='word_1_49' title='bbox 767 557 897 595; x_wconf 86' lang='lat' dir='ltr'>virum</span> <span class='ocrx_word' id='word_1_50' title='bbox 930 561 967 594; x_wconf 87' lang='lat' dir='ltr'>et</span> <span class='ocrx_word' id='word_1_51' title='bbox 998 570 1129 605; x_wconf 88' lang='lat' dir='ltr'>regem</span> <span class='ocrx_word' id='word_1_52' title='bbox 1163 556 1343 606; x_wconf 87' lang='lat' dir='ltr'>appello;</span> <span class='ocrx_word' id='word_1_53' title='bbox 1382 557 1444 594; x_wconf 88' lang='lat' dir='ltr'>sin</span> <span class='ocrx_word' id='word_1_54' title='bbox 1473 556 1615 606; x_wconf 86' lang='lat' dir='ltr'>minus,</span> <span class='ocrx_word' id='word_1_55' title='bbox 1648 569 1695 594; x_wconf 83' lang='lat' dir='ltr'>eo</span> 
     </span>
     <span class='ocr_line' id='line_1_7' title="bbox 268 627 1693 677; baseline 0 -11"><span class='ocrx_word' id='word_1_56' title='bbox 268 641 371 666; x_wconf 89' lang='lat' dir='ltr'>nunc</span> <span class='ocrx_word' id='word_1_57' title='bbox 404 629 516 677; x_wconf 87' lang='lat' dir='ltr'>peius</span> <span class='ocrx_word' id='word_1_58' title='bbox 548 630 697 666; x_wconf 87' lang='lat' dir='ltr'>mutata</span> <span class='ocrx_word' id='word_1_59' title='bbox 727 641 791 666; x_wconf 88' lang='lat' dir='ltr'>res</span> <span class='ocrx_word' id='word_1_60' title='bbox 823 632 895 677; x_wconf 87' lang='lat' dir='ltr'>est,</span> <span class='ocrx_word' id='word_1_61' title='bbox 929 628 1035 677; x_wconf 86' lang='lat' dir='ltr'>quod</span> <span class='ocrx_word' id='word_1_62' title='bbox 1067 628 1157 665; x_wconf 87' lang='lat' dir='ltr'>istic</span> <span class='ocrx_word' id='word_1_63' title='bbox 1190 640 1277 665; x_wconf 91' lang='lat' dir='ltr'>cum</span> <span class='ocrx_word' id='word_1_64' title='bbox 1293 627 1454 676; x_wconf 88' lang='lat' dir='ltr'>ignavia</span> <span class='ocrx_word' id='word_1_65' title='bbox 1479 632 1538 665; x_wconf 84' lang='lat' dir='ltr'>est</span> <span class='ocrx_word' id='word_1_66' title='bbox 1554 627 1693 666; x_wconf 81' lang='lat' dir='ltr'>scelus.</span> 
     </span>
    </p>

    <p class='ocr_par' dir='ltr' id='par_1_4' title="bbox 224 698 1696 893">
     <span class='ocr_line' id='line_1_8' title="bbox 224 698 1694 749; baseline 0.001 -13"><span class='ocrx_word' id='word_1_67' title='bbox 224 701 249 736; x_wconf 89' lang='grc'>4</span> <span class='ocrx_word' id='word_1_68' title='bbox 269 700 376 747; x_wconf 79' lang='lat' dir='ltr'>Quin</span> <span class='ocrx_word' id='word_1_69' title='bbox 422 699 672 748; x_wconf 80' lang='lat' dir='ltr'>accingeris?</span> <span class='ocrx_word' id='word_1_70' title='bbox 731 699 822 737; x_wconf 90' lang='lat' dir='ltr'>Non</span> <span class='ocrx_word' id='word_1_71' title='bbox 852 700 929 737; x_wconf 84' lang='lat' dir='ltr'>tibi</span> <span class='ocrx_word' id='word_1_72' title='bbox 960 699 1009 736; x_wconf 87' lang='lat' dir='ltr'>ab</span> <span class='ocrx_word' id='word_1_73' title='bbox 1042 699 1236 737; x_wconf 77' lang='lat' dir='ltr'>Corintho</span> <span class='ocrx_word' id='word_1_74' title='bbox 1267 712 1338 736; x_wconf 90' lang='lat' dir='ltr'>nec</span> <span class='ocrx_word' id='word_1_75' title='bbox 1369 699 1418 737; x_wconf 93' lang='lat' dir='ltr'>ab</span> <span class='ocrx_word' id='word_1_76' title='bbox 1449 698 1694 749; x_wconf 84' lang='lat' dir='ltr'>Tarquiniis,</span> 
     </span>
     <span class='ocr_line' id='line_1_9' title="bbox 267 770 1696 821; baseline -0.001 -11"><span class='ocrx_word' id='word_1_77' title='bbox 267 776 311 810; x_wconf 90' lang='lat' dir='ltr'>ut</span> <span class='ocrx_word' id='word_1_78' title='bbox 342 771 449 821; x_wconf 85' lang='lat' dir='ltr'>patri</span> <span class='ocrx_word' id='word_1_79' title='bbox 479 774 561 819; x_wconf 83' lang='lat' dir='ltr'>tuo,</span> <span class='ocrx_word' id='word_1_80' title='bbox 593 772 803 820; x_wconf 89' lang='lat' dir='ltr'>peregrina</span> <span class='ocrx_word' id='word_1_81' title='bbox 833 785 955 820; x_wconf 88' lang='lat' dir='ltr'>regna</span> <span class='ocrx_word' id='word_1_82' title='bbox 986 770 1118 808; x_wconf 88' lang='lat' dir='ltr'>moliri</span> <span class='ocrx_word' id='word_1_83' title='bbox 1134 784 1294 809; x_wconf 88' lang='lat' dir='ltr'>necesse</span> <span class='ocrx_word' id='word_1_84' title='bbox 1311 774 1388 817; x_wconf 86' lang='lat' dir='ltr'>est3</span> <span class='ocrx_word' id='word_1_85' title='bbox 1421 770 1462 808; x_wconf 92' lang='lat' dir='ltr'>di</span> <span class='ocrx_word' id='word_1_86' title='bbox 1477 774 1516 808; x_wconf 90' lang='lat' dir='ltr'>te</span> <span class='ocrx_word' id='word_1_87' title='bbox 1531 773 1696 820; x_wconf 84' lang='lat' dir='ltr'>penates</span> 
     </span>
     <span class='ocr_line' id='line_1_10' title="bbox 267 842 1694 893; baseline 0.001 -14"><span class='ocrx_word' id='word_1_88' title='bbox 267 843 468 893; x_wconf 81' lang='lat' dir='ltr'>patriique</span> <span class='ocrx_word' id='word_1_89' title='bbox 499 846 536 880; x_wconf 90' lang='lat' dir='ltr'>et</span> <span class='ocrx_word' id='word_1_90' title='bbox 567 843 696 892; x_wconf 88' lang='lat' dir='ltr'>patris</span> <span class='ocrx_word' id='word_1_91' title='bbox 729 843 858 891; x_wconf 84' lang='lat' dir='ltr'>imago</span> <span class='ocrx_word' id='word_1_92' title='bbox 890 846 928 880; x_wconf 84' lang='lat' dir='ltr'>et</span> <span class='ocrx_word' id='word_1_93' title='bbox 960 842 1099 880; x_wconf 91' lang='lat' dir='ltr'>domus</span> <span class='ocrx_word' id='word_1_94' title='bbox 1130 842 1242 891; x_wconf 87' lang='lat' dir='ltr'>regia</span> <span class='ocrx_word' id='word_1_95' title='bbox 1271 845 1311 880; x_wconf 90' lang='lat' dir='ltr'>et</span> <span class='ocrx_word' id='word_1_96' title='bbox 1342 842 1382 879; x_wconf 90' lang='lat' dir='ltr'>in</span> <span class='ocrx_word' id='word_1_97' title='bbox 1414 842 1530 880; x_wconf 92' lang='lat' dir='ltr'>domo</span> <span class='ocrx_word' id='word_1_98' title='bbox 1560 842 1694 892; x_wconf 85' lang='lat' dir='ltr'>regale</span> 
     </span>
    </p>

    <p class='ocr_par' dir='ltr' id='par_1_5' title="bbox 228 912 1697 1178">
     <span class='ocr_line' id='line_1_11' title="bbox 228 912 1697 963; baseline -0.002 -10"><span class='ocrx_word' id='word_1_99' title='bbox 228 915 411 954; x_wconf 86' lang='lat' dir='ltr'>5solium</span> <span class='ocrx_word' id='word_1_100' title='bbox 445 918 483 951; x_wconf 89' lang='lat' dir='ltr'>et</span> <span class='ocrx_word' id='word_1_101' title='bbox 513 927 655 951; x_wconf 90' lang='lat' dir='ltr'>nomen</span> <span class='ocrx_word' id='word_1_102' title='bbox 686 913 948 963; x_wconf 82' lang='lat' dir='ltr'>Tarquinium</span> <span class='ocrx_word' id='word_1_103' title='bbox 981 918 1086 951; x_wconf 86' lang='lat' dir='ltr'>creat</span> <span class='ocrx_word' id='word_1_104' title='bbox 1116 918 1310 963; x_wconf 83' lang='lat' dir='ltr'>vocatque</span> <span class='ocrx_word' id='word_1_105' title='bbox 1342 927 1485 963; x_wconf 88' lang='lat' dir='ltr'>regem.</span> <span class='ocrx_word' id='word_1_106' title='bbox 1547 912 1632 950; x_wconf 86' lang='lat' dir='ltr'>Aut</span> <span class='ocrx_word' id='word_1_107' title='bbox 1663 913 1697 951; x_wconf 91' lang='lat' dir='ltr'>si</span> 
     </span>
     <span class='ocr_line' id='line_1_12' title="bbox 269 984 1693 1035; baseline -0.001 -12"><span class='ocrx_word' id='word_1_108' title='bbox 269 987 318 1024; x_wconf 86' lang='lat' dir='ltr'>ad</span> <span class='ocrx_word' id='word_1_109' title='bbox 349 986 433 1023; x_wconf 86' lang='lat' dir='ltr'>haec</span> <span class='ocrx_word' id='word_1_110' title='bbox 465 999 603 1035; x_wconf 87' lang='lat' dir='ltr'>parum</span> <span class='ocrx_word' id='word_1_111' title='bbox 636 989 695 1022; x_wconf 90' lang='lat' dir='ltr'>est</span> <span class='ocrx_word' id='word_1_112' title='bbox 726 986 857 1035; x_wconf 69' lang='lat' dir='ltr'>animi,</span> <span class='ocrx_word' id='word_1_113' title='bbox 900 986 997 1035; x_wconf 90' lang='lat' dir='ltr'>quid</span> <span class='ocrx_word' id='word_1_114' title='bbox 1027 987 1230 1023; x_wconf 84' lang='lat' dir='ltr'>frustraris</span> <span class='ocrx_word' id='word_1_115' title='bbox 1262 984 1496 1023; x_wconf 78' lang='lat' dir='ltr'>civitatem?</span> <span class='ocrx_word' id='word_1_116' title='bbox 1528 984 1625 1034; x_wconf 89' lang='lat' dir='ltr'>quid</span> <span class='ocrx_word' id='word_1_117' title='bbox 1653 987 1693 1022; x_wconf 79' lang='lat' dir='ltr'>te</span> 
     </span>
     <span class='ocr_line' id='line_1_13' title="bbox 268 1056 1697 1107; baseline -0.001 -12"><span class='ocrx_word' id='word_1_118' title='bbox 268 1062 312 1095; x_wconf 92' lang='lat' dir='ltr'>ut</span> <span class='ocrx_word' id='word_1_119' title='bbox 342 1058 494 1107; x_wconf 86' lang='lat' dir='ltr'>regium</span> <span class='ocrx_word' id='word_1_120' title='bbox 526 1058 704 1094; x_wconf 88' lang='lat' dir='ltr'>iuvenem</span> <span class='ocrx_word' id='word_1_121' title='bbox 738 1057 913 1106; x_wconf 85' lang='lat' dir='ltr'>conspici</span> <span class='ocrx_word' id='word_1_122' title='bbox 945 1057 1073 1095; x_wconf 80' lang='lat' dir='ltr'>sinis?</span> <span class='ocrx_word' id='word_1_123' title='bbox 1132 1058 1299 1095; x_wconf 84' lang='lat' dir='ltr'>Facesse</span> <span class='ocrx_word' id='word_1_124' title='bbox 1330 1057 1422 1094; x_wconf 90' lang='lat' dir='ltr'>hinc</span> <span class='ocrx_word' id='word_1_125' title='bbox 1455 1056 1697 1106; x_wconf 83' lang='lat' dir='ltr'>Tarquinios</span> 
     </span>
     <span class='ocr_line' id='line_1_14' title="bbox 271 1127 1696 1178; baseline -0.001 -12"><span class='ocrx_word' id='word_1_126' title='bbox 271 1133 340 1166; x_wconf 87' lang='lat' dir='ltr'>aut</span> <span class='ocrx_word' id='word_1_127' title='bbox 371 1129 627 1174; x_wconf 64' lang='lat' dir='ltr'>Corinthum,</span> <span class='ocrx_word' id='word_1_128' title='bbox 674 1128 884 1166; x_wconf 77' lang='lat' dir='ltr'>devolvere</span> <span class='ocrx_word' id='word_1_129' title='bbox 916 1132 1022 1165; x_wconf 85' lang='lat' dir='ltr'>retro</span> <span class='ocrx_word' id='word_1_130' title='bbox 1055 1129 1104 1166; x_wconf 93' lang='lat' dir='ltr'>ad</span> <span class='ocrx_word' id='word_1_131' title='bbox 1135 1130 1310 1178; x_wconf 79' lang='lat' dir='ltr'>stirpem,</span> <span class='ocrx_word' id='word_1_132' title='bbox 1358 1128 1494 1166; x_wconf 84' lang='lat' dir='ltr'>fratris</span> <span class='ocrx_word' id='word_1_133' title='bbox 1526 1127 1696 1165; x_wconf 87' lang='lat' dir='ltr'>similior</span> 
     </span>
    </p>

    <p class='ocr_par' dir='ltr' id='par_1_6' title="bbox 227 1199 1697 1463">
     <span class='ocr_line' id='line_1_15' title="bbox 227 1199 1697 1251; baseline -0.001 -13"><span class='ocrx_word' id='word_1_134' title='bbox 227 1202 250 1238; x_wconf 84' lang='lat'><strong>6</strong></span> <span class='ocrx_word' id='word_1_135' title='bbox 270 1214 387 1251; x_wconf 86' lang='lat' dir='ltr'>quam</span> <span class='ocrx_word' id='word_1_136' title='bbox 419 1200 582 1250; x_wconf 55' lang='lat' dir='ltr'>patrisf‘</span> <span class='ocrx_word' id='word_1_137' title='bbox 631 1200 707 1237; x_wconf 89' lang='lat' dir='ltr'>His</span> <span class='ocrx_word' id='word_1_138' title='bbox 738 1200 907 1250; x_wconf 89' lang='lat' dir='ltr'>aliisque</span> <span class='ocrx_word' id='word_1_139' title='bbox 939 1201 1182 1250; x_wconf 90' lang='lat' dir='ltr'>increpando</span> <span class='ocrx_word' id='word_1_140' title='bbox 1214 1201 1396 1238; x_wconf 88' lang='lat' dir='ltr'>iuvenem</span> <span class='ocrx_word' id='word_1_141' title='bbox 1419 1199 1595 1248; x_wconf 87' lang='lat' dir='ltr'>instigat,</span> <span class='ocrx_word' id='word_1_142' title='bbox 1625 1211 1697 1237; x_wconf 89' lang='lat' dir='ltr'>nec</span> 
     </span>
     <span class='ocr_line' id='line_1_16' title="bbox 269 1271 1696 1321; baseline -0.001 -11"><span class='ocrx_word' id='word_1_143' title='bbox 269 1272 546 1321; x_wconf 85' lang='lat' dir='ltr'>conquiescere</span> <span class='ocrx_word' id='word_1_144' title='bbox 576 1271 662 1320; x_wconf 88' lang='lat' dir='ltr'>ipsa</span> <span class='ocrx_word' id='word_1_145' title='bbox 678 1275 820 1320; x_wconf 82' lang='lat' dir='ltr'>potest,</span> <span class='ocrx_word' id='word_1_146' title='bbox 853 1271 897 1317; x_wconf 89' lang='lat' dir='ltr'>si,</span> <span class='ocrx_word' id='word_1_147' title='bbox 930 1285 1050 1321; x_wconf 94' lang='lat' dir='ltr'>quum</span> <span class='ocrx_word' id='word_1_148' title='bbox 1068 1271 1280 1321; x_wconf 65' lang='lat' dir='ltr'>Tanaquil,</span> <span class='ocrx_word' id='word_1_149' title='bbox 1312 1271 1525 1321; x_wconf 85' lang='lat' dir='ltr'>peregrina</span> <span class='ocrx_word' id='word_1_150' title='bbox 1541 1271 1696 1318; x_wconf 87' lang='lat' dir='ltr'>mulier,</span> 
     </span>
     <span class='ocr_line' id='line_1_17' title="bbox 267 1342 1695 1392; baseline 0 -12"><span class='ocrx_word' id='word_1_151' title='bbox 267 1346 423 1381; x_wconf 80' lang='lat' dir='ltr'>tantum</span> <span class='ocrx_word' id='word_1_152' title='bbox 470 1342 601 1379; x_wconf 86' lang='lat' dir='ltr'>moliri</span> <span class='ocrx_word' id='word_1_153' title='bbox 632 1343 828 1392; x_wconf 87' lang='lat' dir='ltr'>potuisset</span> <span class='ocrx_word' id='word_1_154' title='bbox 861 1343 1004 1389; x_wconf 80' lang='lat' dir='ltr'>animo,</span> <span class='ocrx_word' id='word_1_155' title='bbox 1050 1347 1095 1379; x_wconf 89' lang='lat' dir='ltr'>ut</span> <span class='ocrx_word' id='word_1_156' title='bbox 1126 1342 1202 1380; x_wconf 93' lang='lat' dir='ltr'>duo</span> <span class='ocrx_word' id='word_1_157' title='bbox 1234 1343 1426 1380; x_wconf 88' lang='lat' dir='ltr'>continua</span> <span class='ocrx_word' id='word_1_158' title='bbox 1455 1355 1579 1391; x_wconf 87' lang='lat' dir='ltr'>regna</span> <span class='ocrx_word' id='word_1_159' title='bbox 1609 1342 1695 1380; x_wconf 86' lang='lat' dir='ltr'>viro</span> 
     </span>
     <span class='ocr_line' id='line_1_18' title="bbox 269 1414 1696 1463; baseline -0.001 -12"><span class='ocrx_word' id='word_1_160' title='bbox 269 1427 313 1452; x_wconf 87' lang='lat' dir='ltr'>ac</span> <span class='ocrx_word' id='word_1_161' title='bbox 345 1414 530 1463; x_wconf 87' lang='lat' dir='ltr'>deinceps</span> <span class='ocrx_word' id='word_1_162' title='bbox 562 1427 706 1462; x_wconf 84' lang='lat' dir='ltr'>genero</span> <span class='ocrx_word' id='word_1_163' title='bbox 740 1414 923 1460; x_wconf 86' lang='lat' dir='ltr'>dedisset,</span> <span class='ocrx_word' id='word_1_164' title='bbox 964 1414 1060 1463; x_wconf 88' lang='lat' dir='ltr'>ipsa,</span> <span class='ocrx_word' id='word_1_165' title='bbox 1092 1415 1203 1462; x_wconf 91' lang='lat' dir='ltr'>regio</span> <span class='ocrx_word' id='word_1_166' title='bbox 1235 1415 1382 1451; x_wconf 87' lang='lat' dir='ltr'>semine</span> <span class='ocrx_word' id='word_1_167' title='bbox 1414 1417 1510 1460; x_wconf 86' lang='lat' dir='ltr'>orta,</span> <span class='ocrx_word' id='word_1_168' title='bbox 1540 1414 1696 1450; x_wconf 90' lang='lat' dir='ltr'>nullum</span> 
     </span>
    </p>

    <p class='ocr_par' dir='ltr' id='par_1_7' title="bbox 228 1485 1697 1820">
     <span class='ocr_line' id='line_1_19' title="bbox 228 1485 1695 1535; baseline 0 -13"><span class='ocrx_word' id='word_1_169' title='bbox 228 1487 249 1522; x_wconf 92' lang='lat'><strong>7</strong></span> <span class='ocrx_word' id='word_1_170' title='bbox 269 1489 508 1524; x_wconf 89' lang='lat' dir='ltr'>momentum</span> <span class='ocrx_word' id='word_1_171' title='bbox 540 1486 581 1522; x_wconf 92' lang='lat' dir='ltr'>in</span> <span class='ocrx_word' id='word_1_172' title='bbox 613 1485 743 1523; x_wconf 84' lang='lat' dir='ltr'>dando</span> <span class='ocrx_word' id='word_1_173' title='bbox 775 1485 1064 1535; x_wconf 86' lang='lat' dir='ltr'>adimendoque</span> <span class='ocrx_word' id='word_1_174' title='bbox 1095 1498 1217 1534; x_wconf 90' lang='lat' dir='ltr'>regno</span> <span class='ocrx_word' id='word_1_175' title='bbox 1248 1486 1406 1523; x_wconf 83' lang='lat' dir='ltr'>faceret.</span> <span class='ocrx_word' id='word_1_176' title='bbox 1450 1485 1527 1522; x_wconf 89' lang='lat' dir='ltr'>His</span> <span class='ocrx_word' id='word_1_177' title='bbox 1557 1485 1695 1522; x_wconf 89' lang='lat' dir='ltr'>mulie·</span> 
     </span>
     <span class='ocr_line' id='line_1_20' title="bbox 267 1556 1695 1607; baseline -0.001 -13"><span class='ocrx_word' id='word_1_178' title='bbox 267 1557 406 1595; x_wconf 88' lang='lat' dir='ltr'>bribus</span> <span class='ocrx_word' id='word_1_179' title='bbox 439 1558 649 1594; x_wconf 81' lang='lat' dir='ltr'>instinctus</span> <span class='ocrx_word' id='word_1_180' title='bbox 681 1557 798 1594; x_wconf 84' lang='lat' dir='ltr'>furiis</span> <span class='ocrx_word' id='word_1_181' title='bbox 825 1556 1066 1606; x_wconf 85' lang='lat' dir='ltr'>Tarquinius</span> <span class='ocrx_word' id='word_1_182' title='bbox 1099 1558 1305 1595; x_wconf 88' lang='lat' dir='ltr'>circumire</span> <span class='ocrx_word' id='word_1_183' title='bbox 1336 1561 1375 1594; x_wconf 89' lang='lat' dir='ltr'>et</span> <span class='ocrx_word' id='word_1_184' title='bbox 1407 1569 1595 1607; x_wconf 86' lang='lat' dir='ltr'>prensare</span> <span class='ocrx_word' id='word_1_185' title='bbox 1625 1556 1695 1593; x_wconf 92' lang='lat' dir='ltr'>mi-</span> 
     </span>
     <span class='ocr_line' id='line_1_21' title="bbox 267 1627 1697 1678; baseline -0.001 -12"><span class='ocrx_word' id='word_1_186' title='bbox 267 1642 407 1666; x_wconf 90' lang='lat' dir='ltr'>norum</span> <span class='ocrx_word' id='word_1_187' title='bbox 453 1629 624 1665; x_wconf 85' lang='lat' dir='ltr'>maxime</span> <span class='ocrx_word' id='word_1_188' title='bbox 669 1628 848 1676; x_wconf 90' lang='lat' dir='ltr'>gentium</span> <span class='ocrx_word' id='word_1_189' title='bbox 878 1632 1028 1676; x_wconf 85' lang='lat' dir='ltr'>patres;</span> <span class='ocrx_word' id='word_1_190' title='bbox 1075 1629 1287 1666; x_wconf 88' lang='lat' dir='ltr'>admonere</span> <span class='ocrx_word' id='word_1_191' title='bbox 1325 1628 1483 1678; x_wconf 86' lang='lat' dir='ltr'>paterni</span> <span class='ocrx_word' id='word_1_192' title='bbox 1514 1627 1697 1666; x_wconf 87' lang='lat' dir='ltr'>beneficii</span> 
     </span>
     <span class='ocr_line' id='line_1_22' title="bbox 269 1698 1696 1749; baseline 0 -13"><span class='ocrx_word' id='word_1_193' title='bbox 269 1713 312 1736; x_wconf 84' lang='lat' dir='ltr'>ac</span> <span class='ocrx_word' id='word_1_194' title='bbox 345 1713 416 1749; x_wconf 88' lang='lat' dir='ltr'>pro</span> <span class='ocrx_word' id='word_1_195' title='bbox 449 1713 493 1737; x_wconf 88' lang='lat' dir='ltr'>eo</span> <span class='ocrx_word' id='word_1_196' title='bbox 526 1699 697 1748; x_wconf 87' lang='lat' dir='ltr'>gratiam</span> <span class='ocrx_word' id='word_1_197' title='bbox 729 1703 924 1749; x_wconf 71' lang='lat' dir='ltr'>repetere3</span> <span class='ocrx_word' id='word_1_198' title='bbox 958 1700 1118 1737; x_wconf 90' lang='lat' dir='ltr'>allicere</span> <span class='ocrx_word' id='word_1_199' title='bbox 1151 1700 1263 1737; x_wconf 89' lang='lat' dir='ltr'>donis</span> <span class='ocrx_word' id='word_1_200' title='bbox 1293 1700 1474 1747; x_wconf 87' lang='lat' dir='ltr'>iuvenes;</span> <span class='ocrx_word' id='word_1_201' title='bbox 1507 1712 1629 1749; x_wconf 91' lang='lat' dir='ltr'>quum</span> <span class='ocrx_word' id='word_1_202' title='bbox 1646 1698 1696 1737; x_wconf 82' lang='lat' dir='ltr'>de</span> 
     </span>
     <span class='ocr_line' id='line_1_23' title="bbox 268 1770 1695 1820; baseline 0 -12"><span class='ocrx_word' id='word_1_203' title='bbox 268 1784 308 1809; x_wconf 86' lang='lat' dir='ltr'>se</span> <span class='ocrx_word' id='word_1_204' title='bbox 341 1771 523 1819; x_wconf 86' lang='lat' dir='ltr'>ingentia</span> <span class='ocrx_word' id='word_1_205' title='bbox 554 1770 793 1820; x_wconf 87' lang='lat' dir='ltr'>pollicendo,</span> <span class='ocrx_word' id='word_1_206' title='bbox 840 1774 924 1808; x_wconf 92' lang='lat' dir='ltr'>tum</span> <span class='ocrx_word' id='word_1_207' title='bbox 971 1771 1075 1819; x_wconf 87' lang='lat' dir='ltr'>regis</span> <span class='ocrx_word' id='word_1_208' title='bbox 1115 1771 1351 1808; x_wconf 85' lang='lat' dir='ltr'>criminibus</span> <span class='ocrx_word' id='word_1_209' title='bbox 1383 1771 1565 1808; x_wconf 84' lang='lat' dir='ltr'>omnibus</span> <span class='ocrx_word' id='word_1_210' title='bbox 1595 1770 1695 1809; x_wconf 85' lang='lat' dir='ltr'>locis</span> 
     </span>
    </p>

    <p class='ocr_par' dir='ltr' id='par_1_8' title="bbox 226 1842 1697 2107">
     <span class='ocr_line' id='line_1_24' title="bbox 226 1842 1695 1892; baseline 0 -12"><span class='ocrx_word' id='word_1_211' title='bbox 226 1844 251 1880; x_wconf 90' lang='lat'>8</span> <span class='ocrx_word' id='word_1_212' title='bbox 271 1855 458 1882; x_wconf 85' lang='lat' dir='ltr'>crescere.</span> <span class='ocrx_word' id='word_1_213' title='bbox 520 1842 742 1889; x_wconf 83' lang='lat' dir='ltr'>Postremo,</span> <span class='ocrx_word' id='word_1_214' title='bbox 788 1846 832 1879; x_wconf 90' lang='lat' dir='ltr'>ut</span> <span class='ocrx_word' id='word_1_215' title='bbox 878 1842 956 1879; x_wconf 87' lang='lat' dir='ltr'>iam</span> <span class='ocrx_word' id='word_1_216' title='bbox 997 1842 1159 1891; x_wconf 79' lang='lat' dir='ltr'>agendae</span> <span class='ocrx_word' id='word_1_217' title='bbox 1190 1843 1249 1880; x_wconf 91' lang='lat' dir='ltr'>rei</span> <span class='ocrx_word' id='word_1_218' title='bbox 1280 1845 1437 1892; x_wconf 87' lang='lat' dir='ltr'>tempus</span> <span class='ocrx_word' id='word_1_219' title='bbox 1468 1843 1595 1880; x_wconf 88' lang='lat' dir='ltr'>visum</span> <span class='ocrx_word' id='word_1_220' title='bbox 1626 1844 1695 1889; x_wconf 84' lang='lat' dir='ltr'>est,</span> 
     </span>
     <span class='ocr_line' id='line_1_25' title="bbox 267 1913 1695 1963; baseline 0.001 -12"><span class='ocrx_word' id='word_1_221' title='bbox 267 1914 437 1963; x_wconf 83' lang='lat' dir='ltr'>stipatus</span> <span class='ocrx_word' id='word_1_222' title='bbox 470 1915 624 1963; x_wconf 88' lang='lat' dir='ltr'>agmine</span> <span class='ocrx_word' id='word_1_223' title='bbox 656 1917 897 1951; x_wconf 85' lang='lat' dir='ltr'>armatorum</span> <span class='ocrx_word' id='word_1_224' title='bbox 930 1914 972 1950; x_wconf 89' lang='lat' dir='ltr'>in</span> <span class='ocrx_word' id='word_1_225' title='bbox 1003 1914 1130 1951; x_wconf 88' lang='lat' dir='ltr'>forum</span> <span class='ocrx_word' id='word_1_226' title='bbox 1161 1913 1320 1963; x_wconf 86' lang='lat' dir='ltr'>irrupit.</span> <span class='ocrx_word' id='word_1_227' title='bbox 1381 1913 1483 1951; x_wconf 90' lang='lat' dir='ltr'>Inde</span> <span class='ocrx_word' id='word_1_228' title='bbox 1514 1913 1695 1952; x_wconf 81' lang='lat' dir='ltr'>omnibus</span> 
     </span>
     <span class='ocr_line' id='line_1_26' title="bbox 266 1984 1697 2035; baseline 0.001 -13"><span class='ocrx_word' id='word_1_229' title='bbox 266 1986 463 2035; x_wconf 88' lang='lat' dir='ltr'>perculsis</span> <span class='ocrx_word' id='word_1_230' title='bbox 494 1998 653 2035; x_wconf 84' lang='lat' dir='ltr'>pavore,</span> <span class='ocrx_word' id='word_1_231' title='bbox 700 1985 740 2022; x_wconf 93' lang='lat' dir='ltr'>in</span> <span class='ocrx_word' id='word_1_232' title='bbox 786 1985 898 2034; x_wconf 88' lang='lat' dir='ltr'>regia</span> <span class='ocrx_word' id='word_1_233' title='bbox 943 1986 1035 2023; x_wconf 88' lang='lat' dir='ltr'>sede</span> <span class='ocrx_word' id='word_1_234' title='bbox 1075 1999 1147 2035; x_wconf 90' lang='lat' dir='ltr'>pro</span> <span class='ocrx_word' id='word_1_235' title='bbox 1180 1985 1288 2023; x_wconf 90' lang='lat' dir='ltr'>curia</span> <span class='ocrx_word' id='word_1_236' title='bbox 1318 1984 1458 2022; x_wconf 89' lang='lat' dir='ltr'>sedens</span> <span class='ocrx_word' id='word_1_237' title='bbox 1489 1988 1622 2035; x_wconf 85' lang='lat' dir='ltr'>patres</span> <span class='ocrx_word' id='word_1_238' title='bbox 1653 1986 1697 2023; x_wconf 89' lang='lat' dir='ltr'>in</span> 
     </span>
     <span class='ocr_line' id='line_1_27' title="bbox 268 2056 1695 2107; baseline 0.001 -14"><span class='ocrx_word' id='word_1_239' title='bbox 268 2057 419 2093; x_wconf 86' lang='lat' dir='ltr'>curiam</span> <span class='ocrx_word' id='word_1_240' title='bbox 464 2070 536 2106; x_wconf 87' lang='lat' dir='ltr'>per</span> <span class='ocrx_word' id='word_1_241' title='bbox 580 2069 801 2107; x_wconf 85' lang='lat' dir='ltr'>praeconem</span> <span class='ocrx_word' id='word_1_242' title='bbox 849 2056 899 2093; x_wconf 87' lang='lat' dir='ltr'>ad</span> <span class='ocrx_word' id='word_1_243' title='bbox 945 2070 1077 2105; x_wconf 85' lang='lat' dir='ltr'>regem</span> <span class='ocrx_word' id='word_1_244' title='bbox 1109 2056 1375 2106; x_wconf 81' lang='lat' dir='ltr'>Tarquinium</span> <span class='ocrx_word' id='word_1_245' title='bbox 1421 2056 1537 2093; x_wconf 88' lang='lat' dir='ltr'>citari</span> <span class='ocrx_word' id='word_1_246' title='bbox 1568 2056 1695 2094; x_wconf 82' lang='lat' dir='ltr'>iussit.</span> 
     </span>
    </p>

    <p class='ocr_par' dir='ltr' id='par_1_9' title="bbox 227 2127 1696 2248">
     <span class='ocr_line' id='line_1_28' title="bbox 227 2127 1696 2178; baseline 0 -12"><span class='ocrx_word' id='word_1_247' title='bbox 227 2127 499 2166; x_wconf 86' lang='lat' dir='ltr'>9Convenere</span> <span class='ocrx_word' id='word_1_248' title='bbox 546 2130 753 2178; x_wconf 79' lang='lat' dir='ltr'>extemplo,</span> <span class='ocrx_word' id='word_1_249' title='bbox 802 2128 870 2165; x_wconf 87' lang='lat' dir='ltr'>alii</span> <span class='ocrx_word' id='word_1_250' title='bbox 916 2128 993 2165; x_wconf 82' lang='lat' dir='ltr'>iam</span> <span class='ocrx_word' id='word_1_251' title='bbox 1038 2131 1129 2165; x_wconf 87' lang='lat' dir='ltr'>ante</span> <span class='ocrx_word' id='word_1_252' title='bbox 1168 2127 1218 2165; x_wconf 87' lang='lat' dir='ltr'>ad</span> <span class='ocrx_word' id='word_1_253' title='bbox 1249 2128 1324 2165; x_wconf 89' lang='lat' dir='ltr'>hoc</span> <span class='ocrx_word' id='word_1_254' title='bbox 1354 2127 1580 2178; x_wconf 84' lang='lat' dir='ltr'>praeparati,</span> <span class='ocrx_word' id='word_1_255' title='bbox 1625 2127 1696 2166; x_wconf 81' lang='lat' dir='ltr'>alii</span> 
     </span>
     <span class='ocr_line' id='line_1_29' title="bbox 269 2199 1693 2248; baseline 0.001 -13"><span class='ocrx_word' id='word_1_256' title='bbox 269 2203 387 2248; x_wconf 87' lang='lat' dir='ltr'>metu,</span> <span class='ocrx_word' id='word_1_257' title='bbox 419 2213 467 2237; x_wconf 90' lang='lat' dir='ltr'>ne</span> <span class='ocrx_word' id='word_1_258' title='bbox 498 2214 575 2237; x_wconf 90' lang='lat' dir='ltr'>non</span> <span class='ocrx_word' id='word_1_259' title='bbox 607 2200 759 2237; x_wconf 84' lang='lat' dir='ltr'>venisse</span> <span class='ocrx_word' id='word_1_260' title='bbox 791 2199 923 2237; x_wconf 85' lang='lat' dir='ltr'>fraudi</span> <span class='ocrx_word' id='word_1_261' title='bbox 955 2203 1067 2245; x_wconf 88' lang='lat' dir='ltr'>esset,</span> <span class='ocrx_word' id='word_1_262' title='bbox 1100 2199 1277 2236; x_wconf 89' lang='lat' dir='ltr'>novitate</span> <span class='ocrx_word' id='word_1_263' title='bbox 1307 2211 1353 2237; x_wconf 91' lang='lat' dir='ltr'>ac</span> <span class='ocrx_word' id='word_1_264' title='bbox 1383 2199 1574 2237; x_wconf 86' lang='lat' dir='ltr'>miraculo</span> <span class='ocrx_word' id='word_1_265' title='bbox 1591 2201 1693 2237; x_wconf 86' lang='lat' dir='ltr'>atto-</span> 
     </span>
    </p>

    <p class='ocr_par' dir='ltr' id='par_1_10' title="bbox 199 2270 1694 2747">
     <span class='ocr_line' id='line_1_30' title="bbox 199 2270 1693 2319; baseline 0.001 -13"><span class='ocrx_word' id='word_1_266' title='bbox 199 2270 249 2307; x_wconf 91' lang='grc'>10</span> <span class='ocrx_word' id='word_1_267' title='bbox 267 2270 342 2307; x_wconf 85' lang='lat' dir='ltr'>niti</span> <span class='ocrx_word' id='word_1_268' title='bbox 370 2274 408 2308; x_wconf 88' lang='lat' dir='ltr'>et</span> <span class='ocrx_word' id='word_1_269' title='bbox 433 2271 510 2308; x_wconf 89' lang='lat' dir='ltr'>iam</span> <span class='ocrx_word' id='word_1_270' title='bbox 533 2271 581 2308; x_wconf 91' lang='lat' dir='ltr'>de</span> <span class='ocrx_word' id='word_1_271' title='bbox 608 2270 745 2308; x_wconf 87' lang='lat' dir='ltr'>Servio</span> <span class='ocrx_word' id='word_1_272' title='bbox 772 2274 904 2308; x_wconf 90' lang='lat' dir='ltr'>actum</span> <span class='ocrx_word' id='word_1_273' title='bbox 928 2270 1019 2309; x_wconf 85' lang='lat' dir='ltr'>rati.</span> <span class='ocrx_word' id='word_1_274' title='bbox 1064 2270 1129 2307; x_wconf 88' lang='lat' dir='ltr'>Ibi</span> <span class='ocrx_word' id='word_1_275' title='bbox 1146 2270 1389 2319; x_wconf 88' lang='lat' dir='ltr'>Tarquinius</span> <span class='ocrx_word' id='word_1_276' title='bbox 1414 2270 1628 2308; x_wconf 79' lang='lat' dir='ltr'>maledicta</span> <span class='ocrx_word' id='word_1_277' title='bbox 1644 2271 1693 2309; x_wconf 83' lang='lat' dir='ltr'>ab</span> 
     </span>
     <span class='ocr_line' id='line_1_31' title="bbox 266 2341 1694 2391; baseline 0.001 -13"><span class='ocrx_word' id='word_1_278' title='bbox 266 2342 391 2391; x_wconf 81' lang='lat' dir='ltr'>stirpe</span> <span class='ocrx_word' id='word_1_279' title='bbox 423 2342 562 2378; x_wconf 87' lang='lat' dir='ltr'>ultima</span> <span class='ocrx_word' id='word_1_280' title='bbox 593 2356 723 2380; x_wconf 85' lang='lat' dir='ltr'>orsus:</span> <span class='ocrx_word' id='word_1_281' title='bbox 768 2341 933 2380; x_wconf 83' lang='lat' dir='ltr'>Servum</span> <span class='ocrx_word' id='word_1_282' title='bbox 958 2354 1149 2391; x_wconf 83' lang='lat' dir='ltr'>servaque</span> <span class='ocrx_word' id='word_1_283' title='bbox 1176 2344 1311 2378; x_wconf 83' lang='lat' dir='ltr'>natum</span> <span class='ocrx_word' id='word_1_284' title='bbox 1337 2344 1428 2391; x_wconf 89' lang='lat' dir='ltr'>post</span> <span class='ocrx_word' id='word_1_285' title='bbox 1451 2344 1616 2380; x_wconf 88' lang='lat' dir='ltr'>mortem</span> <span class='ocrx_word' id='word_1_286' title='bbox 1632 2341 1694 2380; x_wconf 91' lang='lat' dir='ltr'>in-</span> 
     </span>
     <span class='ocr_line' id='line_1_32' title="bbox 268 2412 1693 2462; baseline 0 -12"><span class='ocrx_word' id='word_1_287' title='bbox 268 2412 429 2461; x_wconf 87' lang='lat' dir='ltr'>dignam</span> <span class='ocrx_word' id='word_1_288' title='bbox 440 2413 615 2461; x_wconf 84' lang='lat' dir='ltr'>parentis</span> <span class='ocrx_word' id='word_1_289' title='bbox 625 2413 696 2459; x_wconf 87' lang='lat' dir='ltr'>sui,</span> <span class='ocrx_word' id='word_1_290' title='bbox 708 2427 787 2451; x_wconf 90' lang='lat' dir='ltr'>non</span> <span class='ocrx_word' id='word_1_291' title='bbox 797 2413 1037 2462; x_wconf 88' lang='lat' dir='ltr'>interregno,</span> <span class='ocrx_word' id='word_1_292' title='bbox 1049 2416 1093 2450; x_wconf 92' lang='lat' dir='ltr'>ut</span> <span class='ocrx_word' id='word_1_293' title='bbox 1102 2415 1228 2459; x_wconf 86' lang='lat' dir='ltr'>antea,</span> <span class='ocrx_word' id='word_1_294' title='bbox 1240 2413 1432 2459; x_wconf 88' lang='lat' dir='ltr'>inito,non</span> <span class='ocrx_word' id='word_1_295' title='bbox 1443 2413 1614 2451; x_wconf 85' lang='lat' dir='ltr'>comitiis</span> <span class='ocrx_word' id='word_1_296' title='bbox 1625 2413 1693 2450; x_wconf 88' lang='lat' dir='ltr'>ha-</span> 
     </span>
     <span class='ocr_line' id='line_1_33' title="bbox 267 2483 1694 2533; baseline 0.001 -13"><span class='ocrx_word' id='word_1_297' title='bbox 267 2483 374 2531; x_wconf 84' lang='lat' dir='ltr'>bitis,</span> <span class='ocrx_word' id='word_1_298' title='bbox 389 2496 465 2521; x_wconf 91' lang='lat' dir='ltr'>non</span> <span class='ocrx_word' id='word_1_299' title='bbox 482 2496 554 2533; x_wconf 88' lang='lat' dir='ltr'>per</span> <span class='ocrx_word' id='word_1_300' title='bbox 564 2483 790 2532; x_wconf 88' lang='lat' dir='ltr'>suffragium</span> <span class='ocrx_word' id='word_1_301' title='bbox 800 2484 953 2533; x_wconf 88' lang='lat' dir='ltr'>populi,</span> <span class='ocrx_word' id='word_1_302' title='bbox 963 2497 1042 2521; x_wconf 90' lang='lat' dir='ltr'>non</span> <span class='ocrx_word' id='word_1_303' title='bbox 1054 2483 1285 2522; x_wconf 88' lang='lat' dir='ltr'>auctoribus</span> <span class='ocrx_word' id='word_1_304' title='bbox 1296 2483 1490 2533; x_wconf 75' lang='lat' dir='ltr'>patribuS,</span> <span class='ocrx_word' id='word_1_305' title='bbox 1504 2483 1694 2522; x_wconf 86' lang='lat' dir='ltr'>muliebri</span> 
     </span>
     <span class='ocr_line' id='line_1_34' title="bbox 201 2554 1694 2605; baseline 0.001 -14"><span class='ocrx_word' id='word_1_306' title='bbox 201 2555 249 2591; x_wconf 93' lang='grc'>11</span> <span class='ocrx_word' id='word_1_307' title='bbox 270 2555 372 2592; x_wconf 93' lang='lat' dir='ltr'>dono</span> <span class='ocrx_word' id='word_1_308' title='bbox 389 2568 555 2604; x_wconf 88' lang='lat' dir='ltr'>regnum</span> <span class='ocrx_word' id='word_1_309' title='bbox 573 2567 796 2604; x_wconf 88' lang='lat' dir='ltr'>occupasse.</span> <span class='ocrx_word' id='word_1_310' title='bbox 828 2554 893 2591; x_wconf 86' lang='lat' dir='ltr'>Ita</span> <span class='ocrx_word' id='word_1_311' title='bbox 908 2559 1056 2601; x_wconf 79' lang='lat' dir='ltr'>natum,</span> <span class='ocrx_word' id='word_1_312' title='bbox 1074 2555 1131 2592; x_wconf 89' lang='lat' dir='ltr'>ita</span> <span class='ocrx_word' id='word_1_313' title='bbox 1148 2558 1324 2592; x_wconf 86' lang='lat' dir='ltr'>creatum</span> <span class='ocrx_word' id='word_1_314' title='bbox 1340 2567 1484 2605; x_wconf 84' lang='lat' dir='ltr'>regem,</span> <span class='ocrx_word' id='word_1_315' title='bbox 1501 2554 1694 2592; x_wconf 83' lang='lat' dir='ltr'>fautorem</span> 
     </span>
     <span class='ocr_line' id='line_1_35' title="bbox 267 2625 1692 2675; baseline 0.001 -13"><span class='ocrx_word' id='word_1_316' title='bbox 267 2626 392 2663; x_wconf 89' lang='lat' dir='ltr'>infimi</span> <span class='ocrx_word' id='word_1_317' title='bbox 424 2627 579 2674; x_wconf 84' lang='lat' dir='ltr'>generis</span> <span class='ocrx_word' id='word_1_318' title='bbox 608 2625 826 2672; x_wconf 84' lang='lat' dir='ltr'>hominum,</span> <span class='ocrx_word' id='word_1_319' title='bbox 875 2638 922 2662; x_wconf 87' lang='lat' dir='ltr'>ex</span> <span class='ocrx_word' id='word_1_320' title='bbox 955 2638 1031 2674; x_wconf 92' lang='lat' dir='ltr'>quo</span> <span class='ocrx_word' id='word_1_321' title='bbox 1064 2625 1148 2675; x_wconf 86' lang='lat' dir='ltr'>ipse</span> <span class='ocrx_word' id='word_1_322' title='bbox 1178 2626 1241 2672; x_wconf 84' lang='lat' dir='ltr'>sit,</span> <span class='ocrx_word' id='word_1_323' title='bbox 1281 2625 1371 2662; x_wconf 93' lang='lat' dir='ltr'>odio</span> <span class='ocrx_word' id='word_1_324' title='bbox 1403 2625 1542 2662; x_wconf 78' lang='lat' dir='ltr'>alienae</span> <span class='ocrx_word' id='word_1_325' title='bbox 1573 2625 1692 2664; x_wconf 88' lang='lat' dir='ltr'>hone-</span> 
     </span>
     <span class='ocr_line' id='line_1_36' title="bbox 267 2695 1688 2747; baseline 0.001 -14"><span class='ocrx_word' id='word_1_326' title='bbox 267 2697 382 2734; x_wconf 86' lang='lat' dir='ltr'>statis</span> <span class='ocrx_word' id='word_1_327' title='bbox 408 2701 586 2747; x_wconf 87' lang='lat' dir='ltr'>ereptum</span> <span class='ocrx_word' id='word_1_328' title='bbox 609 2696 849 2747; x_wconf 87' lang='lat' dir='ltr'>primoribus</span> <span class='ocrx_word' id='word_1_329' title='bbox 876 2709 1020 2746; x_wconf 84' lang='lat' dir='ltr'>agrum</span> <span class='ocrx_word' id='word_1_330' title='bbox 1042 2696 1314 2734; x_wconf 80' lang='lat' dir='ltr'>sordidissimo</span> <span class='ocrx_word' id='word_1_331' title='bbox 1331 2696 1473 2745; x_wconf 87' lang='lat' dir='ltr'>cuique</span> <span class='ocrx_word' id='word_1_332' title='bbox 1491 2695 1688 2744; x_wconf 78' lang='lat' dir='ltr'>divisisse;</span> 
     </span>
    </p>
   </div>
  </div>
 </body>
</html>
