1821 2928
529 121 644 156 Liber
669 120 740 155 111.
767 122 828 164 (A.
855 121 920 156 Ch.
946 122 1041 164 461.)
1432 124 1507 161 137

66 252 220 298 decora,
250 250 486 297 affirmabat,
516 262 645 299 neque
679 249 719 286 in
751 249 942 297 Quinctia
973 252 1091 298 gente
1122 263 1251 299 neque
1283 249 1323 287 in
1342 249 1506 287 civitate
1525 250 1549 288 3

66 325 249 364 Romana
274 327 426 361 tantam
443 322 617 360 indolem
636 326 716 360 tam
734 325 900 360 maturae
917 322 1079 359 virtutis
1097 335 1271 372 unquam
1289 322 1507 368 exstitisse;

66 410 180 436 suum
218 395 391 446 primum
433 395 604 432 militem
636 394 769 439 fuisse,
808 407 849 431 se
888 406 991 444 saepe
1030 394 1191 432 vidente
1230 407 1429 445 pugnasse
1470 395 1509 431 in

65 470 234 508 hostem.
281 467 348 518 Sp.
366 467 525 513 Furius,
557 466 719 504 missum
751 466 801 503 ab
834 465 1024 513 Quinctio
1049 465 1281 516 Capitolino
1313 466 1392 504 sibi
1420 479 1506 504 eum
1525 467 1549 504 4

64 542 106 580 in
148 541 283 579 dubiis
322 541 404 578 suis
442 540 561 578 rebus
592 539 748 577 venisse
780 538 982 585 subsidi03
1030 539 1228 576 neminem
1259 552 1381 576 unum
1415 552 1510 585 esse,

64 615 176 652 cuius
208 613 333 662 magis
365 625 487 663 opera
517 615 632 662 putet
661 625 744 649 rem
762 611 1001 649 restitutam.
1050 611 1095 648 L.
1113 611 1339 658 Lucretius,
1371 611 1507 649 consul
1526 610 1549 648 5

65 686 161 725 anni
192 685 353 736 prioris,
384 684 536 722 recenti
561 684 692 734 gloria
717 684 860 730 nitens,
893 697 984 722 suas
1002 683 1142 721 laudes
1159 684 1403 734 participare
1421 697 1508 721 cum

66 758 240 804 Caesone,
283 771 500 796 memorare
531 770 699 807 pugnas,
739 757 888 794 referre
928 756 1089 805 egregia
1120 756 1300 794 facinora
1330 770 1436 793 nunc
1471 756 1510 793 in

63 830 396 882 expeditionibus,
445 843 549 867 nunc
592 829 634 866 in
674 829 779 875 acie3
824 828 990 866 suadere
1033 833 1071 866 et
1103 842 1276 878 monere,
1322 828 1546 866 iuvenemss

64 904 291 954 egregium,
344 903 581 940 instructum
638 906 792 939 naturae
838 901 1090 951 fortunaeque
1138 900 1323 939 omnibus
1369 901 1507 951 bonis,

64 976 279 1014 maximum
312 979 555 1013 momentum
587 988 720 1012 rerum
753 975 836 1012 eius
868 974 1056 1021 civitatis,
1089 974 1131 1010 in
1148 987 1428 1024 quamcunque
1445 987 1507 1010 ve-

62 1049 198 1094 nisset,
230 1061 342 1085 suum
376 1061 494 1097 quam
527 1047 701 1084 alienum
727 1047 893 1083 mallent
910 1046 1037 1084 civem
1056 1059 1153 1086 esse.
1201 1045 1318 1092 Quod
1336 1045 1508 1084 offendat
1527 1045 1549 1081 7

64 1120 105 1158 in
139 1133 194 1166 eo,
226 1121 421 1158 fervorem
454 1123 493 1158 et
524 1119 741 1166 audaciam,
775 1123 930 1156 aetatem
963 1118 1145 1169 quotidie
1177 1119 1305 1167 magis
1331 1119 1508 1163 auferre;

64 1192 172 1243 quod
190 1192 450 1239 desideretur,
476 1192 702 1241 consilium,
727 1191 767 1229 id
793 1191 832 1228 in
858 1191 943 1229 dies
961 1204 1151 1230 crescere.
1201 1190 1508 1228 Senescentibus

62 1265 188 1314 vitiis,
229 1268 521 1303 maturescente
552 1265 713 1311 virtute,
744 1265 921 1302 sinerent
951 1267 1107 1301 tantum
1139 1263 1268 1301 virum
1301 1276 1433 1300 senem
1466 1263 1508 1299 in

62 1337 227 1375 civitate
258 1337 359 1375 fieri.
418 1337 541 1374 Pater
574 1338 679 1374 inter
718 1337 790 1374 hos
822 1336 868 1373 L.
901 1336 1128 1384 Quinctius,
1169 1336 1233 1374 cui
1266 1334 1547 1373 Cincinnat08

64 1422 283 1460 cognomen
315 1413 412 1456 erat,
458 1423 536 1447 non
569 1408 753 1447 iterando
784 1408 934 1458 laudes,
967 1422 1016 1446 ne
1049 1408 1271 1446 cumularet
1302 1407 1506 1456 invidiam,

64 1482 133 1520 sed
164 1483 320 1520 veniam
353 1481 482 1520 errori
515 1484 635 1531 atque
668 1481 945 1519 adolescentiae
977 1480 1165 1531 petendo,
1196 1479 1286 1529 sibi,
1329 1479 1396 1530 qui
1430 1492 1507 1517 non

65 1554 184 1602 dicto,
218 1569 297 1593 non
328 1555 434 1593 facto
467 1567 704 1604 quemquam
731 1553 974 1603 offendisset,
1006 1557 1051 1591 ut
1077 1552 1351 1590 condonarent
1367 1552 1507 1599 filium,

63 1627 219 1666 orabat.
281 1626 362 1665 Sed
393 1626 464 1664 alii
488 1625 776 1664 aversabantur
802 1639 940 1676 preces
957 1629 1027 1662 aut
1043 1624 1286 1663 verecundia
1302 1630 1372 1662 aut
1387 1628 1505 1670 metu,
1523 1625 1546 1662 9

64 1700 148 1746 alii,
179 1713 219 1738 se
250 1712 421 1750 suosque
453 1699 648 1736 mulcatos
681 1702 906 1748 querentes,
939 1698 1065 1736 atroci
1096 1711 1285 1747 responso
1313 1697 1508 1735 iudicium

63 1784 178 1810 suum
209 1772 485 1822 praeferebant.
531 1771 749 1810 Premebat
779 1783 891 1808 reum
917 1773 1064 1820 praeter
1090 1770 1294 1819 vulgatam
1311 1769 1505 1807 invidiam

64 1845 214 1882 crimen
229 1857 364 1890 unum,
397 1843 505 1894 quod
522 1843 577 1881 M.
597 1843 783 1881 Volscius
801 1843 953 1890 Fictor,
984 1842 1054 1893 qui
1085 1846 1176 1880 ante
1202 1843 1361 1892 aliquot
1385 1855 1508 1879 annos

62 1917 247 1955 tribunus
278 1916 412 1967 plebis
443 1916 588 1963 fuerat,
630 1916 744 1953 testis
777 1916 1000 1963 exstiterat,
1033 1927 1074 1952 se
1105 1913 1214 1952 haud
1246 1914 1370 1952 multo
1404 1918 1504 1964 post,
1523 1915 1546 1950 2

64 2002 184 2039 quam
215 1988 448 2039 pestilentia
480 1989 520 2026 in
551 1987 650 2025 urbe
681 1988 824 2036 fuerat,
858 1988 897 2025 in
929 1987 1178 2025 iuventutem
1205 1989 1451 2035 grassantem
1468 1987 1508 2023 in

65 2061 224 2099 Subura
269 2061 468 2099 incidisse.
528 2059 595 2097 Ibi
640 2060 768 2097 rixam
814 2062 948 2097 natam
988 2072 1072 2096 esse
1112 2059 1356 2109 fratremque
1395 2071 1508 2096 suum

65 2134 254 2173 maiorem
285 2137 394 2172 natu.
427 2131 596 2170 necdum
627 2145 676 2169 ex
705 2132 844 2170 morbo
875 2131 972 2169 satis
1002 2131 1194 2178 validum,
1223 2145 1360 2182 pugno
1385 2132 1508 2169 ictum

64 2205 113 2243 ab
131 2205 295 2244 Caesone
311 2204 520 2251 cecidisse3
547 2204 820 2242 semianimem
846 2205 951 2242 inter
976 2216 1115 2241 manus
1141 2203 1300 2241 domum
1318 2203 1507 2250 ablatum,
1524 2204 1547 2241 3

64 2281 346 2328 mortuumque
378 2277 470 2315 inde
501 2276 703 2323 arbitrari,
735 2290 807 2315 nec
839 2275 919 2315 sibi
942 2289 1025 2313 rem
1053 2276 1218 2326 exsequi
1234 2279 1314 2314 tam
1333 2279 1507 2313 atrocem

63 2362 135 2400 per
165 2350 347 2388 consules
378 2349 629 2400 superiorum
661 2362 855 2386 annorum
887 2348 1062 2387 licuisse.
1112 2348 1211 2386 Haec
1238 2347 1404 2386 Volscio
1430 2347 1506 2384 cla·

65 2422 233 2460 mitante
265 2422 365 2460 adeo
396 2421 588 2459 concitati
618 2421 801 2459 homines
832 2425 936 2468 sunt,
966 2425 1012 2458 ut
1036 2420 1142 2458 haud
1166 2420 1334 2458 multum
1352 2419 1508 2464 afuerit,

66 2494 163 2543 quin
202 2493 355 2544 impetu
393 2493 534 2544 populi
565 2492 676 2531 Caeso
716 2493 910 2530 interiret.
971 2491 1193 2542 Verginius
1231 2492 1355 2542 arripi
1395 2491 1548 2528 iubet4

67 2565 267 2604 hominem
299 2569 340 2603 et
369 2565 412 2603 in
442 2565 604 2603 vincula
635 2564 742 2603 duci.
788 2564 960 2603 Patricii
977 2565 1017 2603 vi
1040 2568 1179 2602 contra
1195 2565 1278 2602 vim
1302 2563 1506 2602 resistunt.

66 2635 111 2674 Τ.
129 2636 346 2684 Quinctius
377 2637 570 2685 clamitat,
601 2637 666 2675 cui
697 2637 756 2675 rei
787 2637 975 2688 capitalis
1006 2637 1089 2674 dies
1113 2636 1222 2673 dicta
1238 2635 1290 2672 sit
1307 2638 1346 2672 et
1363 2634 1412 2672 de
1428 2648 1507 2685 quo

64 2707 244 2746 futurum
274 2709 509 2759 propediem
541 2709 750 2756 iudicium,
781 2723 868 2747 eum
901 2709 1174 2747 indemnatum
1206 2706 1359 2745 indicta
1390 2720 1509 2745 causa

1586 1765 1636 1813 13
