1821 2928
385 184 462 220 136
774 194 863 220 Liber
880 195 966 219 vm.
1003 194 1050 222 (Α.
1070 203 1098 220 u.
1117 203 1142 221 e.
1161 197 1318 226 πει-432)

325 308 462 354 aciem,
496 305 557 346 ita
575 308 662 346 loco
680 322 724 345 ac
748 308 952 355 subsidiis,
984 309 1041 346 ita
1064 310 1170 346 omni
1187 313 1272 347 arte
1288 310 1436 347 bellica
1452 308 1644 358 firmavit3
1676 324 1754 349 ces-

326 380 450 411 satum
484 389 507 412 a
536 375 663 413 milite
695 390 740 414 ac
771 376 820 414 de
852 377 1064 424 industria,
1094 382 1138 415 ut
1169 378 1460 416 obtrectaretur
1478 378 1668 416 laudibus
1685 379 1754 417 du-

325 443 394 489 cis,
426 443 620 493 impedita
642 445 812 482 victoria
842 450 911 482 est.
970 446 1113 484 Plures
1137 441 1376 484 Samnitium
1401 446 1593 494 cecidere,
1622 447 1756 497 plures

288 510 309 546 5
327 510 500 549 Romani
531 513 731 550 vulnerati
761 517 863 551 suut.
923 511 1059 550 Sensit
1085 513 1236 563 peritus
1263 515 1355 562 dux,
1386 527 1473 564 quae
1496 529 1559 553 res
1574 514 1756 552 victoriae

326 580 520 617 obstaret:
564 581 866 630 temperandum
906 582 1109 631 ingenium
1150 596 1262 619 suum
1303 596 1384 620 esse
1425 587 1465 620 et
1504 582 1757 620 severitatem

287 647 309 683 (ὃ
328 648 571 686 miscendam
617 649 813 688 comitate.
888 650 1032 700 Itaque
1077 650 1273 688 adhibitis
1313 651 1456 700 legatis
1489 651 1576 700 ipse
1608 650 1757 687 circum

328 715 484 753 saucios
515 716 664 754 milites
696 718 873 755 inserens
906 718 947 755 in
978 719 1153 757 tentoria
1177 722 1296 769 caput
1314 719 1584 768 singulosque,
1614 720 1660 754 ut
1675 730 1758 755 sese

329 783 534 831 haberent,
560 785 754 833 rogitans,
787 799 920 822 curam
937 799 1073 823 eorum
1090 786 1328 824 nominatim
1345 787 1490 835 legatis
1505 785 1759 834 tribunisque

291 851 311 885 7
330 855 368 888 et
398 853 595 901 praefectis
627 853 905 892 demandabat.
964 855 1065 891 Rem
1095 868 1166 904 per
1197 869 1236 892 se
1261 855 1494 905 popularem
1517 854 1573 892 ita
1597 854 1760 891 dextere

329 919 420 967 egit,
452 924 497 957 ut
526 920 730 958 medendis
762 923 996 972 corporibus
1019 923 1141 959 animi
1164 923 1289 961 multo
1311 923 1423 973 prius
1446 922 1620 959 militum
1636 922 1759 971 impe-

328 988 456 1025 ratori
489 989 861 1037 reconciliarentur,
892 1004 963 1028 nec
994 991 1208 1041 quicquam
1239 992 1290 1028 ad
1322 991 1598 1028 salubritatem
1629 989 1760 1027 effica-

330 1055 413 1092 cius
444 1056 575 1102 fuerit,
621 1071 739 1106 quam
770 1058 877 1108 quod
922 1063 1036 1107 grato
1077 1060 1211 1097 animo
1258 1073 1304 1097 ea
1350 1072 1445 1096 cura
1490 1060 1653 1108 accepta
1690 1060 1759 1094 est.

291 1123 498 1162 &Refecto
540 1126 718 1162 exercitu
755 1140 841 1163 cum
882 1127 995 1165 hoste
1033 1141 1266 1177 congressus
1298 1127 1404 1165 haud
1437 1125 1561 1164 dubia
1591 1139 1660 1176 spe
1691 1138 1762 1162 sua

330 1191 592 1242 militumque,
624 1194 680 1231 ita
710 1195 817 1232 fudit
847 1196 1079 1246 fugavitque
1097 1194 1306 1242 Samnites,
1337 1198 1382 1232 ut
1413 1195 1482 1232 ille
1511 1194 1677 1232 ultimus
1702 1193 1760 1230 eis

292 1259 314 1295 9
333 1259 418 1297 dies
450 1261 679 1299 conferendi
712 1263 827 1312 signa
858 1277 945 1300 cum
977 1264 1173 1302 dictatore
1212 1263 1343 1302 fuerit.
1404 1263 1575 1300 Incessit
1605 1260 1761 1307 deinde,

331 1341 408 1376 qua
434 1328 550 1366 duxit
575 1331 720 1379 praedae
738 1345 837 1381 spes,
868 1333 999 1370 victor
1016 1333 1213 1370 exercitus
1231 1331 1568 1381 perlustravitque
1584 1329 1760 1367 hostium

332 1409 459 1443 agros,
490 1398 601 1435 nulla
632 1413 759 1446 arma,
797 1401 947 1437 nullam
984 1401 1065 1438 vim
1097 1414 1168 1437 nec
1208 1403 1386 1449 apertam
1423 1412 1495 1436 nec
1525 1412 1572 1436 ex
1602 1396 1761 1435 insidiis

266 1463 315 1499 1¹]
333 1470 533 1513 expertus.
592 1467 787 1505 Addebat
808 1469 1067 1515 alacritatem,
1099 1468 1205 1518 quod
1223 1467 1398 1505 dictator
1414 1467 1590 1517 praedam
1607 1477 1761 1503 omnem

332 1531 513 1570 edixerat
553 1535 771 1582 militibus3
817 1550 888 1574 nec
929 1537 989 1574 ira
1030 1537 1156 1585 magis
1197 1537 1361 1586 publica
1401 1549 1521 1586 quam
1560 1533 1761 1584 privatum

265 1599 310 1634 ll
333 1602 612 1649 compendium
644 1603 684 1639 in
715 1603 866 1641 hostem
899 1605 1079 1642 acuebat.
1139 1605 1218 1642 His
1249 1604 1432 1642 cladibus
1463 1601 1619 1640 subacti
1651 1599 1760 1638 Sam-

331 1667 434 1704 nites
466 1682 602 1717 pacem
635 1684 657 1707 a
689 1671 885 1709 dictatore
916 1673 1086 1722 petiere,
1133 1685 1219 1709 cum
1253 1685 1330 1721 quo
1362 1672 1488 1721 pacti,
1527 1673 1573 1707 ut
1603 1667 1762 1717 singula

267 1735 314 1770 12
332 1735 570 1774 vestimenta
601 1738 797 1776 militibus
829 1744 867 1776 et
898 1754 1071 1777 annuum
1095 1740 1335 1790 stipendium
1368 1740 1520 1786 darent,
1551 1738 1676 1787 quum'
1703 1735 1761 1772 ire

331 1802 381 1839 ad
421 1808 601 1842 senatum
644 1806 740 1843 iussi
783 1812 931 1854 essent,
977 1812 1181 1845 secuturos
1213 1822 1253 1845 se
1285 1808 1519 1845 dictatorem
1548 1804 1760 1855 responde-

332 1875 436 1918 runt,
467 1873 584 1910 unius
616 1874 698 1911 eius
729 1875 823 1912 fidei
855 1876 1078 1926 virtutique
1109 1889 1267 1913 causam
1299 1888 1408 1912 suam
1429 1873 1762 1912 commendantes.

200 1933 255 1979 37
336 1938 402 1976 Ita
433 1940 626 1978 deductus
658 1956 704 1979 ex
737 1942 986 1981 Samnitibus
1018 1944 1225 1981 exereitus.
1297 1943 1484 1981 Dictator
1513 1940 1764 1991 triumphans

127 1993 237 2051 ἓξυζ-ξζ
254 1995 312 2051 {ssffl'
334 2007 472 2044 urbem
489 2013 546 2046 est
564 2010 783 2059 ingressus3
815 2014 854 2048 et
879 2026 999 2061 quum
1016 2026 1056 2049 se
1075 2012 1276 2049 dictatura
1292 2011 1481 2049 abdicare
1495 2011 1627 2057 vellet,
1654 2009 1761 2045 iussu

333 2078 504 2123 patrum,
535 2078 768 2127 priusquam
799 2079 1026 2127 abdicaret,
1072 2079 1251 2117 consules
1283 2079 1435 2116 creavit
1465 2079 1507 2116 C.
1538 2077 1763 2128 Sulpicium

292 2141 315 2177 2
334 2142 518 2192 Longum
544 2145 698 2193 iterum,
730 2147 1004 2195 Q.AEmilium
1021 2146 1290 2185 Cerretanum.
1302 2149 1332 2197 1)
1373 2146 1585 2193 Samnites,
1615 2144 1763 2182 infecta

333 2224 441 2260 pace,
473 2213 567 2261 quia
600 2214 647 2250 de
679 2215 985 2253 condicionibus
1017 2215 1306 2264 ambigebatur,
1336 2214 1515 2252 indutias
1538 2225 1690 2252 annuas
1712 2212 1761 2249 ab

334 2279 432 2316 urbe
463 2282 721 2328 rettulerunt,
753 2297 824 2320 nec
855 2296 989 2320 earum
1020 2284 1196 2333 ipsarum
1228 2285 1364 2320 sancta
1393 2282 1490 2320 fides
1521 2281 1619 2327 fuit;
1649 2280 1762 2325 adeo,

334 2352 543 2397 postquam
575 2350 786 2399 Papirium
819 2351 949 2388 abisse
979 2351 1215 2399 magistratu
1246 2350 1475 2387 nuntiatum
1507 2352 1576 2396 est,
1615 2346 1760 2386 arrecti

335 2416 385 2452 ad
416 2416 648 2454 bellandum
679 2418 803 2455 animi
835 2423 936 2455 sunt.

295 2484 318 2519 3
450 2484 491 2521 C.
509 2484 703 2535 Sulpicio,
735 2485 966 2532 Q.‘AE1nilio
990 2486 1177 2534 (Aulium
1209 2486 1373 2535 quidam
1404 2485 1566 2523 annales
1595 2483 1760 2532 habent)

374 2583 398 2630 ¹)
424 2585 468 2618 In
495 2585 599 2619 fastis
625 2584 842 2629 vulgaribus
868 2583 909 2617 L.
936 2583 1080 2628 Papirii
1107 2584 1302 2618 dictaturae
1328 2586 1467 2627 praeter
1499 2593 1650 2623 anuum,
1686 2591 1760 2624 quo

428 2631 548 2665 dictus
574 2633 639 2673 est,
666 2630 880 2674 assignatur
905 2629 1052 2673 integer
1077 2641 1212 2672 annus,
1247 2640 1277 2663 a.
1303 2640 1337 2662 u.
1365 2639 1392 2662 c.
1418 2629 1501 2670 430,
1536 2639 1565 2660 a.
1593 2625 1657 2660 Ch.
1682 2627 1760 2660 324.
