1821 2928
100 1021 157 1069 34

243 113 294 150 36
875 109 991 144 Liber
1015 110 1045 145 Ι.

198 238 279 274 7in
310 236 450 274 Tiberi
497 236 613 282 facto,
658 236 847 285 coniungi
893 237 983 274 urbi
1029 237 1194 287 placuit.
1256 236 1474 283 Quiritium
1514 251 1671 289 quoque

239 310 355 357 fossa,
401 307 508 345 haud
553 319 719 356 parvum
757 308 1043 346 munimentum
1076 322 1098 346 a
1129 309 1381 358 planioribus
1412 309 1526 347 aditu
1557 310 1669 361 locis,

199 381 224 417 8
243 379 350 417 Anci
382 379 489 427 regis
521 391 620 428 opus
653 383 721 416 est.
769 379 934 428 Ingenti
966 382 1210 418 incremento
1242 381 1360 418 rebus
1377 382 1516 430 auctis,
1549 395 1670 432 quum

240 452 277 489 in
311 455 423 489 tanta
453 449 714 487 multitudine
745 450 960 497 hominum,
994 451 1225 488 discrimine
1256 455 1363 489 recte
1394 466 1443 489 an
1460 466 1670 503 perperam

237 522 333 560 facti
365 521 540 567 confuso,
572 521 750 560 facinora
782 522 1029 560 clandestina
1060 522 1212 571 fierent,
1247 536 1381 560 carcer
1411 524 1462 561 ad
1478 527 1670 563 terrorem

238 594 498 631 increscentis
545 593 719 631 audaciae
762 595 895 631 media
925 594 1036 633 urbe.
1084 594 1293 632 imminens
1323 595 1410 632 foro
1441 595 1670 634 aedificatur.

197 667 219 702 9
238 664 320 703 Nec
365 666 461 703 urbs
505 668 660 702 tantum
693 665 765 702 hoc
797 679 891 714 rege
923 666 1059 713 crevit.
1108 666 1174 703 sed
1207 666 1328 703 etiam
1359 679 1454 715 ager
1483 666 1670 718 finesque.

238 736 351 775 Silva
383 736 512 774 Mesia
545 735 786 774 Veientibus
820 737 1017 786 adempta,
1063 750 1186 786 usque
1233 737 1284 774 ad
1322 751 1429 776 mare
1460 738 1669 788 imperium

237 809 439 859 prolatum
470 812 509 846 et
541 809 581 846 in
613 822 680 846 ore
711 808 872 846 Tiberis
905 807 1020 846 Ostia
1051 808 1147 845 urbs
1180 809 1358 855 condita;
1393 810 1531 847 salinae
1562 811 1670 849 circa

236 881 365 930 factae,
399 880 638 929 egregieque
663 881 782 917 rebus
800 880 906 917 bello
924 880 1047 928 gestis
1065 879 1167 917 aedes
1185 879 1292 918 Iovis
1309 880 1486 919 Feretrii
1503 882 1668 932 amplifi-

237 957 336 991 cata.

356 1024 470 1061 Anco
502 1026 695 1071 regnante
727 1022 918 1069 Lucumo,
957 1023 1019 1059 vir
1052 1023 1219 1072 impiger
1251 1037 1295 1060 ac
1327 1023 1482 1062 divitiis
1511 1028 1667 1074 potens,

236 1096 405 1133 Romam
435 1094 708 1142 commigravit
740 1094 926 1143 cupidine
957 1094 1126 1131 maxime
1158 1108 1201 1132 ac
1234 1108 1303 1144 spe
1335 1096 1469 1144 magni
1492 1096 1667 1146 honoris,

237 1168 350 1204 cuius
382 1164 880 1216 adipiscendiTarquiniis
913 1165 1019 1215 (nam
1053 1165 1110 1203 ibi
1141 1178 1298 1214 quoque
1316 1167 1528 1216 peregrina
1545 1167 1668 1218 stirpe

196 1240 219 1276 2
239 1238 429 1277 oriundus
463 1239 564 1285 erat)
596 1237 764 1274 facultas
796 1250 873 1273 non
904 1237 1045 1274 fuerat.
1092 1237 1301 1274 Demarati
1329 1237 1530 1275 Corinthii
1561 1238 1668 1277 filius

237 1314 334 1359 erat,
368 1310 437 1360 qui
470 1309 518 1346 ob
551 1308 767 1346 seditiones
798 1307 913 1344 domo
946 1300 1137 1357 profugus
1169 1321 1288 1357 quum
1306 1308 1536 1359 Tarquiniis
1566 1311 1669 1349 fort-e

237 1381 491 1427 consedisset,
523 1393 646 1418 uxore
679 1380 735 1416 ibi
767 1380 899 1426 ducta,
932 1379 1031 1416 duos
1061 1379 1166 1417 filios
1197 1381 1345 1429 genuit.
1406 1380 1578 1419 Nomina
1608 1382 1669 1420 his

235 1454 416 1491 Lucumo
448 1456 567 1501 atque
585 1452 745 1489 Arruns
780 1451 952 1489 fuerunt.
983 1450 1177 1488 *Lucumo
1209 1452 1407 1500 superfuit
1423 1453 1529 1502 patri
1545 1453 1671 1492 bono-

235 1538 324 1563 rum
356 1524 531 1561 omnium
565 1524 699 1569 heres3
733 1523 892 1560 Arruns
916 1523 1028 1572 prior
1052 1536 1170 1571 quam
1197 1526 1311 1571 pater
1334 1524 1515 1573 moritur,
1547 1537 1669 1562 uxore

194 1596 404 1645 3gravida
449 1595 603 1632 relicta.
664 1594 748 1632 Nec
795 1593 864 1630 diu
910 1597 1044 1631 manet
1075 1597 1275 1643 superstes
1307 1593 1391 1632 filio
1421 1599 1554 1645 pater3
1600 1597 1670 1646 qui

238 1681 371 1719 quum,
416 1667 604 1716 ignorans
637 1679 778 1703 nurum
810 1668 988 1703 ventrem
1019 1666 1135 1711 ferre,
1176 1665 1380 1703 immemor
1411 1666 1452 1703 in
1483 1667 1669 1706 testando

236 1739 392 1789 nepotis
424 1738 669 1786 decessisset,
702 1750 825 1787 puero
857 1739 947 1786 post
978 1736 1041 1773 avi
1073 1740 1236 1774 mortem
1269 1737 1309 1774 in
1341 1737 1493 1775 nullam
1524 1742 1668 1776 sortem

195 1811 432 1849 4bon0rum
477 1813 570 1847 nato
603 1810 652 1846 ab
685 1808 819 1857 inopia
850 1807 997 1856 Egerio
1030 1808 1201 1845 inditum
1232 1821 1386 1846 nomen.
1447 1808 1670 1848 Lucumoni

237 1886 387 1931 contra,
420 1881 593 1919 omnium
625 1879 761 1917 heredi
778 1879 985 1928 bonorum,
1018 1892 1138 1929 quum
1166 1880 1321 1918 divitiae
1347 1880 1427 1917 iam
1444 1881 1595 1919 animos
1611 1881 1667 1919 fa-

237 1957 381 1999 cerent,
427 1952 542 1990 auxit
586 1951 706 1988 ducta
744 1951 784 1988 in
815 1951 1108 1988 matrimonium
1139 1951 1352 2000 Tanaquil,
1398 1964 1550 1990 summo
1582 1953 1668 1991 loco

237 2028 332 2062 nata
364 2028 403 2061 et
435 2036 522 2073 quae
555 2022 661 2060 haud
692 2023 808 2059 facile
839 2023 900 2068 iis,
932 2023 974 2059 in
1006 2023 1150 2072 quibus
1182 2025 1276 2060 nata
1308 2026 1405 2071 erat,
1453 2023 1669 2062 humiliora

196 2096 219 2134 5
236 2097 385 2134 sineret
402 2109 457 2140 ea,
485 2108 562 2144 quo
588 2095 841 2144 innupsisset.
889 2092 1181 2143 Spernentibus
1199 2093 1380 2131 Etruscis
1398 2093 1668 2133 Lucumonem

237 2167 370 2206 exsule
402 2167 556 2205 advena
581 2170 723 2214 ortum,
757 2166 860 2202 ferre
884 2165 1166 2214 indignitatem
1193 2179 1271 2202 non
1288 2165 1430 2215 potuit,
1464 2165 1669 2216 oblitaque

238 2239 428 2287 ingenitae
461 2250 555 2285 erga
584 2237 756 2287 patriam
789 2236 982 2283 caritatis,
1028 2236 1239 2274 dummodo
1270 2238 1399 2274 virum
1431 2237 1668 2275 honoratum

195 2311 218 2349 6
237 2310 403 2355 videret,
450 2309 659 2346 consilium
699 2308 898 2357 migrandi
929 2308 977 2345 ab
1010 2307 1240 2357 Tarquiniis
1272 2308 1388 2357 cepit.
1449 2307 1578 2345 Roma
1609 2311 1670 2345 est

238 2381 288 2419 ad
319 2381 360 2418 id
391 2380 600 2430 potissima
640 2380 741 2417 visa:
790 2380 830 2416 in
862 2392 962 2417 novo
995 2380 1154 2429 populo,
1201 2379 1273 2416 ubi
1304 2378 1429 2416 omnis
1459 2379 1669 2428 repentina

239 2457 358 2502 atque
390 2465 436 2492 ex
466 2451 615 2488 virtute
646 2450 839 2487 nobilitas
870 2451 937 2498 sit,
969 2451 1147 2487 futurum
1178 2450 1308 2488 locum
1333 2450 1430 2487 forti
1445 2463 1490 2487 ac
1507 2452 1667 2488 strenuo

236 2524 344 2569 vir0;
369 2535 555 2572 regnasse
573 2521 733 2558 Tatium
751 2520 956 2568 Sabinum,
980 2521 1214 2559 arcessitum
1242 2521 1283 2558 in
1309 2534 1474 2570 regnum
1497 2521 1668 2559 Numam

239 2609 261 2632 a
293 2594 477 2640 Curibus,
522 2596 561 2630 et
591 2592 748 2629 Ancum
781 2590 932 2629 Sabina
978 2594 1103 2629 matre
1142 2595 1272 2630 ortum
1302 2591 1556 2641 nobilemque
1586 2605 1668 2630 una

198 2666 414 2715 7imagine
445 2665 584 2704 Numae
616 2677 711 2702 esse.
773 2663 907 2701 Facile
952 2661 1166 2711 persuadet
1209 2665 1255 2700 ut
1295 2662 1442 2712 cupido
1473 2661 1668 2700 honorum
