<?xml version="1.0" encoding="UTF-8"?>
<!DOCTYPE html PUBLIC "-//W3C//DTD XHTML 1.0 Transitional//EN"
    "http://www.w3.org/TR/xhtml1/DTD/xhtml1-transitional.dtd">
<html xmlns="http://www.w3.org/1999/xhtml" xml:lang="en" lang="en">
 <head>
  <title>
</title>
<meta http-equiv="Content-Type" content="text/html;charset=utf-8" />
  <meta name='ocr-system' content='tesseract 3.04.00' />
  <meta name='ocr-capabilities' content='ocr_page ocr_carea ocr_par ocr_line ocrx_word'/>
</head>
<body>
  <div class='ocr_page' id='page_1' title='image "./historiarumroman01livyuoft_0060.png"; bbox 0 0 1821 2928; ppageno 0'>
   <div class='ocr_carea' id='block_1_1' title="bbox 259 119 1060 161">
    <p class='ocr_par' dir='ltr' id='par_1_1' title="bbox 259 119 1060 161">
     <span class='ocr_line' id='line_1_1' title="bbox 259 119 1060 161; baseline -0.01 0"><span class='ocrx_word' id='word_1_1' title='bbox 259 125 310 161; x_wconf 85' lang='lat'><strong>34</strong></span> <span class='ocrx_word' id='word_1_2' title='bbox 892 119 1005 154; x_wconf 83' lang='lat' dir='ltr'><strong>Liber</strong></span> <span class='ocrx_word' id='word_1_3' title='bbox 1030 119 1060 154; x_wconf 87' lang='lat'><strong>1.</strong></span> 
     </span>
    </p>
   </div>
   <div class='ocr_carea' id='block_1_2' title="bbox 189 247 1692 2718">
    <p class='ocr_par' dir='ltr' id='par_1_2' title="bbox 189 247 1692 2718">
     <span class='ocr_line' id='line_1_2' title="bbox 258 247 1687 296; baseline 0.001 -11"><span class='ocrx_word' id='word_1_4' title='bbox 258 260 430 286; x_wconf 89' lang='lat' dir='ltr'><strong>memor:</strong></span> <span class='ocrx_word' id='word_1_5' title='bbox 478 251 515 284; x_wconf 88' lang='lat' dir='ltr'><strong>et</strong></span> <span class='ocrx_word' id='word_1_6' title='bbox 562 250 829 296; x_wconf 74' lang='lat' dir='ltr'>praeterquam</span> <span class='ocrx_word' id='word_1_7' title='bbox 875 247 983 296; x_wconf 91' lang='lat' dir='ltr'><strong>quod</strong></span> <span class='ocrx_word' id='word_1_8' title='bbox 1014 247 1077 284; x_wconf 87' lang='lat' dir='ltr'><strong>avi</strong></span> <span class='ocrx_word' id='word_1_9' title='bbox 1110 260 1232 295; x_wconf 86' lang='lat' dir='ltr'><strong>regno</strong></span> <span class='ocrx_word' id='word_1_10' title='bbox 1266 247 1391 296; x_wconf 87' lang='lat' dir='ltr'><strong>magis</strong></span> <span class='ocrx_word' id='word_1_11' title='bbox 1423 249 1687 287; x_wconf 84' lang='lat' dir='ltr'><strong>necessariam</strong></span> 
     </span>
     <span class='ocr_line' id='line_1_3' title="bbox 257 317 1687 369; baseline 0.001 -13"><span class='ocrx_word' id='word_1_12' title='bbox 257 320 377 356; x_wconf 81' lang='lat' dir='ltr'><strong>fuisse</strong></span> <span class='ocrx_word' id='word_1_13' title='bbox 408 331 544 368; x_wconf 84' lang='lat' dir='ltr'>pacem</span> <span class='ocrx_word' id='word_1_14' title='bbox 570 317 758 355; x_wconf 90' lang='lat' dir='ltr'><strong>credebat</strong></span> <span class='ocrx_word' id='word_1_15' title='bbox 775 331 894 367; x_wconf 89' lang='lat' dir='ltr'><strong>quum</strong></span> <span class='ocrx_word' id='word_1_16' title='bbox 913 319 951 355; x_wconf 90' lang='lat' dir='ltr'><strong>in</strong></span> <span class='ocrx_word' id='word_1_17' title='bbox 968 331 1082 367; x_wconf 80' lang='lat' dir='ltr'><strong>novo,</strong></span> <span class='ocrx_word' id='word_1_18' title='bbox 1115 322 1199 355; x_wconf 86' lang='lat' dir='ltr'><strong>tum</strong></span> <span class='ocrx_word' id='word_1_19' title='bbox 1217 318 1339 355; x_wconf 87' lang='lat' dir='ltr'><strong>feroci</strong></span> <span class='ocrx_word' id='word_1_20' title='bbox 1358 319 1520 369; x_wconf 88' lang='lat' dir='ltr'><strong>populo,</strong></span> <span class='ocrx_word' id='word_1_21' title='bbox 1553 319 1687 367; x_wconf 79' lang='lat' dir='ltr'><strong>etiam,</strong></span> 
     </span>
     <span class='ocr_line' id='line_1_4' title="bbox 258 389 1687 439; baseline 0.001 -12"><span class='ocrx_word' id='word_1_22' title='bbox 258 391 364 439; x_wconf 87' lang='lat' dir='ltr'><strong>quod</strong></span> <span class='ocrx_word' id='word_1_23' title='bbox 398 390 459 426; x_wconf 89' lang='lat' dir='ltr'><strong>illi</strong></span> <span class='ocrx_word' id='word_1_24' title='bbox 492 389 725 438; x_wconf 77' lang='lat' dir='ltr'>contigisset</span> <span class='ocrx_word' id='word_1_25' title='bbox 756 389 880 426; x_wconf 89' lang='lat' dir='ltr'><strong>otium</strong></span> <span class='ocrx_word' id='word_1_26' title='bbox 912 389 998 426; x_wconf 88' lang='lat' dir='ltr'><strong>sine</strong></span> <span class='ocrx_word' id='word_1_27' title='bbox 1030 389 1191 436; x_wconf 87' lang='lat' dir='ltr'><strong>iniuria,</strong></span> <span class='ocrx_word' id='word_1_28' title='bbox 1225 389 1266 426; x_wconf 94' lang='lat' dir='ltr'><strong>id</strong></span> <span class='ocrx_word' id='word_1_29' title='bbox 1297 402 1337 427; x_wconf 91' lang='lat' dir='ltr'><strong>se</strong></span> <span class='ocrx_word' id='word_1_30' title='bbox 1361 389 1468 427; x_wconf 86' lang='lat' dir='ltr'><strong>haud</strong></span> <span class='ocrx_word' id='word_1_31' title='bbox 1484 390 1603 428; x_wconf 84' lang='lat' dir='ltr'><strong>facile</strong></span> <span class='ocrx_word' id='word_1_32' title='bbox 1618 391 1687 429; x_wconf 87' lang='lat' dir='ltr'><strong>ha-</strong></span> 
     </span>
     <span class='ocr_line' id='line_1_5' title="bbox 257 460 1687 512; baseline 0.001 -14"><span class='ocrx_word' id='word_1_33' title='bbox 257 461 451 507; x_wconf 74' lang='lat' dir='ltr'><strong>biturum3</strong></span> <span class='ocrx_word' id='word_1_34' title='bbox 485 461 633 498; x_wconf 88' lang='lat' dir='ltr'><strong>tentari</strong></span> <span class='ocrx_word' id='word_1_35' title='bbox 663 460 899 510; x_wconf 86' lang='lat' dir='ltr'><strong>patientiam</strong></span> <span class='ocrx_word' id='word_1_36' title='bbox 917 464 956 498; x_wconf 89' lang='lat' dir='ltr'><strong>et</strong></span> <span class='ocrx_word' id='word_1_37' title='bbox 972 463 1164 498; x_wconf 86' lang='lat' dir='ltr'><strong>tentatam</strong></span> <span class='ocrx_word' id='word_1_38' title='bbox 1184 462 1394 506; x_wconf 84' lang='lat' dir='ltr'><strong>contemni,</strong></span> <span class='ocrx_word' id='word_1_39' title='bbox 1426 464 1687 512; x_wconf 78' lang='lat' dir='ltr'><strong>temporaque</strong></span> 
     </span>
     <span class='ocr_line' id='line_1_6' title="bbox 213 531 1688 582; baseline 0.001 -13"><span class='ocrx_word' id='word_1_40' title='bbox 213 531 236 569; x_wconf 88' lang='lat'>5</span> <span class='ocrx_word' id='word_1_41' title='bbox 256 545 337 570; x_wconf 88' lang='lat' dir='ltr'><strong>esse</strong></span> <span class='ocrx_word' id='word_1_42' title='bbox 371 531 489 570; x_wconf 83' lang='lat' dir='ltr'><strong>Tullo</strong></span> <span class='ocrx_word' id='word_1_43' title='bbox 535 533 620 582; x_wconf 88' lang='lat' dir='ltr'><strong>regi</strong></span> <span class='ocrx_word' id='word_1_44' title='bbox 667 531 825 582; x_wconf 83' lang='lat' dir='ltr'><strong>aptiora</strong></span> <span class='ocrx_word' id='word_1_45' title='bbox 856 545 973 581; x_wconf 87' lang='lat' dir='ltr'><strong>quam</strong></span> <span class='ocrx_word' id='word_1_46' title='bbox 1006 532 1157 571; x_wconf 86' lang='lat' dir='ltr'><strong>Numae.</strong></span> <span class='ocrx_word' id='word_1_47' title='bbox 1220 531 1277 570; x_wconf 91' lang='lat' dir='ltr'><strong>Ut</strong></span> <span class='ocrx_word' id='word_1_48' title='bbox 1307 535 1452 582; x_wconf 88' lang='lat' dir='ltr'><strong>tamen,</strong></span> <span class='ocrx_word' id='word_1_49' title='bbox 1499 532 1688 581; x_wconf 79' lang='lat' dir='ltr'><strong>quoniam</strong></span> 
     </span>
     <span class='ocr_line' id='line_1_7' title="bbox 256 603 1688 654; baseline -0.001 -12"><span class='ocrx_word' id='word_1_50' title='bbox 256 604 386 643; x_wconf 85' lang='lat' dir='ltr'><strong>Numa</strong></span> <span class='ocrx_word' id='word_1_51' title='bbox 417 604 459 641; x_wconf 91' lang='lat' dir='ltr'><strong>in</strong></span> <span class='ocrx_word' id='word_1_52' title='bbox 490 616 588 654; x_wconf 86' lang='lat' dir='ltr'><strong>pace</strong></span> <span class='ocrx_word' id='word_1_53' title='bbox 620 603 837 653; x_wconf 85' lang='lat' dir='ltr'><strong>religiones</strong></span> <span class='ocrx_word' id='word_1_54' title='bbox 870 603 1121 650; x_wconf 84' lang='lat' dir='ltr'><strong>instituisset,</strong></span> <span class='ocrx_word' id='word_1_55' title='bbox 1152 617 1174 641; x_wconf 93' lang='lat' dir='ltr'><strong>a</strong></span> <span class='ocrx_word' id='word_1_56' title='bbox 1206 617 1246 641; x_wconf 90' lang='lat' dir='ltr'><strong>se</strong></span> <span class='ocrx_word' id='word_1_57' title='bbox 1272 603 1428 641; x_wconf 86' lang='lat' dir='ltr'><strong>bellicae</strong></span> <span class='ocrx_word' id='word_1_58' title='bbox 1446 603 1688 642; x_wconf 80' lang='lat' dir='ltr'><strong>caerimoniae</strong></span> 
     </span>
     <span class='ocr_line' id='line_1_8' title="bbox 256 674 1688 726; baseline -0.001 -13"><span class='ocrx_word' id='word_1_59' title='bbox 256 675 535 726; x_wconf 84' lang='lat' dir='ltr'><strong>proderentur,</strong></span> <span class='ocrx_word' id='word_1_60' title='bbox 568 688 640 712; x_wconf 89' lang='lat' dir='ltr'><strong>nec</strong></span> <span class='ocrx_word' id='word_1_61' title='bbox 658 678 892 724; x_wconf 88' lang='lat' dir='ltr'><strong>gererentur</strong></span> <span class='ocrx_word' id='word_1_62' title='bbox 910 675 1049 722; x_wconf 90' lang='lat' dir='ltr'><strong>solum,</strong></span> <span class='ocrx_word' id='word_1_63' title='bbox 1069 674 1136 712; x_wconf 89' lang='lat' dir='ltr'><strong>sed</strong></span> <span class='ocrx_word' id='word_1_64' title='bbox 1155 676 1274 712; x_wconf 89' lang='lat' dir='ltr'><strong>etiam</strong></span> <span class='ocrx_word' id='word_1_65' title='bbox 1291 675 1564 712; x_wconf 83' lang='lat' dir='ltr'><strong>indicerentur</strong></span> <span class='ocrx_word' id='word_1_66' title='bbox 1581 674 1688 713; x_wconf 83' lang='lat' dir='ltr'><strong>bella</strong></span> 
     </span>
     <span class='ocr_line' id='line_1_9' title="bbox 257 745 1689 797; baseline 0 -13"><span class='ocrx_word' id='word_1_67' title='bbox 257 747 388 797; x_wconf 87' lang='lat' dir='ltr'><strong>aliquo</strong></span> <span class='ocrx_word' id='word_1_68' title='bbox 420 747 513 793; x_wconf 87' lang='lat' dir='ltr'><strong>ritu,</strong></span> <span class='ocrx_word' id='word_1_69' title='bbox 546 747 606 784; x_wconf 92' lang='lat' dir='ltr'><strong>ius</strong></span> <span class='ocrx_word' id='word_1_70' title='bbox 638 746 688 784; x_wconf 92' lang='lat' dir='ltr'><strong>ab</strong></span> <span class='ocrx_word' id='word_1_71' title='bbox 721 746 889 795; x_wconf 85' lang='lat' dir='ltr'><strong>antiqua</strong></span> <span class='ocrx_word' id='word_1_72' title='bbox 913 749 1030 794; x_wconf 85' lang='lat' dir='ltr'><strong>gente</strong></span> <span class='ocrx_word' id='word_1_73' title='bbox 1048 745 1288 795; x_wconf 72' lang='lat' dir='ltr'><strong>AEquiwlis,</strong></span> <span class='ocrx_word' id='word_1_74' title='bbox 1321 746 1427 796; x_wconf 91' lang='lat' dir='ltr'><strong>quod</strong></span> <span class='ocrx_word' id='word_1_75' title='bbox 1454 759 1558 784; x_wconf 90' lang='lat' dir='ltr'><strong>nunc</strong></span> <span class='ocrx_word' id='word_1_76' title='bbox 1575 746 1689 784; x_wconf 83' lang='lat' dir='ltr'><strong>fetia-</strong></span> 
     </span>
     <span class='ocr_line' id='line_1_10' title="bbox 214 816 1688 867; baseline 0 -12"><span class='ocrx_word' id='word_1_77' title='bbox 214 818 236 855; x_wconf 81' lang='lat'>6</span> <span class='ocrx_word' id='word_1_78' title='bbox 255 818 311 856; x_wconf 91' lang='lat' dir='ltr'><strong>les</strong></span> <span class='ocrx_word' id='word_1_79' title='bbox 342 818 501 864; x_wconf 89' lang='lat' dir='ltr'><strong>habent,</strong></span> <span class='ocrx_word' id='word_1_80' title='bbox 543 818 769 867; x_wconf 69' lang='lat' dir='ltr'><strong>descripsit,</strong></span> <span class='ocrx_word' id='word_1_81' title='bbox 817 830 894 866; x_wconf 89' lang='lat' dir='ltr'><strong>quo</strong></span> <span class='ocrx_word' id='word_1_82' title='bbox 925 830 989 854; x_wconf 89' lang='lat' dir='ltr'><strong>res</strong></span> <span class='ocrx_word' id='word_1_83' title='bbox 1019 820 1268 867; x_wconf 90' lang='lat' dir='ltr'><strong>repetuntur.</strong></span> <span class='ocrx_word' id='word_1_84' title='bbox 1328 817 1503 867; x_wconf 85' lang='lat' dir='ltr'><strong>Legatus</strong></span> <span class='ocrx_word' id='word_1_85' title='bbox 1534 817 1604 855; x_wconf 86' lang='lat' dir='ltr'><strong>ubi</strong></span> <span class='ocrx_word' id='word_1_86' title='bbox 1636 816 1688 855; x_wconf 81' lang='lat' dir='ltr'><strong>ad</strong></span> 
     </span>
     <span class='ocr_line' id='line_1_11' title="bbox 256 888 1689 939; baseline -0.001 -12"><span class='ocrx_word' id='word_1_87' title='bbox 256 889 353 927; x_wconf 87' lang='lat' dir='ltr'><strong>fines</strong></span> <span class='ocrx_word' id='word_1_88' title='bbox 399 903 533 927; x_wconf 89' lang='lat' dir='ltr'><strong>eorum</strong></span> <span class='ocrx_word' id='word_1_89' title='bbox 580 889 701 938; x_wconf 78' lang='lat' dir='ltr'><strong>venit,</strong></span> <span class='ocrx_word' id='word_1_90' title='bbox 748 889 852 926; x_wconf 87' lang='lat' dir='ltr'><strong>unde</strong></span> <span class='ocrx_word' id='word_1_91' title='bbox 898 902 960 925; x_wconf 88' lang='lat' dir='ltr'><strong>res</strong></span> <span class='ocrx_word' id='word_1_92' title='bbox 1000 892 1249 939; x_wconf 82' lang='lat' dir='ltr'><strong>repetuntur,</strong></span> <span class='ocrx_word' id='word_1_93' title='bbox 1299 889 1427 939; x_wconf 89' lang='lat' dir='ltr'><strong>capite</strong></span> <span class='ocrx_word' id='word_1_94' title='bbox 1457 889 1590 927; x_wconf 87' lang='lat' dir='ltr'><strong>velato</strong></span> <span class='ocrx_word' id='word_1_95' title='bbox 1620 888 1689 926; x_wconf 91' lang='lat' dir='ltr'><strong>filo</strong></span> 
     </span>
     <span class='ocr_line' id='line_1_12' title="bbox 258 959 1685 1010; baseline -0.001 -12"><span class='ocrx_word' id='word_1_96' title='bbox 258 961 375 1008; x_wconf 87' lang='lat' dir='ltr'><strong>(lanae</strong></span> <span class='ocrx_word' id='word_1_97' title='bbox 405 961 585 998; x_wconf 88' lang='lat' dir='ltr'><strong>velamen</strong></span> <span class='ocrx_word' id='word_1_98' title='bbox 617 962 692 1007; x_wconf 90' lang='lat' dir='ltr'><strong>est)</strong></span> <span class='ocrx_word' id='word_1_99' title='bbox 727 959 879 1008; x_wconf 84' lang='lat' dir='ltr'><strong>„Audi‚</strong></span> <span class='ocrx_word' id='word_1_100' title='bbox 910 959 1120 1009; x_wconf 75' lang='lat' dir='ltr'><strong>Iuppiter⁶⁴</strong></span> <span class='ocrx_word' id='word_1_101' title='bbox 1156 961 1303 1010; x_wconf 89' lang='lat' dir='ltr'><strong>inquit;</strong></span> <span class='ocrx_word' id='word_1_102' title='bbox 1352 960 1525 1010; x_wconf 84' lang='lat' dir='ltr'><strong>„audite‚</strong></span> <span class='ocrx_word' id='word_1_103' title='bbox 1561 959 1685 998; x_wconf 87' lang='lat' dir='ltr'><strong>fines“</strong></span> 
     </span>
     <span class='ocr_line' id='line_1_13' title="bbox 258 1029 1688 1085; baseline 0 -16"><span class='ocrx_word' id='word_1_104' title='bbox 258 1031 547 1085; x_wconf 85' lang='lat' dir='ltr'><strong>(cuiuscunque</strong></span> <span class='ocrx_word' id='word_1_105' title='bbox 593 1031 723 1080; x_wconf 89' lang='lat' dir='ltr'><strong>gentis</strong></span> <span class='ocrx_word' id='word_1_106' title='bbox 762 1034 864 1077; x_wconf 89' lang='lat' dir='ltr'><strong>sunt,</strong></span> <span class='ocrx_word' id='word_1_107' title='bbox 911 1029 1129 1082; x_wconf 83' lang='lat' dir='ltr'><strong>nominat);</strong></span> <span class='ocrx_word' id='word_1_108' title='bbox 1178 1031 1343 1082; x_wconf 83' lang='lat' dir='ltr'><strong>„audiat</strong></span> <span class='ocrx_word' id='word_1_109' title='bbox 1372 1032 1449 1068; x_wconf 86' lang='lat' dir='ltr'><strong>fas:</strong></span> <span class='ocrx_word' id='word_1_110' title='bbox 1498 1044 1571 1081; x_wconf 89' lang='lat' dir='ltr'><strong>ego</strong></span> <span class='ocrx_word' id='word_1_111' title='bbox 1602 1044 1688 1069; x_wconf 88' lang='lat' dir='ltr'><strong>sum</strong></span> 
     </span>
     <span class='ocr_line' id='line_1_14' title="bbox 256 1101 1688 1153; baseline -0.001 -13"><span class='ocrx_word' id='word_1_112' title='bbox 256 1103 444 1153; x_wconf 87' lang='lat' dir='ltr'><strong>publicus</strong></span> <span class='ocrx_word' id='word_1_113' title='bbox 477 1103 640 1140; x_wconf 89' lang='lat' dir='ltr'><strong>nuntius</strong></span> <span class='ocrx_word' id='word_1_114' title='bbox 670 1103 810 1152; x_wconf 89' lang='lat' dir='ltr'><strong>populi</strong></span> <span class='ocrx_word' id='word_1_115' title='bbox 836 1102 1029 1148; x_wconf 83' lang='lat' dir='ltr'><strong>Romani3</strong></span> <span class='ocrx_word' id='word_1_116' title='bbox 1063 1103 1164 1140; x_wconf 88' lang='lat' dir='ltr'><strong>iuste</strong></span> <span class='ocrx_word' id='word_1_117' title='bbox 1194 1103 1338 1152; x_wconf 88' lang='lat' dir='ltr'><strong>pieque</strong></span> <span class='ocrx_word' id='word_1_118' title='bbox 1369 1103 1527 1152; x_wconf 90' lang='lat' dir='ltr'><strong>legatus</strong></span> <span class='ocrx_word' id='word_1_119' title='bbox 1557 1101 1688 1150; x_wconf 86' lang='lat' dir='ltr'><strong>venio,</strong></span> 
     </span>
     <span class='ocr_line' id='line_1_15' title="bbox 216 1173 1690 1224; baseline 0.001 -14"><span class='ocrx_word' id='word_1_120' title='bbox 216 1175 469 1224; x_wconf 86' lang='lat' dir='ltr'><strong>7verbisque</strong></span> <span class='ocrx_word' id='word_1_121' title='bbox 516 1175 613 1211; x_wconf 87' lang='lat' dir='ltr'><strong>meis</strong></span> <span class='ocrx_word' id='word_1_122' title='bbox 658 1174 757 1211; x_wconf 87' lang='lat' dir='ltr'><strong>fides</strong></span> <span class='ocrx_word' id='word_1_123' title='bbox 789 1174 877 1211; x_wconf 81' lang='lat' dir='ltr'><strong>sit.“</strong></span> <span class='ocrx_word' id='word_1_124' title='bbox 940 1173 1109 1223; x_wconf 81' lang='lat' dir='ltr'><strong>Peragit</strong></span> <span class='ocrx_word' id='word_1_125' title='bbox 1139 1174 1285 1211; x_wconf 89' lang='lat' dir='ltr'><strong>deinde</strong></span> <span class='ocrx_word' id='word_1_126' title='bbox 1317 1175 1530 1224; x_wconf 85' lang='lat' dir='ltr'><strong>postulata.</strong></span> <span class='ocrx_word' id='word_1_127' title='bbox 1589 1173 1690 1212; x_wconf 87' lang='lat' dir='ltr'><strong>Inde</strong></span> 
     </span>
     <span class='ocr_line' id='line_1_16' title="bbox 256 1243 1690 1295; baseline -0.001 -12"><span class='ocrx_word' id='word_1_128' title='bbox 256 1246 393 1284; x_wconf 88' lang='lat' dir='ltr'><strong>Iovem</strong></span> <span class='ocrx_word' id='word_1_129' title='bbox 423 1248 563 1283; x_wconf 89' lang='lat' dir='ltr'><strong>testem</strong></span> <span class='ocrx_word' id='word_1_130' title='bbox 594 1246 709 1282; x_wconf 85' lang='lat' dir='ltr'><strong>facit:</strong></span> <span class='ocrx_word' id='word_1_131' title='bbox 769 1243 837 1291; x_wconf 78' lang='lat' dir='ltr'><strong>„Si</strong></span> <span class='ocrx_word' id='word_1_132' title='bbox 870 1258 942 1293; x_wconf 88' lang='lat' dir='ltr'><strong>ego</strong></span> <span class='ocrx_word' id='word_1_133' title='bbox 975 1245 1121 1283; x_wconf 86' lang='lat' dir='ltr'><strong>iniuste</strong></span> <span class='ocrx_word' id='word_1_134' title='bbox 1153 1245 1355 1295; x_wconf 88' lang='lat' dir='ltr'><strong>impieque</strong></span> <span class='ocrx_word' id='word_1_135' title='bbox 1386 1246 1479 1282; x_wconf 89' lang='lat' dir='ltr'><strong>illos</strong></span> <span class='ocrx_word' id='word_1_136' title='bbox 1509 1245 1690 1282; x_wconf 87' lang='lat' dir='ltr'><strong>homines</strong></span> 
     </span>
     <span class='ocr_line' id='line_1_17' title="bbox 257 1316 1690 1367; baseline -0.001 -13"><span class='ocrx_word' id='word_1_137' title='bbox 257 1317 425 1366; x_wconf 89' lang='lat' dir='ltr'><strong>illasque</strong></span> <span class='ocrx_word' id='word_1_138' title='bbox 469 1329 532 1354; x_wconf 87' lang='lat' dir='ltr'><strong>res</strong></span> <span class='ocrx_word' id='word_1_139' title='bbox 564 1316 702 1354; x_wconf 89' lang='lat' dir='ltr'><strong>dedier</strong></span> <span class='ocrx_word' id='word_1_140' title='bbox 733 1317 829 1354; x_wconf 91' lang='lat' dir='ltr'><strong>mihi</strong></span> <span class='ocrx_word' id='word_1_141' title='bbox 861 1329 1044 1366; x_wconf 85' lang='lat' dir='ltr'><strong>exposco,</strong></span> <span class='ocrx_word' id='word_1_142' title='bbox 1091 1321 1174 1354; x_wconf 84' lang='lat' dir='ltr'><strong>tum</strong></span> <span class='ocrx_word' id='word_1_143' title='bbox 1205 1317 1348 1367; x_wconf 87' lang='lat' dir='ltr'><strong>patriae</strong></span> <span class='ocrx_word' id='word_1_144' title='bbox 1378 1320 1598 1366; x_wconf 88' lang='lat' dir='ltr'><strong>compotem</strong></span> <span class='ocrx_word' id='word_1_145' title='bbox 1628 1328 1690 1354; x_wconf 93' lang='lat' dir='ltr'><strong>me</strong></span> 
     </span>
     <span class='ocr_line' id='line_1_18' title="bbox 215 1387 1688 1438; baseline -0.001 -12"><span class='ocrx_word' id='word_1_146' title='bbox 215 1388 240 1425; x_wconf 85' lang='grc'>8</span> <span class='ocrx_word' id='word_1_147' title='bbox 257 1401 459 1438; x_wconf 89' lang='lat' dir='ltr'><strong>nunquam</strong></span> <span class='ocrx_word' id='word_1_148' title='bbox 477 1387 569 1425; x_wconf 89' lang='lat' dir='ltr'><strong>siris</strong></span> <span class='ocrx_word' id='word_1_149' title='bbox 587 1389 708 1427; x_wconf 86' lang='lat' dir='ltr'><strong>esse.“</strong></span> <span class='ocrx_word' id='word_1_150' title='bbox 758 1387 868 1435; x_wconf 84' lang='lat' dir='ltr'><strong>Haee,</strong></span> <span class='ocrx_word' id='word_1_151' title='bbox 899 1401 1018 1437; x_wconf 90' lang='lat' dir='ltr'><strong>quum</strong></span> <span class='ocrx_word' id='word_1_152' title='bbox 1036 1387 1131 1425; x_wconf 88' lang='lat' dir='ltr'><strong>fines</strong></span> <span class='ocrx_word' id='word_1_153' title='bbox 1150 1388 1448 1438; x_wconf 79' lang='lat' dir='ltr'><strong>suprascandit3</strong></span> <span class='ocrx_word' id='word_1_154' title='bbox 1478 1388 1573 1437; x_wconf 79' lang='lat' dir='ltr'><strong>haec,</strong></span> <span class='ocrx_word' id='word_1_155' title='bbox 1600 1387 1688 1437; x_wconf 91' lang='lat' dir='ltr'><strong>qui-</strong></span> 
     </span>
     <span class='ocr_line' id='line_1_19' title="bbox 258 1458 1691 1509; baseline -0.001 -12"><span class='ocrx_word' id='word_1_156' title='bbox 258 1472 414 1509; x_wconf 89' lang='lat' dir='ltr'><strong>cunque</strong></span> <span class='ocrx_word' id='word_1_157' title='bbox 461 1460 497 1497; x_wconf 91' lang='lat' dir='ltr'><strong>ei</strong></span> <span class='ocrx_word' id='word_1_158' title='bbox 543 1459 694 1508; x_wconf 88' lang='lat' dir='ltr'><strong>primus</strong></span> <span class='ocrx_word' id='word_1_159' title='bbox 740 1459 803 1496; x_wconf 86' lang='lat' dir='ltr'><strong>vir</strong></span> <span class='ocrx_word' id='word_1_160' title='bbox 844 1459 982 1496; x_wconf 90' lang='lat' dir='ltr'><strong>obvius</strong></span> <span class='ocrx_word' id='word_1_161' title='bbox 1013 1459 1100 1505; x_wconf 80' lang='lat' dir='ltr'><strong>fuit,</strong></span> <span class='ocrx_word' id='word_1_162' title='bbox 1147 1459 1230 1496; x_wconf 86' lang='lat' dir='ltr'><strong>haec</strong></span> <span class='ocrx_word' id='word_1_163' title='bbox 1260 1463 1416 1509; x_wconf 89' lang='lat' dir='ltr'><strong>portam</strong></span> <span class='ocrx_word' id='word_1_164' title='bbox 1447 1458 1691 1508; x_wconf 88' lang='lat' dir='ltr'><strong>ingrediens,</strong></span> 
     </span>
     <span class='ocr_line' id='line_1_20' title="bbox 256 1530 1690 1580; baseline -0.001 -12"><span class='ocrx_word' id='word_1_165' title='bbox 256 1532 339 1568; x_wconf 87' lang='lat' dir='ltr'><strong>haec</strong></span> <span class='ocrx_word' id='word_1_166' title='bbox 385 1531 514 1569; x_wconf 88' lang='lat' dir='ltr'><strong>forum</strong></span> <span class='ocrx_word' id='word_1_167' title='bbox 546 1531 761 1579; x_wconf 87' lang='lat' dir='ltr'><strong>ingressus,</strong></span> <span class='ocrx_word' id='word_1_168' title='bbox 807 1531 945 1580; x_wconf 86' lang='lat' dir='ltr'><strong>paucis</strong></span> <span class='ocrx_word' id='word_1_169' title='bbox 975 1531 1106 1569; x_wconf 89' lang='lat' dir='ltr'><strong>verbis</strong></span> <span class='ocrx_word' id='word_1_170' title='bbox 1138 1531 1327 1568; x_wconf 85' lang='lat' dir='ltr'><strong>carminis</strong></span> <span class='ocrx_word' id='word_1_171' title='bbox 1359 1530 1690 1580; x_wconf 90' lang='lat' dir='ltr'><strong>concipiendique</strong></span> 
     </span>
     <span class='ocr_line' id='line_1_21' title="bbox 217 1600 1687 1652; baseline -0.001 -12"><span class='ocrx_word' id='word_1_172' title='bbox 217 1604 239 1640; x_wconf 87' lang='lat'>9</span> <span class='ocrx_word' id='word_1_173' title='bbox 258 1603 359 1640; x_wconf 89' lang='lat' dir='ltr'><strong>iuris</strong></span> <span class='ocrx_word' id='word_1_174' title='bbox 384 1602 543 1639; x_wconf 86' lang='lat' dir='ltr'><strong>iurandi</strong></span> <span class='ocrx_word' id='word_1_175' title='bbox 560 1603 734 1649; x_wconf 87' lang='lat' dir='ltr'><strong>mutatis,</strong></span> <span class='ocrx_word' id='word_1_176' title='bbox 759 1602 929 1652; x_wconf 87' lang='lat' dir='ltr'><strong>peragit.</strong></span> <span class='ocrx_word' id='word_1_177' title='bbox 977 1600 1021 1639; x_wconf 88' lang='lat' dir='ltr'><strong>Si</strong></span> <span class='ocrx_word' id='word_1_178' title='bbox 1038 1615 1117 1639; x_wconf 91' lang='lat' dir='ltr'><strong>non</strong></span> <span class='ocrx_word' id='word_1_179' title='bbox 1135 1602 1348 1649; x_wconf 89' lang='lat' dir='ltr'><strong>deduntur,</strong></span> <span class='ocrx_word' id='word_1_180' title='bbox 1373 1615 1472 1651; x_wconf 90' lang='lat' dir='ltr'><strong>quos</strong></span> <span class='ocrx_word' id='word_1_181' title='bbox 1491 1601 1687 1651; x_wconf 83' lang='lat' dir='ltr'><strong>exposcit,</strong></span> 
     </span>
     <span class='ocr_line' id='line_1_22' title="bbox 256 1670 1689 1724; baseline -0.001 -13"><span class='ocrx_word' id='word_1_182' title='bbox 256 1673 398 1711; x_wconf 86' lang='lat' dir='ltr'><strong>diebus</strong></span> <span class='ocrx_word' id='word_1_183' title='bbox 427 1673 556 1711; x_wconf 90' lang='lat' dir='ltr'><strong>tribus</strong></span> <span class='ocrx_word' id='word_1_184' title='bbox 587 1677 625 1711; x_wconf 85' lang='lat' dir='ltr'><strong>et</strong></span> <span class='ocrx_word' id='word_1_185' title='bbox 662 1673 835 1722; x_wconf 88' lang='lat' dir='ltr'><strong>triginta</strong></span> <span class='ocrx_word' id='word_1_186' title='bbox 881 1670 961 1724; x_wconf 90' lang='lat' dir='ltr'><strong>(tot</strong></span> <span class='ocrx_word' id='word_1_187' title='bbox 991 1672 1097 1709; x_wconf 90' lang='lat' dir='ltr'><strong>enim</strong></span> <span class='ocrx_word' id='word_1_188' title='bbox 1128 1673 1341 1710; x_wconf 75' lang='lat' dir='ltr'><strong>sollemnes</strong></span> <span class='ocrx_word' id='word_1_189' title='bbox 1372 1674 1480 1722; x_wconf 88' lang='lat' dir='ltr'><strong>sunt)</strong></span> <span class='ocrx_word' id='word_1_190' title='bbox 1511 1671 1689 1722; x_wconf 84' lang='lat' dir='ltr'><strong>peractis</strong></span> 
     </span>
     <span class='ocr_line' id='line_1_23' title="bbox 255 1743 1689 1794; baseline -0.001 -12"><span class='ocrx_word' id='word_1_191' title='bbox 255 1745 406 1783; x_wconf 89' lang='lat' dir='ltr'><strong>bellum</strong></span> <span class='ocrx_word' id='word_1_192' title='bbox 426 1745 482 1782; x_wconf 85' lang='lat' dir='ltr'><strong>ita</strong></span> <span class='ocrx_word' id='word_1_193' title='bbox 499 1744 663 1782; x_wconf 90' lang='lat' dir='ltr'><strong>indicit:</strong></span> <span class='ocrx_word' id='word_1_194' title='bbox 699 1744 849 1793; x_wconf 86' lang='lat' dir='ltr'><strong>„Audi,</strong></span> <span class='ocrx_word' id='word_1_195' title='bbox 879 1744 1075 1794; x_wconf 86' lang='lat' dir='ltr'><strong>Iuppiter,</strong></span> <span class='ocrx_word' id='word_1_196' title='bbox 1102 1746 1140 1781; x_wconf 92' lang='lat' dir='ltr'><strong>et</strong></span> <span class='ocrx_word' id='word_1_197' title='bbox 1155 1747 1212 1794; x_wconf 88' lang='lat' dir='ltr'><strong>tu,</strong></span> <span class='ocrx_word' id='word_1_198' title='bbox 1231 1744 1328 1781; x_wconf 86' lang='lat' dir='ltr'><strong>Iane</strong></span> <span class='ocrx_word' id='word_1_199' title='bbox 1347 1744 1528 1793; x_wconf 78' lang='lat' dir='ltr'><strong>Quirine,</strong></span> <span class='ocrx_word' id='word_1_200' title='bbox 1568 1743 1689 1793; x_wconf 87' lang='lat' dir='ltr'><strong>dique</strong></span> 
     </span>
     <span class='ocr_line' id='line_1_24' title="bbox 190 1814 1688 1865; baseline -0.001 -11"><span class='ocrx_word' id='word_1_201' title='bbox 190 1818 239 1856; x_wconf 87' lang='lat'><strong>10</strong></span> <span class='ocrx_word' id='word_1_202' title='bbox 257 1829 390 1855; x_wconf 87' lang='lat' dir='ltr'><strong>omnes</strong></span> <span class='ocrx_word' id='word_1_203' title='bbox 422 1816 609 1863; x_wconf 80' lang='lat' dir='ltr'><strong>caelestes,</strong></span> <span class='ocrx_word' id='word_1_204' title='bbox 641 1829 789 1865; x_wconf 87' lang='lat' dir='ltr'><strong>vosque</strong></span> <span class='ocrx_word' id='word_1_205' title='bbox 820 1819 1028 1853; x_wconf 88' lang='lat' dir='ltr'><strong>terrestres</strong></span> <span class='ocrx_word' id='word_1_206' title='bbox 1059 1829 1208 1865; x_wconf 88' lang='lat' dir='ltr'><strong>vosque</strong></span> <span class='ocrx_word' id='word_1_207' title='bbox 1239 1816 1398 1863; x_wconf 86' lang='lat' dir='ltr'><strong>inferni,</strong></span> <span class='ocrx_word' id='word_1_208' title='bbox 1429 1814 1582 1852; x_wconf 83' lang='lat' dir='ltr'><strong>audite:</strong></span> <span class='ocrx_word' id='word_1_209' title='bbox 1614 1827 1688 1864; x_wconf 87' lang='lat' dir='ltr'><strong>ego</strong></span> 
     </span>
     <span class='ocr_line' id='line_1_25' title="bbox 255 1886 1688 1937; baseline -0.001 -12"><span class='ocrx_word' id='word_1_210' title='bbox 255 1901 324 1925; x_wconf 87' lang='lat' dir='ltr'><strong>vos</strong></span> <span class='ocrx_word' id='word_1_211' title='bbox 347 1891 484 1937; x_wconf 71' lang='lat' dir='ltr'><strong>testor,</strong></span> <span class='ocrx_word' id='word_1_212' title='bbox 517 1887 709 1937; x_wconf 90' lang='lat' dir='ltr'><strong>populum</strong></span> <span class='ocrx_word' id='word_1_213' title='bbox 733 1887 871 1923; x_wconf 76' lang='lat' dir='ltr'><strong>illum“</strong></span> <span class='ocrx_word' id='word_1_214' title='bbox 893 1886 1136 1937; x_wconf 88' lang='lat' dir='ltr'><strong>(quicunque</strong></span> <span class='ocrx_word' id='word_1_215' title='bbox 1153 1890 1223 1934; x_wconf 86' lang='lat' dir='ltr'><strong>est,</strong></span> <span class='ocrx_word' id='word_1_216' title='bbox 1255 1886 1450 1937; x_wconf 86' lang='lat' dir='ltr'><strong>nominat)</strong></span> <span class='ocrx_word' id='word_1_217' title='bbox 1472 1886 1688 1934; x_wconf 87' lang='lat' dir='ltr'><strong>„iniustum</strong></span> 
     </span>
     <span class='ocr_line' id='line_1_26' title="bbox 257 1957 1688 2008; baseline -0.001 -13"><span class='ocrx_word' id='word_1_218' title='bbox 257 1972 339 1996; x_wconf 89' lang='lat' dir='ltr'><strong>esse</strong></span> <span class='ocrx_word' id='word_1_219' title='bbox 370 1971 498 2007; x_wconf 88' lang='lat' dir='ltr'><strong>neque</strong></span> <span class='ocrx_word' id='word_1_220' title='bbox 525 1959 587 1996; x_wconf 87' lang='lat' dir='ltr'><strong>ius</strong></span> <span class='ocrx_word' id='word_1_221' title='bbox 613 1958 859 2008; x_wconf 87' lang='lat' dir='ltr'><strong>persolvere;</strong></span> <span class='ocrx_word' id='word_1_222' title='bbox 891 1957 960 1995; x_wconf 88' lang='lat' dir='ltr'><strong>sed</strong></span> <span class='ocrx_word' id='word_1_223' title='bbox 985 1958 1033 1995; x_wconf 88' lang='lat' dir='ltr'><strong>de</strong></span> <span class='ocrx_word' id='word_1_224' title='bbox 1058 1958 1149 1995; x_wconf 89' lang='lat' dir='ltr'><strong>istis</strong></span> <span class='ocrx_word' id='word_1_225' title='bbox 1173 1958 1293 1995; x_wconf 89' lang='lat' dir='ltr'><strong>rebus</strong></span> <span class='ocrx_word' id='word_1_226' title='bbox 1311 1958 1353 1995; x_wconf 93' lang='lat' dir='ltr'><strong>in</strong></span> <span class='ocrx_word' id='word_1_227' title='bbox 1369 1957 1500 2007; x_wconf 83' lang='lat' dir='ltr'><strong>patria</strong></span> <span class='ocrx_word' id='word_1_228' title='bbox 1516 1957 1688 1995; x_wconf 84' lang='lat' dir='ltr'><strong>maiores</strong></span> 
     </span>
     <span class='ocr_line' id='line_1_27' title="bbox 255 2027 1690 2079; baseline -0.001 -13"><span class='ocrx_word' id='word_1_229' title='bbox 255 2033 352 2067; x_wconf 82' lang='lat' dir='ltr'><strong>natu</strong></span> <span class='ocrx_word' id='word_1_230' title='bbox 385 2030 644 2076; x_wconf 84' lang='lat' dir='ltr'><strong>consulemus,</strong></span> <span class='ocrx_word' id='word_1_231' title='bbox 676 2043 753 2079; x_wconf 88' lang='lat' dir='ltr'><strong>quo</strong></span> <span class='ocrx_word' id='word_1_232' title='bbox 784 2033 900 2078; x_wconf 85' lang='lat' dir='ltr'><strong>pacto</strong></span> <span class='ocrx_word' id='word_1_233' title='bbox 932 2029 992 2066; x_wconf 90' lang='lat' dir='ltr'><strong>ius</strong></span> <span class='ocrx_word' id='word_1_234' title='bbox 1022 2032 1202 2067; x_wconf 89' lang='lat' dir='ltr'><strong>nostrum</strong></span> <span class='ocrx_word' id='word_1_235' title='bbox 1233 2028 1539 2078; x_wconf 85' lang='lat' dir='ltr'><strong>adipiscamur.“</strong></span> <span class='ocrx_word' id='word_1_236' title='bbox 1590 2027 1690 2066; x_wconf 84' lang='lat' dir='ltr'><strong>Cum</strong></span> 
     </span>
     <span class='ocr_line' id='line_1_28' title="bbox 189 2099 1690 2139; baseline -0.003 0"><span class='ocrx_word' id='word_1_237' title='bbox 189 2103 237 2139; x_wconf 84' lang='lat'><strong>11</strong></span> <span class='ocrx_word' id='word_1_238' title='bbox 259 2101 319 2138; x_wconf 90' lang='lat' dir='ltr'><strong>his</strong></span> <span class='ocrx_word' id='word_1_239' title='bbox 366 2101 518 2138; x_wconf 87' lang='lat' dir='ltr'><strong>nuntiis</strong></span> <span class='ocrx_word' id='word_1_240' title='bbox 549 2101 718 2138; x_wconf 82' lang='lat' dir='ltr'><strong>Romam</strong></span> <span class='ocrx_word' id='word_1_241' title='bbox 764 2101 814 2138; x_wconf 89' lang='lat' dir='ltr'><strong>ad</strong></span> <span class='ocrx_word' id='word_1_242' title='bbox 860 2100 1144 2137; x_wconf 88' lang='lat' dir='ltr'><strong>consulendum</strong></span> <span class='ocrx_word' id='word_1_243' title='bbox 1189 2101 1306 2139; x_wconf 87' lang='lat' dir='ltr'><strong>redit.</strong></span> <span class='ocrx_word' id='word_1_244' title='bbox 1369 2099 1588 2138; x_wconf 86' lang='lat' dir='ltr'><strong>Confestim</strong></span> <span class='ocrx_word' id='word_1_245' title='bbox 1618 2112 1690 2136; x_wconf 89' lang='lat' dir='ltr'><strong>rex</strong></span> 
     </span>
     <span class='ocr_line' id='line_1_29' title="bbox 257 2170 1690 2221; baseline -0.001 -12"><span class='ocrx_word' id='word_1_246' title='bbox 257 2173 318 2209; x_wconf 85' lang='lat' dir='ltr'><strong>his</strong></span> <span class='ocrx_word' id='word_1_247' title='bbox 364 2172 486 2209; x_wconf 90' lang='lat' dir='ltr'><strong>ferme</strong></span> <span class='ocrx_word' id='word_1_248' title='bbox 523 2172 657 2210; x_wconf 89' lang='lat' dir='ltr'><strong>verbis</strong></span> <span class='ocrx_word' id='word_1_249' title='bbox 687 2175 822 2221; x_wconf 85' lang='lat' dir='ltr'><strong>patres</strong></span> <span class='ocrx_word' id='word_1_250' title='bbox 854 2172 1102 2208; x_wconf 80' lang='lat' dir='ltr'><strong>consulebat:</strong></span> <span class='ocrx_word' id='word_1_251' title='bbox 1152 2171 1354 2218; x_wconf 75' lang='lat' dir='ltr'><strong>„Quarum</strong></span> <span class='ocrx_word' id='word_1_252' title='bbox 1384 2184 1528 2218; x_wconf 90' lang='lat' dir='ltr'><strong>rerum,</strong></span> <span class='ocrx_word' id='word_1_253' title='bbox 1557 2170 1690 2207; x_wconf 89' lang='lat' dir='ltr'><strong>litium</strong></span> 
     </span>
     <span class='ocr_line' id='line_1_30' title="bbox 258 2240 1690 2293; baseline -0.001 -13"><span class='ocrx_word' id='word_1_254' title='bbox 258 2256 375 2280; x_wconf 88' lang='lat' dir='ltr'><strong>causa</strong></span> <span class='ocrx_word' id='word_1_255' title='bbox 407 2243 587 2280; x_wconf 85' lang='lat' dir='ltr'><strong>condixit</strong></span> <span class='ocrx_word' id='word_1_256' title='bbox 618 2246 732 2293; x_wconf 86' lang='lat' dir='ltr'><strong>pater</strong></span> <span class='ocrx_word' id='word_1_257' title='bbox 761 2246 941 2292; x_wconf 86' lang='lat' dir='ltr'><strong>patratus</strong></span> <span class='ocrx_word' id='word_1_258' title='bbox 972 2242 1112 2291; x_wconf 90' lang='lat' dir='ltr'><strong>populi</strong></span> <span class='ocrx_word' id='word_1_259' title='bbox 1141 2243 1315 2280; x_wconf 88' lang='lat' dir='ltr'><strong>Romani</strong></span> <span class='ocrx_word' id='word_1_260' title='bbox 1332 2242 1552 2290; x_wconf 72' lang='lat' dir='ltr'><strong>Quiritium</strong></span> <span class='ocrx_word' id='word_1_261' title='bbox 1582 2240 1690 2291; x_wconf 89' lang='lat' dir='ltr'><strong>patri</strong></span> 
     </span>
     <span class='ocr_line' id='line_1_31' title="bbox 259 2312 1689 2364; baseline -0.001 -13"><span class='ocrx_word' id='word_1_262' title='bbox 259 2317 418 2364; x_wconf 86' lang='lat' dir='ltr'><strong>patrato</strong></span> <span class='ocrx_word' id='word_1_263' title='bbox 452 2314 685 2351; x_wconf 88' lang='lat' dir='ltr'><strong>Priscorum</strong></span> <span class='ocrx_word' id='word_1_264' title='bbox 716 2314 951 2351; x_wconf 90' lang='lat' dir='ltr'><strong>Latinorum</strong></span> <span class='ocrx_word' id='word_1_265' title='bbox 995 2313 1303 2362; x_wconf 88' lang='lat' dir='ltr'><strong>hominibusque</strong></span> <span class='ocrx_word' id='word_1_266' title='bbox 1334 2313 1485 2351; x_wconf 87' lang='lat' dir='ltr'><strong>Priscis</strong></span> <span class='ocrx_word' id='word_1_267' title='bbox 1516 2312 1689 2363; x_wconf 81' lang='lat' dir='ltr'><strong>Latinis,</strong></span> 
     </span>
     <span class='ocr_line' id='line_1_32' title="bbox 260 2384 1690 2436; baseline -0.001 -14"><span class='ocrx_word' id='word_1_268' title='bbox 260 2399 356 2436; x_wconf 85' lang='lat' dir='ltr'><strong>quas</strong></span> <span class='ocrx_word' id='word_1_269' title='bbox 381 2399 442 2422; x_wconf 90' lang='lat' dir='ltr'><strong>res</strong></span> <span class='ocrx_word' id='word_1_270' title='bbox 470 2399 541 2423; x_wconf 90' lang='lat' dir='ltr'><strong>nec</strong></span> <span class='ocrx_word' id='word_1_271' title='bbox 566 2385 759 2421; x_wconf 89' lang='lat' dir='ltr'><strong>dederunt</strong></span> <span class='ocrx_word' id='word_1_272' title='bbox 775 2399 846 2422; x_wconf 92' lang='lat' dir='ltr'><strong>nec</strong></span> <span class='ocrx_word' id='word_1_273' title='bbox 863 2385 1067 2422; x_wconf 86' lang='lat' dir='ltr'><strong>solverunt</strong></span> <span class='ocrx_word' id='word_1_274' title='bbox 1086 2396 1157 2420; x_wconf 88' lang='lat' dir='ltr'><strong>nec</strong></span> <span class='ocrx_word' id='word_1_275' title='bbox 1174 2384 1364 2433; x_wconf 78' lang='lat' dir='ltr'><strong>fecerunt,</strong></span> <span class='ocrx_word' id='word_1_276' title='bbox 1397 2397 1493 2433; x_wconf 86' lang='lat' dir='ltr'><strong>quas</strong></span> <span class='ocrx_word' id='word_1_277' title='bbox 1509 2397 1572 2422; x_wconf 89' lang='lat' dir='ltr'><strong>res</strong></span> <span class='ocrx_word' id='word_1_278' title='bbox 1589 2384 1690 2432; x_wconf 82' lang='lat' dir='ltr'><strong>dari,</strong></span> 
     </span>
     <span class='ocr_line' id='line_1_33' title="bbox 259 2455 1690 2505; baseline -0.003 -10"><span class='ocrx_word' id='word_1_279' title='bbox 259 2457 372 2503; x_wconf 86' lang='lat' dir='ltr'><strong>solvi,</strong></span> <span class='ocrx_word' id='word_1_280' title='bbox 403 2456 488 2494; x_wconf 86' lang='lat' dir='ltr'><strong>fieri</strong></span> <span class='ocrx_word' id='word_1_281' title='bbox 506 2456 696 2505; x_wconf 88' lang='lat' dir='ltr'><strong>oportuit,</strong></span> <span class='ocrx_word' id='word_1_282' title='bbox 722 2456 813 2492; x_wconf 86' lang='lat' dir='ltr'><strong>dic“</strong></span> <span class='ocrx_word' id='word_1_283' title='bbox 834 2456 967 2504; x_wconf 87' lang='lat' dir='ltr'><strong>inquit</strong></span> <span class='ocrx_word' id='word_1_284' title='bbox 984 2456 1032 2502; x_wconf 88' lang='lat' dir='ltr'><strong>ei,</strong></span> <span class='ocrx_word' id='word_1_285' title='bbox 1050 2468 1165 2505; x_wconf 90' lang='lat' dir='ltr'><strong>quem</strong></span> <span class='ocrx_word' id='word_1_286' title='bbox 1183 2455 1354 2504; x_wconf 89' lang='lat' dir='ltr'><strong>primum</strong></span> <span class='ocrx_word' id='word_1_287' title='bbox 1370 2455 1608 2493; x_wconf 85' lang='lat' dir='ltr'><strong>sententiam</strong></span> <span class='ocrx_word' id='word_1_288' title='bbox 1623 2467 1690 2491; x_wconf 91' lang='lat' dir='ltr'><strong>ro-</strong></span> 
     </span>
     <span class='ocr_line' id='line_1_34' title="bbox 193 2525 1691 2577; baseline -0.003 -11"><span class='ocrx_word' id='word_1_289' title='bbox 193 2530 240 2566; x_wconf 76' lang='lat'><strong>12</strong></span> <span class='ocrx_word' id='word_1_290' title='bbox 261 2528 397 2577; x_wconf 81' lang='lat' dir='ltr'><strong>gabat,</strong></span> <span class='ocrx_word' id='word_1_291' title='bbox 429 2527 551 2577; x_wconf 83' lang='lat' dir='ltr'><strong>„quid</strong></span> <span class='ocrx_word' id='word_1_292' title='bbox 569 2525 758 2563; x_wconf 72' lang='lat' dir='ltr'><strong>censes?⁴‘</strong></span> <span class='ocrx_word' id='word_1_293' title='bbox 794 2525 894 2562; x_wconf 88' lang='lat' dir='ltr'><strong>Tum</strong></span> <span class='ocrx_word' id='word_1_294' title='bbox 920 2527 1005 2562; x_wconf 93' lang='lat' dir='ltr'><strong>ille:</strong></span> <span class='ocrx_word' id='word_1_295' title='bbox 1036 2526 1170 2575; x_wconf 86' lang='lat' dir='ltr'><strong>„Puro</strong></span> <span class='ocrx_word' id='word_1_296' title='bbox 1195 2526 1343 2575; x_wconf 91' lang='lat' dir='ltr'><strong>pioque</strong></span> <span class='ocrx_word' id='word_1_297' title='bbox 1361 2526 1494 2563; x_wconf 89' lang='lat' dir='ltr'><strong>duello</strong></span> <span class='ocrx_word' id='word_1_298' title='bbox 1512 2538 1691 2575; x_wconf 85' lang='lat' dir='ltr'><strong>quaeren-</strong></span> 
     </span>
     <span class='ocr_line' id='line_1_35' title="bbox 262 2595 1692 2646; baseline -0.003 -10"><span class='ocrx_word' id='word_1_299' title='bbox 262 2600 330 2636; x_wconf 86' lang='lat' dir='ltr'><strong>das</strong></span> <span class='ocrx_word' id='word_1_300' title='bbox 362 2612 514 2645; x_wconf 88' lang='lat' dir='ltr'><strong>censeo,</strong></span> <span class='ocrx_word' id='word_1_301' title='bbox 546 2599 682 2646; x_wconf 84' lang='lat' dir='ltr'><strong>itaque</strong></span> <span class='ocrx_word' id='word_1_302' title='bbox 714 2597 919 2634; x_wconf 88' lang='lat' dir='ltr'><strong>consentio</strong></span> <span class='ocrx_word' id='word_1_303' title='bbox 952 2597 1266 2645; x_wconf 81' lang='lat' dir='ltr'><strong>consciscoque.²‘</strong></span> <span class='ocrx_word' id='word_1_304' title='bbox 1316 2596 1417 2632; x_wconf 89' lang='lat' dir='ltr'><strong>Inde</strong></span> <span class='ocrx_word' id='word_1_305' title='bbox 1448 2596 1589 2633; x_wconf 89' lang='lat' dir='ltr'><strong>ordine</strong></span> <span class='ocrx_word' id='word_1_306' title='bbox 1620 2595 1692 2633; x_wconf 83' lang='lat' dir='ltr'><strong>alii</strong></span> 
     </span>
     <span class='ocr_line' id='line_1_36' title="bbox 259 2666 1691 2718; baseline -0.001 -11"><span class='ocrx_word' id='word_1_307' title='bbox 259 2669 521 2718; x_wconf 76' lang='lat' dir='ltr'><strong>rogabantur3</strong></span> <span class='ocrx_word' id='word_1_308' title='bbox 568 2668 805 2718; x_wconf 86' lang='lat' dir='ltr'><strong>quandoque</strong></span> <span class='ocrx_word' id='word_1_309' title='bbox 851 2680 943 2717; x_wconf 84' lang='lat' dir='ltr'><strong>pars</strong></span> <span class='ocrx_word' id='word_1_310' title='bbox 975 2667 1099 2703; x_wconf 88' lang='lat' dir='ltr'><strong>maior</strong></span> <span class='ocrx_word' id='word_1_311' title='bbox 1131 2679 1279 2715; x_wconf 89' lang='lat' dir='ltr'><strong>eorum,</strong></span> <span class='ocrx_word' id='word_1_312' title='bbox 1327 2666 1396 2715; x_wconf 92' lang='lat' dir='ltr'><strong>qui</strong></span> <span class='ocrx_word' id='word_1_313' title='bbox 1428 2667 1603 2714; x_wconf 89' lang='lat' dir='ltr'><strong>aderant,</strong></span> <span class='ocrx_word' id='word_1_314' title='bbox 1649 2667 1691 2705; x_wconf 88' lang='lat' dir='ltr'><strong>in</strong></span> 
     </span>
    </p>
   </div>
  </div>
 </body>
</html>
