1821 2928
697 801 1089 855 PRAEFATIO

569 911 640 959 Io,
685 910 917 959 NIOOLAI
948 911 1220 957 MADVIGII

432 1022 490 1048 AD
508 1022 764 1049 PHILOLOGOS
784 1022 835 1047 ET
855 1021 1108 1048 SCHOLARUM
1128 1020 1371 1047 MAGISTROS.

281 1154 490 1224 Repetere
513 1179 586 1214 hoc
615 1181 698 1215 loco
731 1180 896 1225 primum
926 1179 1063 1224 placet,
1097 1190 1194 1223 quae,
1228 1190 1341 1223 quum
1367 1179 1534 1223 quinque
1559 1179 1628 1215 hos

173 1236 321 1281 primos
349 1236 448 1271 Livii
472 1236 642 1272 historiae
668 1236 851 1271 Romanae
882 1236 998 1271 libros
1030 1248 1062 1270 a.
1096 1237 1185 1271 1873
1217 1237 1356 1271 iterum
1381 1236 1551 1280 edebam,
1588 1237 1629 1271 in

177 1293 306 1328 limine
331 1294 565 1338 praefationis
590 1305 675 1328 meo
702 1297 741 1328 et
766 1293 936 1338 Ussingii
969 1293 1120 1327 nomine
1147 1293 1299 1337 scriptae
1332 1292 1378 1326 de
1403 1294 1523 1328 totius
1550 1293 1629 1328 edi-

175 1350 293 1384 tionis
330 1350 488 1385 consilio
526 1353 565 1384 et
588 1350 830 1385 institutione
860 1350 988 1393 posui:
1029 1348 1148 1393 „Livii
1178 1349 1295 1383 libros
1329 1350 1382 1384 sic
1408 1350 1629 1386 emendatos

179 1407 348 1448 edimus,
387 1406 704 1450 quemadmodum
742 1405 915 1440 codicum
951 1406 1138 1440 bonorum
1176 1416 1264 1451 ope,
1314 1405 1484 1441 adhibito
1522 1409 1627 1441 recto

177 1462 318 1497 iudicio
357 1463 523 1507 artisque
558 1465 652 1508 lege,
691 1463 771 1497 sine
807 1461 1022 1497 temeritate
1059 1473 1101 1496 ac
1127 1463 1396 1507 superstitione
1434 1463 1628 1499 emendari

178 1531 289 1564 posse
315 1519 387 1553 visi
413 1522 509 1563 sunt,
544 1531 588 1555 eo
616 1519 804 1568 exemplo,
832 1518 934 1562 quod
961 1530 1076 1562 quum
1101 1520 1291 1554 communi
1317 1520 1627 1565 quotidianaeque

176 1575 460 1620 philologorum
486 1583 688 1620 rerum'que
712 1577 969 1611 Romanarum
987 1575 1256 1619 studiosorum,
1285 1577 1422 1621 quique
1449 1577 1497 1613 ob
1535 1578 1627 1613 alias

174 1643 307 1666 causas
326 1632 474 1666 Livium
486 1633 626 1677 legunt,
649 1632 881 1676 tractationi:
895 1636 976 1667 tum
990 1633 1261 1678 magistrorum
1276 1633 1626 1679 discipulorumque

178 1688 219 1722 in
245 1689 384 1724 scholis
411 1689 495 1723 usui
522 1692 652 1734 aptum
679 1690 890 1734 putamus.“

282 1745 376 1790 Quae
412 1749 493 1781 tum
529 1749 714 1791 praeterea
751 1746 882 1782 addidi
921 1746 969 1780 ad
1005 1746 1173 1781 rationes
1210 1748 1250 1782 in
1286 1748 1625 1784 Emendationibus

173 1801 344 1837 Liviams
377 1803 570 1848 expositas
598 1815 644 1838 ex
670 1804 795 1848 aliqua
819 1806 927 1847 parte
952 1802 1228 1838 confirmandas
1254 1807 1292 1839 et
1317 1805 1554 1850 supplendas,
1582 1817 1626 1841 ea

174 1859 215 1893 in
240 1860 396 1894 alteram
422 1859 744 1896 Emendationum
769 1859 975 1895 editionem
1000 1860 1186 1895 translata
1216 1861 1394 1896 omittere
1424 1874 1524 1897 nunc
1556 1863 1627 1898 hoc

175 1915 258 1951 loco
290 1916 387 1951 licet.
437 1917 561 1952 Unam
584 1919 733 1951 tantum
759 1916 860 1950 illius
886 1916 1119 1961 praefationis
1144 1918 1371 1964 particulam
1385 1919 1432 1953 de
1445 1931 1486 1953 re
1500 1931 1625 1964 parva,

174 1973 243 2007 sed
269 1984 352 2016 quae
377 1974 570 2008 nonnullis
595 1986 734 2019 magna
757 1973 942 2018 videatur,
971 1973 1240 2010 admonitionis
1266 1987 1380 2010 causa
1409 1988 1509 2011 nunc
1535 1987 1625 2021 quo-

175 2041 250 2074 que
293 2031 563 2073 transcribam,
599 2042 646 2065 nc
691 2032 774 2075 quis
807 2030 1087 2066 inconsiderate
1129 2035 1168 2066 et
1208 2033 1446 2078 negligenter
1482 2033 1623 2068 factum

172 2090 296 2131 putet,
323 2087 425 2131 quod
457 2091 561 2122 certo
593 2088 736 2123 iudicio
766 2089 907 2124 factum
939 2091 1012 2123 est:
1052 2087 1222 2132 „Vocum
1255 2089 1539 2125 scribendarum
1568 2101 1625 2126 ra·

174 2143 316 2177 tionem
356 2144 395 2178 in
430 2143 500 2179 hac
538 2145 705 2180 editione
743 2156 981 2181 communem
1019 2149 1055 2181 et
1093 2147 1290 2192 vulgarem
1318 2157 1399 2182 esse
1436 2147 1623 2181 voluimus

175 2200 257 2235 sine
283 2201 361 2234 ulla
386 2201 623 2246 antiquitatis
650 2207 689 2238 et
714 2202 898 2238 doctrinae
929 2202 1180 2246 affectatione,
1216 2203 1262 2237 de
1293 2214 1368 2247 qua
1399 2214 1439 2238 re
1471 2203 1626 2239 difficile

173 2261 234 2292 est
260 2257 427 2292 breviter
452 2258 506 2293 ita
532 2258 668 2302 dicere,
694 2263 738 2294 ut
763 2271 838 2294 non
863 2260 1069 2294 multorum
1093 2260 1431 2305 reprehensionem
1451 2271 1493 2295 ac
1517 2271 1625 2305 paene

176 2315 387 2349 convicium
412 2325 639 2352 moveamus.
700 2315 827 2351 Latini
851 2317 1057 2362 scriptores
1089 2328 1202 2361 quum
1233 2318 1317 2352 aliis
1342 2317 1520 2352 aetatibus
1553 2317 1626 2352 alia

172 2381 306 2405 vocum
335 2370 618 2406 scribendarum
644 2373 791 2408 ratione
817 2374 875 2408 usi
901 2377 1029 2408 essent
1053 2385 1123 2408 nec
1141 2374 1276 2410 eodem
1300 2378 1474 2419 tempore
1494 2385 1623 2409 omnes

173 2439 333 2472 prorsus
360 2428 503 2470 eadem,
529 2439 598 2464 nec
622 2429 714 2463 nihil
740 2430 886 2464 librarii
911 2431 950 2464 in
976 2430 1228 2466 describendo
1254 2434 1460 2466 novassent
1478 2435 1515 2466 et
1539 2431 1623 2465 viti—

172 2492 301 2519 assent
330 2484 454 2528 etiam,
481 2497 715 2521 communem
741 2487 904 2532 aliquam
930 2489 1304 2532 constantioremque
1323 2488 1480 2522 formam
1502 2499 1624 2533 gram-

171 2542 300 2575 matici
335 2541 459 2586 quarti
493 2543 690 2587 quintique
722 2545 848 2578 saeculi
880 2545 1171 2588 constituerunt,
1207 2545 1347 2590 partim
1381 2545 1429 2579 ad
1460 2555 1623 2589 pronun-

172 2598 375 2633 tiationem
399 2600 662 2643 recentiorem,
687 2602 827 2645 partim
861 2602 909 2636 ad
941 2602 1153 2647 analogiam
1186 2603 1374 2646 quandam
1406 2601 1622 2646 grammati-

172 2665 253 2689 cam
287 2656 628 2701 accommodatam3
666 2658 706 2692 in
739 2658 997 2704 antiquiorum
1029 2659 1256 2703 scriptorum
1289 2658 1482 2692 codicibus
1515 2660 1624 2692 vetu-

171 2711 269 2746 stior
295 2713 418 2747 forma
441 2713 497 2748 ita
521 2714 668 2758 mansit,
707 2718 749 2749 ut
774 2715 956 2760 paulatim
985 2714 1232 2750 describendo
1264 2714 1427 2759 plurima
1452 2726 1498 2749 ex
1523 2725 1626 2749 com-

1330 2773 1347 2798 1
