<?xml version="1.0" encoding="UTF-8"?>
<!DOCTYPE html PUBLIC "-//W3C//DTD XHTML 1.0 Transitional//EN"
    "http://www.w3.org/TR/xhtml1/DTD/xhtml1-transitional.dtd">
<html xmlns="http://www.w3.org/1999/xhtml" xml:lang="en" lang="en">
 <head>
  <title>
</title>
<meta http-equiv="Content-Type" content="text/html;charset=utf-8" />
  <meta name='ocr-system' content='tesseract 3.04.00' />
  <meta name='ocr-capabilities' content='ocr_page ocr_carea ocr_par ocr_line ocrx_word'/>
</head>
<body>
  <div class='ocr_page' id='page_1' title='image "./historiarumroman01livyuoft_0057.png"; bbox 0 0 1821 2928; ppageno 0'>
   <div class='ocr_carea' id='block_1_1' title="bbox 730 121 1526 162">
    <p class='ocr_par' dir='ltr' id='par_1_1' title="bbox 730 121 1526 162">
     <span class='ocr_line' id='line_1_1' title="bbox 730 121 1526 162; baseline 0.009 -7"><span class='ocrx_word' id='word_1_1' title='bbox 730 121 844 156; x_wconf 84' lang='lat' dir='ltr'>Liber</span> <span class='ocrx_word' id='word_1_2' title='bbox 867 124 896 155; x_wconf 93' lang='lat'>1.</span> <span class='ocrx_word' id='word_1_3' title='bbox 1476 124 1526 162; x_wconf 83' lang='lat'>31</span> 
     </span>
    </p>
   </div>
   <div class='ocr_carea' id='block_1_2' title="bbox 78 248 1664 2732">
    <p class='ocr_par' dir='ltr' id='par_1_2' title="bbox 88 248 1574 1874">
     <span class='ocr_line' id='line_1_2' title="bbox 93 248 1571 298; baseline -0.001 -12"><span class='ocrx_word' id='word_1_4' title='bbox 93 249 287 289; x_wconf 84' lang='lat' dir='ltr'>ruendam</span> <span class='ocrx_word' id='word_1_5' title='bbox 317 249 469 287; x_wconf 90' lang='lat' dir='ltr'>urbem.</span> <span class='ocrx_word' id='word_1_6' title='bbox 517 248 616 296; x_wconf 78' lang='lat' dir='ltr'>Quae</span> <span class='ocrx_word' id='word_1_7' title='bbox 646 249 716 286; x_wconf 87' lang='lat' dir='ltr'>ubi</span> <span class='ocrx_word' id='word_1_8' title='bbox 748 249 948 286; x_wconf 84' lang='lat' dir='ltr'>intravere</span> <span class='ocrx_word' id='word_1_9' title='bbox 978 252 1130 298; x_wconf 90' lang='lat' dir='ltr'>portas,</span> <span class='ocrx_word' id='word_1_10' title='bbox 1162 261 1241 286; x_wconf 92' lang='lat' dir='ltr'>non</span> <span class='ocrx_word' id='word_1_11' title='bbox 1267 248 1429 298; x_wconf 91' lang='lat' dir='ltr'>quidem</span> <span class='ocrx_word' id='word_1_12' title='bbox 1453 249 1528 286; x_wconf 88' lang='lat' dir='ltr'>fuit</span> <span class='ocrx_word' id='word_1_13' title='bbox 1547 249 1571 284; x_wconf 80' lang='lat'><strong>2</strong></span> 
     </span>
     <span class='ocr_line' id='line_1_3' title="bbox 91 319 1530 370; baseline -0.001 -12"><span class='ocrx_word' id='word_1_14' title='bbox 91 321 287 359; x_wconf 89' lang='lat' dir='ltr'>tumultus</span> <span class='ocrx_word' id='word_1_15' title='bbox 325 321 395 358; x_wconf 88' lang='lat' dir='ltr'>ille</span> <span class='ocrx_word' id='word_1_16' title='bbox 425 333 497 358; x_wconf 88' lang='lat' dir='ltr'>nec</span> <span class='ocrx_word' id='word_1_17' title='bbox 528 333 664 370; x_wconf 88' lang='lat' dir='ltr'>pavor,</span> <span class='ocrx_word' id='word_1_18' title='bbox 710 319 839 370; x_wconf 90' lang='lat' dir='ltr'>qualis</span> <span class='ocrx_word' id='word_1_19' title='bbox 871 324 1077 369; x_wconf 88' lang='lat' dir='ltr'>captarum</span> <span class='ocrx_word' id='word_1_20' title='bbox 1109 333 1193 358; x_wconf 90' lang='lat' dir='ltr'>esse</span> <span class='ocrx_word' id='word_1_21' title='bbox 1224 320 1385 358; x_wconf 85' lang='lat' dir='ltr'>urbium</span> <span class='ocrx_word' id='word_1_22' title='bbox 1415 320 1530 369; x_wconf 90' lang='lat' dir='ltr'>solet,</span> 
     </span>
     <span class='ocr_line' id='line_1_4' title="bbox 93 391 1528 443; baseline -0.002 -11"><span class='ocrx_word' id='word_1_23' title='bbox 93 405 228 443; x_wconf 90' lang='lat' dir='ltr'>quum,</span> <span class='ocrx_word' id='word_1_24' title='bbox 261 391 432 430; x_wconf 85' lang='lat' dir='ltr'>effractis</span> <span class='ocrx_word' id='word_1_25' title='bbox 462 391 591 442; x_wconf 85' lang='lat' dir='ltr'>portis</span> <span class='ocrx_word' id='word_1_26' title='bbox 621 391 808 429; x_wconf 88' lang='lat' dir='ltr'>stratisve</span> <span class='ocrx_word' id='word_1_27' title='bbox 831 391 958 429; x_wconf 92' lang='lat' dir='ltr'>ariete</span> <span class='ocrx_word' id='word_1_28' title='bbox 982 391 1103 428; x_wconf 91' lang='lat' dir='ltr'>muris</span> <span class='ocrx_word' id='word_1_29' title='bbox 1129 394 1198 429; x_wconf 88' lang='lat' dir='ltr'>aut</span> <span class='ocrx_word' id='word_1_30' title='bbox 1222 404 1310 429; x_wconf 89' lang='lat' dir='ltr'>arce</span> <span class='ocrx_word' id='word_1_31' title='bbox 1335 391 1375 429; x_wconf 87' lang='lat' dir='ltr'>vi</span> <span class='ocrx_word' id='word_1_32' title='bbox 1399 394 1528 441; x_wconf 88' lang='lat' dir='ltr'>capta,</span> 
     </span>
     <span class='ocr_line' id='line_1_5' title="bbox 94 462 1529 513; baseline -0.003 -8"><span class='ocrx_word' id='word_1_33' title='bbox 94 463 244 505; x_wconf 72' lang='lat' dir='ltr'>elamor</span> <span class='ocrx_word' id='word_1_34' title='bbox 274 463 436 503; x_wconf 90' lang='lat' dir='ltr'>hostilis</span> <span class='ocrx_word' id='word_1_35' title='bbox 475 467 514 502; x_wconf 92' lang='lat' dir='ltr'>et</span> <span class='ocrx_word' id='word_1_36' title='bbox 544 476 682 501; x_wconf 90' lang='lat' dir='ltr'>cursus</span> <span class='ocrx_word' id='word_1_37' title='bbox 713 476 784 513; x_wconf 91' lang='lat' dir='ltr'>per</span> <span class='ocrx_word' id='word_1_38' title='bbox 813 462 953 500; x_wconf 89' lang='lat' dir='ltr'>urbem</span> <span class='ocrx_word' id='word_1_39' title='bbox 984 465 1227 500; x_wconf 86' lang='lat' dir='ltr'>armatorum</span> <span class='ocrx_word' id='word_1_40' title='bbox 1259 463 1393 501; x_wconf 90' lang='lat' dir='ltr'>omnia</span> <span class='ocrx_word' id='word_1_41' title='bbox 1423 463 1529 501; x_wconf 87' lang='lat' dir='ltr'>ferro</span> 
     </span>
     <span class='ocr_line' id='line_1_6' title="bbox 92 531 1574 586; baseline -0.001 -12"><span class='ocrx_word' id='word_1_42' title='bbox 92 534 328 586; x_wconf 66' lang='lat' dir='ltr'>flammaque</span> <span class='ocrx_word' id='word_1_43' title='bbox 359 537 517 583; x_wconf 85' lang='lat' dir='ltr'>miscet3</span> <span class='ocrx_word' id='word_1_44' title='bbox 548 535 617 573; x_wconf 88' lang='lat' dir='ltr'>sed</span> <span class='ocrx_word' id='word_1_45' title='bbox 649 535 853 573; x_wconf 89' lang='lat' dir='ltr'>silentium</span> <span class='ocrx_word' id='word_1_46' title='bbox 882 534 998 571; x_wconf 87' lang='lat' dir='ltr'>triste</span> <span class='ocrx_word' id='word_1_47' title='bbox 1035 547 1080 571; x_wconf 87' lang='lat' dir='ltr'>ac</span> <span class='ocrx_word' id='word_1_48' title='bbox 1113 534 1236 572; x_wconf 87' lang='lat' dir='ltr'>tacita</span> <span class='ocrx_word' id='word_1_49' title='bbox 1260 535 1450 573; x_wconf 69' lang='lat' dir='ltr'>maestitia</span> <span class='ocrx_word' id='word_1_50' title='bbox 1473 531 1574 572; x_wconf 79' lang='lat' dir='ltr'>ita3</span> 
     </span>
     <span class='ocr_line' id='line_1_7' title="bbox 91 604 1528 657; baseline -0.001 -11"><span class='ocrx_word' id='word_1_51' title='bbox 91 607 232 646; x_wconf 72' lang='lat' dir='ltr'>defixit</span> <span class='ocrx_word' id='word_1_52' title='bbox 258 608 435 646; x_wconf 89' lang='lat' dir='ltr'>omnium</span> <span class='ocrx_word' id='word_1_53' title='bbox 459 607 625 653; x_wconf 87' lang='lat' dir='ltr'>animos,</span> <span class='ocrx_word' id='word_1_54' title='bbox 649 610 695 644; x_wconf 93' lang='lat' dir='ltr'>ut</span> <span class='ocrx_word' id='word_1_55' title='bbox 710 619 793 657; x_wconf 87' lang='lat' dir='ltr'>prae</span> <span class='ocrx_word' id='word_1_56' title='bbox 810 609 919 643; x_wconf 92' lang='lat' dir='ltr'>metu</span> <span class='ocrx_word' id='word_1_57' title='bbox 937 604 1101 656; x_wconf 90' lang='lat' dir='ltr'>[obliti],</span> <span class='ocrx_word' id='word_1_58' title='bbox 1126 605 1224 655; x_wconf 89' lang='lat' dir='ltr'>quid</span> <span class='ocrx_word' id='word_1_59' title='bbox 1242 606 1528 657; x_wconf 76' lang='lat' dir='ltr'>relinquerent,</span> 
     </span>
     <span class='ocr_line' id='line_1_8' title="bbox 93 677 1529 729; baseline 0 -13"><span class='ocrx_word' id='word_1_60' title='bbox 93 678 190 729; x_wconf 88' lang='lat' dir='ltr'>quid</span> <span class='ocrx_word' id='word_1_61' title='bbox 222 691 354 717; x_wconf 90' lang='lat' dir='ltr'>secum</span> <span class='ocrx_word' id='word_1_62' title='bbox 378 679 540 727; x_wconf 87' lang='lat' dir='ltr'>ferrent,</span> <span class='ocrx_word' id='word_1_63' title='bbox 574 678 784 717; x_wconf 88' lang='lat' dir='ltr'>deficiente</span> <span class='ocrx_word' id='word_1_64' title='bbox 809 677 975 716; x_wconf 89' lang='lat' dir='ltr'>consilio</span> <span class='ocrx_word' id='word_1_65' title='bbox 992 677 1296 727; x_wconf 78' lang='lat' dir='ltr'>rogitantesque</span> <span class='ocrx_word' id='word_1_66' title='bbox 1320 678 1392 716; x_wconf 88' lang='lat' dir='ltr'>alii</span> <span class='ocrx_word' id='word_1_67' title='bbox 1415 679 1529 727; x_wconf 89' lang='lat' dir='ltr'>alios,</span> 
     </span>
     <span class='ocr_line' id='line_1_9' title="bbox 91 748 1528 800; baseline -0.002 -9"><span class='ocrx_word' id='word_1_68' title='bbox 91 763 197 791; x_wconf 84' lang='lat' dir='ltr'>nunc</span> <span class='ocrx_word' id='word_1_69' title='bbox 221 751 262 788; x_wconf 91' lang='lat' dir='ltr'>in</span> <span class='ocrx_word' id='word_1_70' title='bbox 289 750 498 789; x_wconf 81' lang='lat' dir='ltr'>liminibus</span> <span class='ocrx_word' id='word_1_71' title='bbox 515 753 680 800; x_wconf 77' lang='lat' dir='ltr'>starent,</span> <span class='ocrx_word' id='word_1_72' title='bbox 706 762 811 788; x_wconf 90' lang='lat' dir='ltr'>nunc</span> <span class='ocrx_word' id='word_1_73' title='bbox 829 748 1048 787; x_wconf 81' lang='lat' dir='ltr'><strong>errabundi</strong></span> <span class='ocrx_word' id='word_1_74' title='bbox 1065 748 1201 786; x_wconf 90' lang='lat' dir='ltr'>domos</span> <span class='ocrx_word' id='word_1_75' title='bbox 1219 762 1321 796; x_wconf 88' lang='lat' dir='ltr'>suas,</span> <span class='ocrx_word' id='word_1_76' title='bbox 1344 750 1528 788; x_wconf 90' lang='lat' dir='ltr'>ultimum</span> 
     </span>
     <span class='ocr_line' id='line_1_10' title="bbox 92 819 1572 872; baseline -0.003 -13"><span class='ocrx_word' id='word_1_77' title='bbox 92 821 192 860; x_wconf 89' lang='lat' dir='ltr'>illud</span> <span class='ocrx_word' id='word_1_78' title='bbox 222 822 361 869; x_wconf 87' lang='lat' dir='ltr'>visuri,</span> <span class='ocrx_word' id='word_1_79' title='bbox 391 825 722 872; x_wconf 80' lang='lat' dir='ltr'>pervagarentur.</span> <span class='ocrx_word' id='word_1_80' title='bbox 772 821 830 860; x_wconf 91' lang='lat' dir='ltr'>Ut</span> <span class='ocrx_word' id='word_1_81' title='bbox 858 834 952 859; x_wconf 89' lang='lat' dir='ltr'>vero</span> <span class='ocrx_word' id='word_1_82' title='bbox 978 820 1055 858; x_wconf 90' lang='lat' dir='ltr'>iam</span> <span class='ocrx_word' id='word_1_83' title='bbox 1083 820 1262 870; x_wconf 90' lang='lat' dir='ltr'>equitum</span> <span class='ocrx_word' id='word_1_84' title='bbox 1288 822 1438 859; x_wconf 88' lang='lat' dir='ltr'>clamor</span> <span class='ocrx_word' id='word_1_85' title='bbox 1461 835 1527 859; x_wconf 87' lang='lat' dir='ltr'>ex·</span> <span class='ocrx_word' id='word_1_86' title='bbox 1545 819 1572 855; x_wconf 83' lang='lat'>4</span> 
     </span>
     <span class='ocr_line' id='line_1_11' title="bbox 93 892 1527 943; baseline -0.001 -12"><span class='ocrx_word' id='word_1_87' title='bbox 93 893 152 933; x_wconf 71' lang='lat' dir='ltr'>ire</span> <span class='ocrx_word' id='word_1_88' title='bbox 176 893 398 932; x_wconf 89' lang='lat' dir='ltr'>iubentium</span> <span class='ocrx_word' id='word_1_89' title='bbox 422 893 610 940; x_wconf 88' lang='lat' dir='ltr'>instabat,</span> <span class='ocrx_word' id='word_1_90' title='bbox 642 893 721 931; x_wconf 88' lang='lat' dir='ltr'>iam</span> <span class='ocrx_word' id='word_1_91' title='bbox 747 893 884 942; x_wconf 84' lang='lat' dir='ltr'>fragor</span> <span class='ocrx_word' id='word_1_92' title='bbox 907 895 1116 939; x_wconf 90' lang='lat' dir='ltr'>tectorum,</span> <span class='ocrx_word' id='word_1_93' title='bbox 1140 905 1230 943; x_wconf 80' lang='lat' dir='ltr'>quse</span> <span class='ocrx_word' id='word_1_94' title='bbox 1254 892 1527 939; x_wconf 73' lang='lat' dir='ltr'>diruebantur,</span> 
     </span>
     <span class='ocr_line' id='line_1_12' title="bbox 89 964 1529 1015; baseline -0.001 -11"><span class='ocrx_word' id='word_1_95' title='bbox 89 965 243 1004; x_wconf 85' lang='lat' dir='ltr'>ultimis</span> <span class='ocrx_word' id='word_1_96' title='bbox 269 965 381 1003; x_wconf 91' lang='lat' dir='ltr'>urbis</span> <span class='ocrx_word' id='word_1_97' title='bbox 398 965 583 1015; x_wconf 89' lang='lat' dir='ltr'>partibus</span> <span class='ocrx_word' id='word_1_98' title='bbox 599 964 848 1012; x_wconf 74' lang='lat' dir='ltr'>audiebatur,</span> <span class='ocrx_word' id='word_1_99' title='bbox 873 964 1084 1015; x_wconf 90' lang='lat' dir='ltr'>pulvisque</span> <span class='ocrx_word' id='word_1_100' title='bbox 1101 977 1148 1002; x_wconf 84' lang='lat' dir='ltr'>ex</span> <span class='ocrx_word' id='word_1_101' title='bbox 1166 964 1413 1003; x_wconf 89' lang='lat' dir='ltr'>distantibus</span> <span class='ocrx_word' id='word_1_102' title='bbox 1429 965 1529 1003; x_wconf 87' lang='lat' dir='ltr'>locis</span> 
     </span>
     <span class='ocr_line' id='line_1_13' title="bbox 91 1036 1529 1087; baseline -0.001 -12"><span class='ocrx_word' id='word_1_103' title='bbox 91 1040 202 1077; x_wconf 69' lang='lat' dir='ltr'>ortus</span> <span class='ocrx_word' id='word_1_104' title='bbox 217 1037 328 1076; x_wconf 89' lang='lat' dir='ltr'>velut</span> <span class='ocrx_word' id='word_1_105' title='bbox 344 1037 449 1075; x_wconf 88' lang='lat' dir='ltr'>nube</span> <span class='ocrx_word' id='word_1_106' title='bbox 466 1036 632 1074; x_wconf 90' lang='lat' dir='ltr'>inducta</span> <span class='ocrx_word' id='word_1_107' title='bbox 648 1036 781 1075; x_wconf 89' lang='lat' dir='ltr'>omnia</span> <span class='ocrx_word' id='word_1_108' title='bbox 797 1036 1043 1086; x_wconf 88' lang='lat' dir='ltr'>impleverat,</span> <span class='ocrx_word' id='word_1_109' title='bbox 1066 1036 1227 1086; x_wconf 86' lang='lat' dir='ltr'>raptim,</span> <span class='ocrx_word' id='word_1_110' title='bbox 1256 1037 1402 1087; x_wconf 87' lang='lat' dir='ltr'>quibus</span> <span class='ocrx_word' id='word_1_111' title='bbox 1422 1037 1529 1087; x_wconf 91' lang='lat' dir='ltr'>quis-</span> 
     </span>
     <span class='ocr_line' id='line_1_14' title="bbox 91 1108 1529 1159; baseline -0.001 -12"><span class='ocrx_word' id='word_1_112' title='bbox 91 1121 167 1159; x_wconf 90' lang='lat' dir='ltr'>que</span> <span class='ocrx_word' id='word_1_113' title='bbox 190 1112 359 1159; x_wconf 87' lang='lat' dir='ltr'>poterat,</span> <span class='ocrx_word' id='word_1_114' title='bbox 385 1108 513 1159; x_wconf 87' lang='lat' dir='ltr'>elatis,</span> <span class='ocrx_word' id='word_1_115' title='bbox 540 1121 663 1158; x_wconf 90' lang='lat' dir='ltr'>quum</span> <span class='ocrx_word' id='word_1_116' title='bbox 686 1108 809 1146; x_wconf 85' lang='lat' dir='ltr'>larem</span> <span class='ocrx_word' id='word_1_117' title='bbox 833 1121 879 1146; x_wconf 87' lang='lat' dir='ltr'>ac</span> <span class='ocrx_word' id='word_1_118' title='bbox 902 1111 1066 1159; x_wconf 87' lang='lat' dir='ltr'>penates</span> <span class='ocrx_word' id='word_1_119' title='bbox 1090 1111 1286 1158; x_wconf 85' lang='lat' dir='ltr'>tectaque,</span> <span class='ocrx_word' id='word_1_120' title='bbox 1315 1109 1357 1147; x_wconf 90' lang='lat' dir='ltr'>in</span> <span class='ocrx_word' id='word_1_121' title='bbox 1381 1108 1529 1159; x_wconf 88' lang='lat' dir='ltr'>quibus</span> 
     </span>
     <span class='ocr_line' id='line_1_15' title="bbox 90 1180 1571 1231; baseline 0 -13"><span class='ocrx_word' id='word_1_122' title='bbox 90 1184 206 1221; x_wconf 77' lang='lat' dir='ltr'>natus</span> <span class='ocrx_word' id='word_1_123' title='bbox 233 1180 401 1231; x_wconf 90' lang='lat' dir='ltr'>quisque</span> <span class='ocrx_word' id='word_1_124' title='bbox 425 1180 693 1230; x_wconf 77' lang='lat' dir='ltr'>educatusque</span> <span class='ocrx_word' id='word_1_125' title='bbox 710 1183 826 1226; x_wconf 86' lang='lat' dir='ltr'>esset,</span> <span class='ocrx_word' id='word_1_126' title='bbox 853 1180 1127 1230; x_wconf 76' lang='lat' dir='ltr'>relinquentes</span> <span class='ocrx_word' id='word_1_127' title='bbox 1144 1180 1314 1227; x_wconf 86' lang='lat' dir='ltr'>exirent,</span> <span class='ocrx_word' id='word_1_128' title='bbox 1340 1181 1420 1218; x_wconf 88' lang='lat' dir='ltr'>iam</span> <span class='ocrx_word' id='word_1_129' title='bbox 1435 1193 1527 1218; x_wconf 88' lang='lat' dir='ltr'>con·</span> <span class='ocrx_word' id='word_1_130' title='bbox 1545 1180 1571 1218; x_wconf 87' lang='lat'>5</span> 
     </span>
     <span class='ocr_line' id='line_1_16' title="bbox 88 1251 1528 1302; baseline -0.001 -12"><span class='ocrx_word' id='word_1_131' title='bbox 88 1252 220 1291; x_wconf 86' lang='lat' dir='ltr'>tineus</span> <span class='ocrx_word' id='word_1_132' title='bbox 251 1265 394 1301; x_wconf 87' lang='lat' dir='ltr'>agmen</span> <span class='ocrx_word' id='word_1_133' title='bbox 424 1252 684 1302; x_wconf 83' lang='lat' dir='ltr'>migrantium</span> <span class='ocrx_word' id='word_1_134' title='bbox 716 1252 957 1302; x_wconf 87' lang='lat' dir='ltr'>impleverat</span> <span class='ocrx_word' id='word_1_135' title='bbox 979 1252 1076 1299; x_wconf 87' lang='lat' dir='ltr'>vias,</span> <span class='ocrx_word' id='word_1_136' title='bbox 1108 1255 1149 1289; x_wconf 90' lang='lat' dir='ltr'>et</span> <span class='ocrx_word' id='word_1_137' title='bbox 1171 1255 1408 1302; x_wconf 86' lang='lat' dir='ltr'>conspectus</span> <span class='ocrx_word' id='word_1_138' title='bbox 1431 1251 1528 1289; x_wconf 93' lang='lat' dir='ltr'>alio-</span> 
     </span>
     <span class='ocr_line' id='line_1_17' title="bbox 89 1323 1529 1373; baseline -0.001 -11"><span class='ocrx_word' id='word_1_139' title='bbox 89 1336 176 1362; x_wconf 87' lang='lat' dir='ltr'>rum</span> <span class='ocrx_word' id='word_1_140' title='bbox 221 1327 359 1362; x_wconf 89' lang='lat' dir='ltr'>mutua</span> <span class='ocrx_word' id='word_1_141' title='bbox 390 1324 644 1362; x_wconf 88' lang='lat' dir='ltr'>miseratione</span> <span class='ocrx_word' id='word_1_142' title='bbox 673 1323 905 1372; x_wconf 80' lang='lat' dir='ltr'>integrabat</span> <span class='ocrx_word' id='word_1_143' title='bbox 935 1323 1135 1370; x_wconf 85' lang='lat' dir='ltr'>lacrimas,</span> <span class='ocrx_word' id='word_1_144' title='bbox 1179 1336 1376 1373; x_wconf 87' lang='lat' dir='ltr'>vocesque</span> <span class='ocrx_word' id='word_1_145' title='bbox 1408 1323 1529 1362; x_wconf 90' lang='lat' dir='ltr'>etiam</span> 
     </span>
     <span class='ocr_line' id='line_1_18' title="bbox 89 1394 1527 1444; baseline -0.001 -11"><span class='ocrx_word' id='word_1_146' title='bbox 89 1395 336 1434; x_wconf 80' lang='lat' dir='ltr'>miserabiles</span> <span class='ocrx_word' id='word_1_147' title='bbox 351 1395 682 1441; x_wconf 84' lang='lat' dir='ltr'>exaudiebantur,</span> <span class='ocrx_word' id='word_1_148' title='bbox 701 1394 913 1432; x_wconf 87' lang='lat' dir='ltr'>mulierum</span> <span class='ocrx_word' id='word_1_149' title='bbox 930 1395 1145 1444; x_wconf 88' lang='lat' dir='ltr'>praecipue,</span> <span class='ocrx_word' id='word_1_150' title='bbox 1157 1407 1279 1444; x_wconf 92' lang='lat' dir='ltr'>quum</span> <span class='ocrx_word' id='word_1_151' title='bbox 1298 1394 1461 1433; x_wconf 90' lang='lat' dir='ltr'>obsessa</span> <span class='ocrx_word' id='word_1_152' title='bbox 1477 1395 1527 1432; x_wconf 88' lang='lat' dir='ltr'>ab</span> 
     </span>
     <span class='ocr_line' id='line_1_19' title="bbox 90 1466 1526 1516; baseline -0.001 -12"><span class='ocrx_word' id='word_1_153' title='bbox 90 1467 255 1505; x_wconf 84' lang='lat' dir='ltr'>armatis</span> <span class='ocrx_word' id='word_1_154' title='bbox 285 1466 436 1516; x_wconf 90' lang='lat' dir='ltr'>templa</span> <span class='ocrx_word' id='word_1_155' title='bbox 467 1470 636 1516; x_wconf 85' lang='lat' dir='ltr'>augusta</span> <span class='ocrx_word' id='word_1_156' title='bbox 667 1466 923 1516; x_wconf 84' lang='lat' dir='ltr'>praeterirent</span> <span class='ocrx_word' id='word_1_157' title='bbox 953 1479 998 1504; x_wconf 89' lang='lat' dir='ltr'>ac</span> <span class='ocrx_word' id='word_1_158' title='bbox 1027 1466 1137 1504; x_wconf 87' lang='lat' dir='ltr'>velut</span> <span class='ocrx_word' id='word_1_159' title='bbox 1163 1469 1301 1516; x_wconf 88' lang='lat' dir='ltr'>captos</span> <span class='ocrx_word' id='word_1_160' title='bbox 1324 1466 1526 1516; x_wconf 89' lang='lat' dir='ltr'>relinque-</span> 
     </span>
     <span class='ocr_line' id='line_1_20' title="bbox 90 1537 1570 1588; baseline -0.001 -12"><span class='ocrx_word' id='word_1_161' title='bbox 90 1541 179 1576; x_wconf 88' lang='lat' dir='ltr'>rent</span> <span class='ocrx_word' id='word_1_162' title='bbox 210 1538 315 1576; x_wconf 88' lang='lat' dir='ltr'>deos.</span> <span class='ocrx_word' id='word_1_163' title='bbox 376 1537 560 1587; x_wconf 87' lang='lat' dir='ltr'>Egressis</span> <span class='ocrx_word' id='word_1_164' title='bbox 592 1538 690 1575; x_wconf 90' lang='lat' dir='ltr'>urbe</span> <span class='ocrx_word' id='word_1_165' title='bbox 721 1537 910 1585; x_wconf 88' lang='lat' dir='ltr'>Albanis,</span> <span class='ocrx_word' id='word_1_166' title='bbox 955 1537 1160 1575; x_wconf 89' lang='lat' dir='ltr'>Romanus</span> <span class='ocrx_word' id='word_1_167' title='bbox 1190 1538 1338 1587; x_wconf 88' lang='lat' dir='ltr'>passim</span> <span class='ocrx_word' id='word_1_168' title='bbox 1367 1537 1528 1588; x_wconf 89' lang='lat' dir='ltr'>publica</span> <span class='ocrx_word' id='word_1_169' title='bbox 1547 1538 1570 1575; x_wconf 89' lang='grc'>6</span> 
     </span>
     <span class='ocr_line' id='line_1_21' title="bbox 89 1609 1528 1660; baseline -0.001 -12"><span class='ocrx_word' id='word_1_170' title='bbox 89 1610 327 1660; x_wconf 88' lang='lat' dir='ltr'>privataque</span> <span class='ocrx_word' id='word_1_171' title='bbox 357 1609 489 1647; x_wconf 90' lang='lat' dir='ltr'>omnia</span> <span class='ocrx_word' id='word_1_172' title='bbox 518 1613 625 1647; x_wconf 90' lang='lat' dir='ltr'>tecta</span> <span class='ocrx_word' id='word_1_173' title='bbox 655 1609 840 1659; x_wconf 86' lang='lat' dir='ltr'>adaequat</span> <span class='ocrx_word' id='word_1_174' title='bbox 871 1609 968 1659; x_wconf 91' lang='lat' dir='ltr'>solo,</span> <span class='ocrx_word' id='word_1_175' title='bbox 1015 1622 1175 1659; x_wconf 89' lang='lat' dir='ltr'>unaque</span> <span class='ocrx_word' id='word_1_176' title='bbox 1205 1609 1305 1646; x_wconf 88' lang='lat' dir='ltr'>hora</span> <span class='ocrx_word' id='word_1_177' title='bbox 1335 1609 1528 1659; x_wconf 88' lang='lat' dir='ltr'>quadrin-</span> 
     </span>
     <span class='ocr_line' id='line_1_22' title="bbox 90 1680 1527 1731; baseline -0.001 -12"><span class='ocrx_word' id='word_1_178' title='bbox 90 1683 299 1730; x_wconf 80' lang='lat' dir='ltr'>gentorum</span> <span class='ocrx_word' id='word_1_179' title='bbox 324 1693 518 1718; x_wconf 90' lang='lat' dir='ltr'>annorum</span> <span class='ocrx_word' id='word_1_180' title='bbox 545 1694 658 1731; x_wconf 89' lang='lat' dir='ltr'>opus,</span> <span class='ocrx_word' id='word_1_181' title='bbox 692 1681 837 1731; x_wconf 90' lang='lat' dir='ltr'>quibus</span> <span class='ocrx_word' id='word_1_182' title='bbox 855 1680 966 1719; x_wconf 91' lang='lat' dir='ltr'>Alba</span> <span class='ocrx_word' id='word_1_183' title='bbox 989 1684 1167 1727; x_wconf 89' lang='lat' dir='ltr'>steterat,</span> <span class='ocrx_word' id='word_1_184' title='bbox 1194 1680 1352 1719; x_wconf 89' lang='lat' dir='ltr'>excidio</span> <span class='ocrx_word' id='word_1_185' title='bbox 1376 1694 1422 1723; x_wconf 87' lang='lat' dir='ltr'>ac</span> <span class='ocrx_word' id='word_1_186' title='bbox 1445 1680 1527 1718; x_wconf 88' lang='lat' dir='ltr'>rui-</span> 
     </span>
     <span class='ocr_line' id='line_1_23' title="bbox 88 1751 1528 1802; baseline 0.001 -13"><span class='ocrx_word' id='word_1_187' title='bbox 88 1752 151 1791; x_wconf 86' lang='lat' dir='ltr'>nis</span> <span class='ocrx_word' id='word_1_188' title='bbox 182 1751 304 1790; x_wconf 88' lang='lat' dir='ltr'>dedit.</span> <span class='ocrx_word' id='word_1_189' title='bbox 365 1751 544 1802; x_wconf 79' lang='lat' dir='ltr'>Templis</span> <span class='ocrx_word' id='word_1_190' title='bbox 589 1756 722 1791; x_wconf 90' lang='lat' dir='ltr'>tamen</span> <span class='ocrx_word' id='word_1_191' title='bbox 753 1753 870 1791; x_wconf 91' lang='lat' dir='ltr'>deum</span> <span class='ocrx_word' id='word_1_192' title='bbox 901 1753 975 1802; x_wconf 89' lang='lat' dir='ltr'>(ita</span> <span class='ocrx_word' id='word_1_193' title='bbox 1006 1753 1110 1790; x_wconf 90' lang='lat' dir='ltr'>enim</span> <span class='ocrx_word' id='word_1_194' title='bbox 1143 1751 1320 1790; x_wconf 89' lang='lat' dir='ltr'>edictum</span> <span class='ocrx_word' id='word_1_195' title='bbox 1352 1754 1402 1791; x_wconf 90' lang='lat' dir='ltr'>ab</span> <span class='ocrx_word' id='word_1_196' title='bbox 1433 1766 1528 1802; x_wconf 82' lang='lat' dir='ltr'>rege</span> 
     </span>
     <span class='ocr_line' id='line_1_24' title="bbox 88 1823 629 1874; baseline 0.004 -13"><span class='ocrx_word' id='word_1_197' title='bbox 88 1823 233 1874; x_wconf 83' lang='lat' dir='ltr'>fuerat)</span> <span class='ocrx_word' id='word_1_198' title='bbox 263 1827 528 1874; x_wconf 90' lang='lat' dir='ltr'>temperatum</span> <span class='ocrx_word' id='word_1_199' title='bbox 559 1827 629 1864; x_wconf 86' lang='lat' dir='ltr'>est.</span> 
     </span>
    </p>

    <p class='ocr_par' dir='ltr' id='par_1_3' title="bbox 78 1888 1664 2660">
     <span class='ocr_line' id='line_1_25' title="bbox 201 1888 1664 1946; baseline 0 -13"><span class='ocrx_word' id='word_1_200' title='bbox 201 1894 332 1933; x_wconf 86' lang='lat' dir='ltr'>Roma</span> <span class='ocrx_word' id='word_1_201' title='bbox 375 1895 534 1934; x_wconf 86' lang='lat' dir='ltr'>interim</span> <span class='ocrx_word' id='word_1_202' title='bbox 575 1896 719 1934; x_wconf 90' lang='lat' dir='ltr'>crescit</span> <span class='ocrx_word' id='word_1_203' title='bbox 749 1896 870 1934; x_wconf 87' lang='lat' dir='ltr'>Albae</span> <span class='ocrx_word' id='word_1_204' title='bbox 900 1896 1039 1934; x_wconf 89' lang='lat' dir='ltr'>ruinis.</span> <span class='ocrx_word' id='word_1_205' title='bbox 1101 1895 1349 1946; x_wconf 90' lang='lat' dir='ltr'>Duplicatur</span> <span class='ocrx_word' id='word_1_206' title='bbox 1381 1896 1528 1934; x_wconf 89' lang='lat' dir='ltr'>civium</span> <span class='ocrx_word' id='word_1_207' title='bbox 1607 1888 1664 1938; x_wconf 84' lang='grc'>30</span> 
     </span>
     <span class='ocr_line' id='line_1_26' title="bbox 88 1966 1524 2018; baseline 0.001 -15"><span class='ocrx_word' id='word_1_208' title='bbox 88 1979 291 2013; x_wconf 87' lang='lat' dir='ltr'>numerus;</span> <span class='ocrx_word' id='word_1_209' title='bbox 331 1966 477 2005; x_wconf 81' lang='lat' dir='ltr'>Caelius</span> <span class='ocrx_word' id='word_1_210' title='bbox 508 1967 671 2006; x_wconf 87' lang='lat' dir='ltr'>additur</span> <span class='ocrx_word' id='word_1_211' title='bbox 700 1968 791 2006; x_wconf 89' lang='lat' dir='ltr'>urbi</span> <span class='ocrx_word' id='word_1_212' title='bbox 823 1981 948 2016; x_wconf 89' lang='lat' dir='ltr'>mons,</span> <span class='ocrx_word' id='word_1_213' title='bbox 978 1971 1030 2017; x_wconf 92' lang='lat' dir='ltr'>et,</span> <span class='ocrx_word' id='word_1_214' title='bbox 1063 1981 1141 2018; x_wconf 93' lang='lat' dir='ltr'>quo</span> <span class='ocrx_word' id='word_1_215' title='bbox 1173 1967 1426 2018; x_wconf 88' lang='lat' dir='ltr'>frequentius</span> <span class='ocrx_word' id='word_1_216' title='bbox 1456 1966 1524 2004; x_wconf 88' lang='lat' dir='ltr'>ha-</span> 
     </span>
     <span class='ocr_line' id='line_1_27' title="bbox 87 2037 1526 2090; baseline 0.001 -15"><span class='ocrx_word' id='word_1_217' title='bbox 87 2037 297 2087; x_wconf 89' lang='lat' dir='ltr'>bitaretur,</span> <span class='ocrx_word' id='word_1_218' title='bbox 331 2051 415 2076; x_wconf 91' lang='lat' dir='ltr'>eam</span> <span class='ocrx_word' id='word_1_219' title='bbox 446 2038 576 2077; x_wconf 90' lang='lat' dir='ltr'>sedem</span> <span class='ocrx_word' id='word_1_220' title='bbox 600 2038 743 2077; x_wconf 86' lang='lat' dir='ltr'>Tullus</span> <span class='ocrx_word' id='word_1_221' title='bbox 774 2040 895 2089; x_wconf 86' lang='lat' dir='ltr'>regiae</span> <span class='ocrx_word' id='word_1_222' title='bbox 922 2039 1044 2090; x_wconf 85' lang='lat' dir='ltr'>capit,</span> <span class='ocrx_word' id='word_1_223' title='bbox 1076 2039 1215 2089; x_wconf 89' lang='lat' dir='ltr'>ibique</span> <span class='ocrx_word' id='word_1_224' title='bbox 1244 2038 1390 2077; x_wconf 90' lang='lat' dir='ltr'>deinde</span> <span class='ocrx_word' id='word_1_225' title='bbox 1413 2038 1526 2081; x_wconf 85' lang='lat' dir='ltr'>habi—</span> 
     </span>
     <span class='ocr_line' id='line_1_28' title="bbox 86 2108 1568 2162; baseline 0.001 -16"><span class='ocrx_word' id='word_1_226' title='bbox 86 2109 199 2147; x_wconf 84' lang='lat' dir='ltr'>tavit.</span> <span class='ocrx_word' id='word_1_227' title='bbox 245 2108 456 2160; x_wconf 83' lang='lat' dir='ltr'>Principes</span> <span class='ocrx_word' id='word_1_228' title='bbox 473 2110 726 2149; x_wconf 89' lang='lat' dir='ltr'>Albanorum</span> <span class='ocrx_word' id='word_1_229' title='bbox 756 2111 797 2149; x_wconf 88' lang='lat' dir='ltr'>in</span> <span class='ocrx_word' id='word_1_230' title='bbox 828 2115 975 2162; x_wconf 86' lang='lat' dir='ltr'>patres,</span> <span class='ocrx_word' id='word_1_231' title='bbox 1005 2115 1052 2149; x_wconf 91' lang='lat' dir='ltr'>ut</span> <span class='ocrx_word' id='word_1_232' title='bbox 1081 2124 1128 2149; x_wconf 90' lang='lat' dir='ltr'>ea</span> <span class='ocrx_word' id='word_1_233' title='bbox 1159 2123 1317 2161; x_wconf 89' lang='lat' dir='ltr'>quoque</span> <span class='ocrx_word' id='word_1_234' title='bbox 1347 2123 1442 2161; x_wconf 87' lang='lat' dir='ltr'>pars</span> <span class='ocrx_word' id='word_1_235' title='bbox 1466 2110 1526 2148; x_wconf 88' lang='lat' dir='ltr'>rei</span> <span class='ocrx_word' id='word_1_236' title='bbox 1544 2108 1568 2144; x_wconf 80' lang='lat'>2</span> 
     </span>
     <span class='ocr_line' id='line_1_29' title="bbox 87 2179 1525 2232; baseline 0.002 -15"><span class='ocrx_word' id='word_1_237' title='bbox 87 2179 261 2230; x_wconf 85' lang='lat' dir='ltr'>publicae</span> <span class='ocrx_word' id='word_1_238' title='bbox 286 2185 492 2228; x_wconf 88' lang='lat' dir='ltr'>cresceret,</span> <span class='ocrx_word' id='word_1_239' title='bbox 511 2182 623 2232; x_wconf 86' lang='lat' dir='ltr'>legit,</span> <span class='ocrx_word' id='word_1_240' title='bbox 656 2182 794 2232; x_wconf 91' lang='lat' dir='ltr'>Iulios,</span> <span class='ocrx_word' id='word_1_241' title='bbox 814 2181 1024 2229; x_wconf 86' lang='lat' dir='ltr'>Servilios,</span> <span class='ocrx_word' id='word_1_242' title='bbox 1056 2181 1282 2230; x_wconf 81' lang='lat' dir='ltr'>Quinctios,</span> <span class='ocrx_word' id='word_1_243' title='bbox 1309 2181 1525 2232; x_wconf 77' lang='lat' dir='ltr'>Geganios‚</span> 
     </span>
     <span class='ocr_line' id='line_1_30' title="bbox 78 2247 1526 2304; baseline 0.003 -16"><span class='ocrx_word' id='word_1_244' title='bbox 78 2247 303 2298; x_wconf 71' lang='lat' dir='ltr'>Curiatios,</span> <span class='ocrx_word' id='word_1_245' title='bbox 350 2251 534 2300; x_wconf 81' lang='lat' dir='ltr'>Cloelios3</span> <span class='ocrx_word' id='word_1_246' title='bbox 579 2254 851 2304; x_wconf 89' lang='lat' dir='ltr'>templumque</span> <span class='ocrx_word' id='word_1_247' title='bbox 897 2254 1031 2293; x_wconf 88' lang='lat' dir='ltr'>ordini</span> <span class='ocrx_word' id='word_1_248' title='bbox 1072 2254 1122 2292; x_wconf 91' lang='lat' dir='ltr'>ab</span> <span class='ocrx_word' id='word_1_249' title='bbox 1155 2268 1195 2292; x_wconf 87' lang='lat' dir='ltr'>se</span> <span class='ocrx_word' id='word_1_250' title='bbox 1226 2258 1343 2292; x_wconf 86' lang='lat' dir='ltr'>aucto</span> <span class='ocrx_word' id='word_1_251' title='bbox 1375 2254 1526 2292; x_wconf 86' lang='lat' dir='ltr'>curiam</span> 
     </span>
     <span class='ocr_line' id='line_1_31' title="bbox 87 2322 1523 2376; baseline 0.001 -15"><span class='ocrx_word' id='word_1_252' title='bbox 87 2322 196 2373; x_wconf 84' lang='lat' dir='ltr'>fecit,</span> <span class='ocrx_word' id='word_1_253' title='bbox 245 2336 335 2373; x_wconf 82' lang='lat' dir='ltr'>quae</span> <span class='ocrx_word' id='word_1_254' title='bbox 366 2324 545 2362; x_wconf 89' lang='lat' dir='ltr'>Hostilia</span> <span class='ocrx_word' id='word_1_255' title='bbox 574 2338 700 2375; x_wconf 89' lang='lat' dir='ltr'>usque</span> <span class='ocrx_word' id='word_1_256' title='bbox 730 2326 781 2363; x_wconf 89' lang='lat' dir='ltr'>ad</span> <span class='ocrx_word' id='word_1_257' title='bbox 812 2329 973 2376; x_wconf 89' lang='lat' dir='ltr'>patrum</span> <span class='ocrx_word' id='word_1_258' title='bbox 1003 2329 1234 2364; x_wconf 88' lang='lat' dir='ltr'>nostrorum</span> <span class='ocrx_word' id='word_1_259' title='bbox 1267 2329 1424 2364; x_wconf 86' lang='lat' dir='ltr'>aetatem</span> <span class='ocrx_word' id='word_1_260' title='bbox 1456 2339 1523 2375; x_wconf 88' lang='lat' dir='ltr'>ap·</span> 
     </span>
     <span class='ocr_line' id='line_1_32' title="bbox 87 2394 1568 2448; baseline -0.001 -15"><span class='ocrx_word' id='word_1_261' title='bbox 87 2394 239 2444; x_wconf 89' lang='lat' dir='ltr'>pellata</span> <span class='ocrx_word' id='word_1_262' title='bbox 270 2398 339 2433; x_wconf 87' lang='lat' dir='ltr'>est.</span> <span class='ocrx_word' id='word_1_263' title='bbox 385 2395 440 2433; x_wconf 78' lang='lat' dir='ltr'>Et</span> <span class='ocrx_word' id='word_1_264' title='bbox 469 2399 515 2433; x_wconf 89' lang='lat' dir='ltr'>ut</span> <span class='ocrx_word' id='word_1_265' title='bbox 545 2397 719 2435; x_wconf 87' lang='lat' dir='ltr'>omnium</span> <span class='ocrx_word' id='word_1_266' title='bbox 752 2397 938 2436; x_wconf 88' lang='lat' dir='ltr'>ordinum</span> <span class='ocrx_word' id='word_1_267' title='bbox 969 2397 1125 2436; x_wconf 89' lang='lat' dir='ltr'>viribus</span> <span class='ocrx_word' id='word_1_268' title='bbox 1157 2398 1311 2448; x_wconf 87' lang='lat' dir='ltr'>aliquid</span> <span class='ocrx_word' id='word_1_269' title='bbox 1342 2410 1391 2436; x_wconf 84' lang='lat' dir='ltr'>ex</span> <span class='ocrx_word' id='word_1_270' title='bbox 1422 2410 1525 2435; x_wconf 88' lang='lat' dir='ltr'>novo</span> <span class='ocrx_word' id='word_1_271' title='bbox 1544 2396 1568 2432; x_wconf 86' lang='lat'>3</span> 
     </span>
     <span class='ocr_line' id='line_1_33' title="bbox 86 2466 1524 2518; baseline 0 -14"><span class='ocrx_word' id='word_1_272' title='bbox 86 2467 235 2516; x_wconf 87' lang='lat' dir='ltr'>populo</span> <span class='ocrx_word' id='word_1_273' title='bbox 267 2466 523 2515; x_wconf 89' lang='lat' dir='ltr'>adiiceretur,</span> <span class='ocrx_word' id='word_1_274' title='bbox 568 2469 747 2518; x_wconf 88' lang='lat' dir='ltr'>equitum</span> <span class='ocrx_word' id='word_1_275' title='bbox 778 2468 913 2507; x_wconf 89' lang='lat' dir='ltr'>decem</span> <span class='ocrx_word' id='word_1_276' title='bbox 943 2473 1094 2508; x_wconf 88' lang='lat' dir='ltr'>turmas</span> <span class='ocrx_word' id='word_1_277' title='bbox 1126 2483 1175 2508; x_wconf 85' lang='lat' dir='ltr'>ex</span> <span class='ocrx_word' id='word_1_278' title='bbox 1203 2469 1380 2507; x_wconf 88' lang='lat' dir='ltr'>Albanis</span> <span class='ocrx_word' id='word_1_279' title='bbox 1413 2467 1524 2516; x_wconf 86' lang='lat' dir='ltr'>legit,</span> 
     </span>
     <span class='ocr_line' id='line_1_34' title="bbox 87 2537 1524 2591; baseline 0.001 -17"><span class='ocrx_word' id='word_1_280' title='bbox 87 2537 271 2588; x_wconf 84' lang='lat' dir='ltr'>legiones.</span> <span class='ocrx_word' id='word_1_281' title='bbox 308 2541 348 2576; x_wconf 88' lang='lat' dir='ltr'>et</span> <span class='ocrx_word' id='word_1_282' title='bbox 391 2543 544 2577; x_wconf 88' lang='lat' dir='ltr'>veteres</span> <span class='ocrx_word' id='word_1_283' title='bbox 589 2540 729 2578; x_wconf 90' lang='lat' dir='ltr'>eodem</span> <span class='ocrx_word' id='word_1_284' title='bbox 774 2541 1048 2591; x_wconf 89' lang='lat' dir='ltr'>supplemento</span> <span class='ocrx_word' id='word_1_285' title='bbox 1094 2541 1273 2590; x_wconf 85' lang='lat' dir='ltr'>explevit</span> <span class='ocrx_word' id='word_1_286' title='bbox 1318 2547 1356 2578; x_wconf 88' lang='lat' dir='ltr'>et</span> <span class='ocrx_word' id='word_1_287' title='bbox 1401 2552 1524 2577; x_wconf 88' lang='lat' dir='ltr'>novas</span> 
     </span>
     <span class='ocr_line' id='line_1_35' title="bbox 86 2609 258 2660; baseline 0.006 -14"><span class='ocrx_word' id='word_1_288' title='bbox 86 2609 258 2660; x_wconf 74' lang='lat' dir='ltr'>scripsit.</span> 
     </span>
    </p>

    <p class='ocr_par' dir='ltr' id='par_1_4' title="bbox 199 2681 1564 2732">
     <span class='ocr_line' id='line_1_36' title="bbox 199 2681 1564 2732; baseline 0.001 -14"><span class='ocrx_word' id='word_1_289' title='bbox 199 2681 288 2720; x_wconf 83' lang='lat' dir='ltr'>Hac</span> <span class='ocrx_word' id='word_1_290' title='bbox 318 2681 466 2721; x_wconf 89' lang='lat' dir='ltr'>fiducia</span> <span class='ocrx_word' id='word_1_291' title='bbox 495 2683 643 2721; x_wconf 83' lang='lat' dir='ltr'>virium</span> <span class='ocrx_word' id='word_1_292' title='bbox 675 2683 819 2722; x_wconf 85' lang='lat' dir='ltr'>&#39;Pullus</span> <span class='ocrx_word' id='word_1_293' title='bbox 851 2683 1012 2722; x_wconf 87' lang='lat' dir='ltr'>Sabinis</span> <span class='ocrx_word' id='word_1_294' title='bbox 1042 2683 1192 2721; x_wconf 90' lang='lat' dir='ltr'>bellum</span> <span class='ocrx_word' id='word_1_295' title='bbox 1225 2682 1380 2732; x_wconf 85' lang='lat' dir='ltr'>indicit,</span> <span class='ocrx_word' id='word_1_296' title='bbox 1411 2681 1564 2731; x_wconf 81' lang='lat' dir='ltr'>genti4</span> 
     </span>
    </p>
   </div>
  </div>
 </body>
</html>
