1821 2928
384 176 461 212 152
843 185 931 210 Liber
950 184 1002 209 1x.
1039 184 1086 212 (A.
1106 192 1134 209 u.
1153 192 1178 209 e.
1197 185 1268 214 434.)

264 301 310 336 15³
332 301 371 336 in
411 300 495 336 haec
534 299 614 336 iras
653 304 806 337 acuant.
867 298 987 346 Quod
1026 298 1077 335 ad
1117 297 1301 336 tribunos
1338 297 1500 345 attinet,
1546 297 1754 344 consulite⁷

324 373 458 404 utrum
496 379 669 415 praesens
707 366 861 404 deditio
902 379 1037 404 eorum
1074 365 1161 402 fieri
1200 366 1327 415 possit
1357 380 1407 403 an
1438 366 1479 403 in
1510 365 1615 402 diem
1646 365 1753 402 diffe-

325 439 457 480 ratur;
489 448 558 471 nos
590 434 763 481 interim,
794 434 838 472 T.
857 434 1003 472 Veturi
1034 447 1183 483 vosque
1215 434 1346 480 ceteri,
1378 433 1476 471 vilia
1507 433 1589 470 haec
1622 433 1756 482 capita

324 501 480 539 luendae
512 501 718 550 sponsioni
748 502 930 549 feramus,
963 505 1002 539 et
1032 505 1168 539 nostro
1200 501 1398 551 supplicio
1430 500 1645 538 liberemus
1675 500 1755 538 Ro-

324 583 440 607 mana
471 572 615 606 arnia.·‘

194 635 247 681 10
434 637 563 673 Movit
601 641 736 686 patres
775 637 1018 688 conscriptos
1056 651 1177 687 quum
1218 650 1347 684 causa,
1383 641 1467 673 tum
1504 639 1654 683 auctor,
1684 648 1756 672 nec

325 710 476 742 eeteros
516 704 655 751 solum,
697 705 765 741 sed
802 705 986 742 tribunos
1029 705 1149 742 etiam
1187 705 1330 754 plebei,
1370 708 1415 741 ut
1453 718 1492 741 se
1524 704 1567 741 in
1597 706 1758 741 senatus

285 774 307 809 2
327 772 507 809 dicerent
545 772 629 809 sore
667 776 875 821 potestate.
948 773 1191 821 Magistratu
1224 773 1317 809 inde
1348 786 1387 810 se
1419 772 1614 822 extemplo
1645 770 1758 808 abdi-

326 844 528 886 caverunt,
556 840 779 889 traditique
810 841 1014 878 fetialibus
1047 854 1135 877 cuin
1173 841 1316 877 ceteris
1347 840 1543 877 Caudium
1574 838 1760 876 ducendi.

325 908 414 945 Hoc
452 911 611 945 senatus
649 908 829 944 consulto
874 908 980 945 facto
1019 908 1088 944 lux
1136 908 1318 957 quaedam
1363 907 1557 945 affulsisse
1603 905 1759 944 civitati

287 975 413 1012 3visa
451 979 520 1012 est.
594 975 827 1012 Postumius
868 975 910 1012 in
941 989 1008 1013 ore
1047 979 1152 1022 erat3
1197 989 1285 1013 eum
1321 975 1509 1013 laudibus
1539 974 1589 1012 ad
1620 974 1759 1011 caelum

326 1043 518 1088 ferebant,
551 1043 754 1079 devotioni
785 1043 831 1080 P.
864 1043 986 1080 Decii
1018 1044 1202 1090 consulis,
1241 1043 1333 1081 aliis
1364 1043 1483 1081 claris
1513 1041 1760 1079 facinoribus

287 1110 556 1160 4aequabant:
590 1111 795 1148 emersisse
827 1111 1028 1148 civitatem
1060 1125 1108 1148 ex
1139 1111 1311 1148 obnoxia
1335 1124 1432 1161 pace
1458 1110 1566 1148 illius
1589 1109 1759 1147 consilio

331 1182 370 1215 et
401 1191 540 1227 opera;
586 1177 716 1227 ipsum
757 1192 797 1215 se
837 1178 1081 1215 cruciatibus
1120 1182 1159 1214 et
1197 1179 1373 1215 hostium
1404 1178 1473 1215 irae
1505 1178 1645 1216 offerre
1675 1176 1760 1227 pia-

289 1246 496 1295 5culaque
533 1258 606 1294 pro
644 1247 792 1295 populo
830 1246 1014 1283 Romano
1057 1246 1162 1283 dare.
1241 1246 1370 1283 Arma
1408 1246 1539 1283 cuncti
1580 1248 1760 1295 spectant

327 1319 367 1351 et
410 1314 577 1351 bellum:
625 1327 673 1350 en
712 1327 886 1362 unquam
925 1314 1113 1359 futurum,
1153 1317 1198 1350 ut
1238 1314 1429 1362 congredi
1469 1313 1632 1350 armatis
1674 1325 1761 1349 cum

327 1380 505 1419 Samnite
537 1380 684 1418 liceat?

288 1452 310 1486 o*
441 1449 490 1486 In
529 1449 692 1486 civitate
733 1449 794 1486 ira
832 1449 1004 1497 odioque
1035 1450 1200 1486 ardente
1231 1449 1401 1487 dilectus
1432 1462 1556 1499 prope
1587 1448 1761 1485 omnium

325 1517 640 1554 voluntariorum
672 1516 770 1561 fuit;
801 1517 1005 1566 rescript-ze
1038 1531 1084 1553 ex
1115 1517 1252 1554 eodem
1284 1517 1412 1554 milite
1445 1529 1557 1554 novae
1583 1515 1763 1565 legiones

291 1586 311 1620 7
331 1585 551 1633 ductusque
583 1584 632 1621 ad
665 1584 861 1621 Caudium
893 1585 1104 1621 exercitus.
1173 1585 1392 1633 Praegressi
1423 1584 1578 1622 fetiales
1607 1583 1679 1620 ubi
1710 1581 1761 1620 ad

326 1656 483 1701 portam
508 1665 663 1697 venere,
687 1656 837 1689 vestem
863 1652 1020 1689 detrahi
1045 1652 1156 1701 pacis
1180 1652 1439 1701 sponsoribus
1457 1652 1608 1697 iubent,
1623 1663 1762 1687 manus

326 1722 416 1768 post
445 1722 601 1768 tergum
631 1720 789 1756 vinciri.
859 1721 990 1767 Quum
1023 1719 1231 1769 apparitor
1270 1719 1513 1756 verecundia
1542 1717 1763 1755 maiestatis

327 1786 529 1824 Postumii
559 1786 648 1823 laxe
679 1787 861 1833 vinciret,
904 1787 1038 1834 „Quin
1068 1790 1137 1823 tu··'
1173 1786 1306 1835 inquit
1334 1786 1528 1833 „adducis
1543 1786 1684 1832 lorum,
1716 1788 1762 1822 ut

285 1854 433 1891 &iusta
473 1854 543 1890 fiat
583 1854 734 1892 deditio
750 1855 791 1891 ’.Ν
870 1854 972 1891 Tum
1009 1855 1079 1892 ubi
1118 1855 1160 1891 in
1192 1857 1336 1890 coetum
1367 1852 1608 1891 Samnitium
1639 1856 1678 1890 et
1708 1853 1760 1890 ad

326 1922 504 1959 tribunal
533 1925 695 1959 ventum
725 1922 865 1960 Pontii
897 1926 966 1970 est,
1004 1923 1055 1959 A.
1088 1921 1298 1960 Cornelius
1328 1921 1488 1959 Arvina
1524 1921 1674 1959 fetialis
1705 1920 1761 1958 ita

288 1994 308 2025 §J
327 1989 450 2026 verba
480 1989 594 2026 fecit:
665 1989 941 2039 „Quandoque
970 1989 1079 2027 hisce
1115 1989 1295 2027 homines
1326 1989 1479 2027 iniussu
1509 1989 1650 2039 populi
1679 1988 1761 2026 Ro-

327 2057 433 2094 mani
465 2056 686 2103 Quiritium
716 2058 843 2095 foedus
875 2058 998 2094 ictum
1028 2057 1080 2094 iri
1113 2057 1414 2106 spoponderunt
1444 2060 1563 2106 atque
1593 2056 1644 2094 ob
1675 2069 1760 2094 eam

327 2139 409 2162 rem
448 2137 588 2162 noxam
628 2129 860 2171 nocuerunt,
901 2125 950 2163 ob
991 2138 1076 2162 eam
1114 2138 1209 2171 rem,
1247 2138 1324 2174 quo
1355 2125 1527 2174 populus
1556 2124 1762 2162 Romanus

262 2194 311 2229 1⁴)
329 2192 477 2230 scelere
507 2192 632 2240 impio
663 2193 718 2229 sit
748 2193 913 2238 solutus,
943 2192 1061 2229 hosce
1092 2192 1272 2229 homines
1301 2192 1415 2230 vobis
1447 2192 1584 2230 dedo.“
1661 2191 1760 2229 Haec

328 2260 479 2297 dicenti
510 2259 638 2296 fetiali
669 2259 900 2297 Postumius
931 2273 1035 2308 genu
1064 2260 1203 2307 femur,
1229 2264 1380 2309 quanta
1403 2260 1574 2297 maxima
1603 2262 1762 2309 poterat

327 2328 379 2373 vi,
411 2327 595 2376 perculit,
629 2331 667 2364 et
699 2327 807 2364 clara
836 2341 932 2364 voce
963 2327 1030 2373 ait,
1064 2341 1103 2363 se
1121 2326 1340 2364 Samnitem
1372 2327 1496 2364 civem
1519 2340 1614 2374 esse,
1645 2326 1760 2363 illum

327 2395 502 2442 legatum
532 2395 706 2442 fetialem
738 2408 761 2431 a
792 2408 832 2431 se
864 2398 1002 2432 contra
1028 2394 1090 2431 ius
1114 2394 1295 2443 gentium
1311 2394 1521 2440 violatum3
1551 2407 1597 2431 eo
1614 2393 1760 2431 iustius

196 2460 245 2504 11
322 2461 470 2498 bellum
511 2466 705 2510 gesturos.
771 2461 874 2498 Tum
904 2462 1076 2499 Pontius
1117 2461 1226 2508 „Nec
1263 2475 1336 2510 ego
1366 2462 1484 2498 istam
1515 2461 1759 2498 deditionem

285 2530 308 2566 2
328 2529 546 2578 accipia1·n·‘
568 2529 715 2578 inquit,
750 2542 846 2575 „nec
870 2527 1071 2566 Samnites
1093 2533 1221 2567 ratam
1244 2529 1457 2566 habebunt.
1494 2528 1602 2575 Quin
1617 2527 1759 2578 tu,-Sp.

326 2596 520 2643 Postumi,
539 2596 573 2634 si
589 2596 683 2634 deos
701 2609 783 2633 esse
800 2609 944 2642 censes,
961 2599 1029 2633 aut
1046 2596 1180 2633 omnia
1196 2596 1313 2633 irrita
1329 2596 1426 2633 facis
1443 2599 1511 2633 aut
1520 2599 1636 2645 paeto
1650 2595 1758 2633 stas?
