1821 2928
568 760 886 808 LIBER
936 760 1042 808 VI.

87 951 198 1028 Quae
229 989 278 1026 ab
319 988 480 1026 condita
511 989 609 1025 urbe
640 988 770 1026 Roma
801 989 851 1025 ad
884 993 1042 1038 captam
1080 990 1245 1029 eandem
1277 992 1415 1030 urbem
1445 993 1526 1030 Ro-

84 1056 192 1094 mani
223 1057 295 1094 sub
326 1057 488 1105 regibus
512 1057 695 1106 primum,
728 1057 956 1095 consulibus
995 1058 1141 1096 deinde
1178 1072 1223 1096 ac
1262 1060 1528 1099 dictatoribus

85 1125 398 1174 decemvirisque
437 1139 482 1162 ac
521 1125 696 1162 tribunis
737 1126 1014 1164 consularibus
1055 1140 1231 1175 gessere,
1274 1129 1373 1167 foris
1409 1131 1527 1178 bella,

85 1193 193 1230 domi
211 1193 438 1240 seditiones,
457 1194 634 1243 quinque
652 1194 767 1231 libris
785 1195 960 1244 exposui,
976 1209 1039 1232 res
1057 1209 1178 1244 quum
1187 1201 1385 1236 vetustate
1402 1200 1525 1237 nimia
1544 1202 1566 1236 2

85 1261 285 1308 obscuras,
323 1263 434 1299 velut
466 1277 554 1312 quae
585 1276 729 1311 magno
770 1278 816 1301 ex
847 1264 1060 1301 intervallo
1092 1265 1170 1302 loci
1200 1267 1267 1303 vix
1299 1271 1527 1315 cernuntur,

58 1333 166 1367 -tum
199 1330 305 1379 quod
344 1345 478 1380 parvae
517 1336 555 1369 et
593 1345 693 1369 rarae
733 1346 803 1381 per
835 1333 971 1369 eadem
1011 1336 1192 1382 tempora
1228 1335 1375 1372 litterae
1406 1336 1527 1383 fuere,

82 1411 161 1436 una
179 1399 359 1436 custodia
384 1399 513 1436 fidelis
537 1400 734 1437 memoriae
758 1414 889 1437 rerum
914 1404 1127 1448 gestarum,
1159 1406 1197 1439 et
1221 1403 1340 1451 quod,
1370 1404 1527 1442 etiamsi

83 1479 171 1514 quae
203 1467 244 1503 in
282 1468 576 1505 commentariis
609 1468 842 1517 pontificum
873 1468 1042 1518 aliisque
1074 1471 1248 1519 publicis
1278 1472 1526 1523 privatisque

82 1538 195 1571 erant
224 1537 500 1583 monumentis,
532 1537 691 1574 incensa
722 1537 821 1573 urbe
852 1536 1053 1586 pleraeque
1083 1539 1283 1577 interiere.
1343 1540 1526 1580 Clariora
1545 1544 1567 1580 3

82 1601 269 1653 deinceps
308 1605 556 1654 certioraque
595 1605 643 1641 ab
691 1604 866 1642 secunda
903 1606 1056 1654 origine
1093 1608 1205 1644 velut
1241 1609 1290 1645 ab
1332 1609 1526 1658 stirpibus

81 1671 212 1709 laetius
251 1673 501 1722 feraciusque
530 1677 679 1711 renatae
710 1673 822 1710 urbis
854 1678 965 1721 gesta
996 1674 1104 1712 domi
1141 1676 1377 1726 militiaeque
1409 1692 1526 1727 expo-

81 1744 236 1778 nentur.
298 1741 483 1779 Ceterum
514 1741 654 1791 primo,
694 1755 771 1790 quo
810 1741 1054 1781 adminiculo
1086 1749 1218 1782 erecta
1249 1749 1345 1792 erat,
1387 1747 1524 1784 eodem
1544 1749 1568 1784 4

81 1808 230 1856 innixa,
260 1809 315 1847 M.
340 1811 466 1848 Furio
497 1810 690 1860 principe,
723 1810 844 1856 stetit,
876 1824 1003 1861 neque
1035 1826 1123 1849 eum
1155 1812 1344 1850 abdicare
1374 1828 1414 1851 se
1446 1815 1527 1852 dic-

81 1880 215 1916 tatura
239 1878 317 1915 nisi
341 1893 444 1916 anno
470 1879 711 1915 circumacto
730 1879 838 1927 passi
855 1883 956 1916 sunt.
1003 1879 1176 1918 Comitia
1193 1881 1233 1918 in
1251 1882 1524 1931 insequentem
1545 1885 1566 1921 5

80 1959 227 1983 annum
242 1947 428 1984 tribunos
444 1947 603 1992 habere,
636 1960 805 1994 quorum
831 1947 872 1983 in
896 1948 1134 1996 magistratu
1160 1954 1277 1998 capta
1301 1951 1396 1988 urbs
1414 1956 1525 1999 esset,

80 2027 159 2052 non
182 2015 352 2064 placuit3
382 2029 446 2052 res
472 2015 523 2052 ad
547 2014 819 2063 interregnum
841 2015 974 2052 rediit.
1019 2016 1153 2063 Quum
1177 2017 1316 2056 civitas
1340 2018 1382 2055 in
1406 2032 1524 2068 opere
1543 2022 1564 2058 6

80 2095 126 2120 ac
156 2083 293 2121 labore
325 2083 485 2121 assiduo
508 2082 732 2121 reficiendae
759 2083 872 2121 urbis
895 2087 1109 2131 teneretur,
1141 2085 1302 2124 interim
1320 2087 1367 2134 Q.
1384 2087 1526 2135 Fabio,

80 2151 197 2188 simul
227 2152 400 2202 primum
431 2153 671 2200 magistratu
702 2151 814 2197 abiit,
846 2152 895 2189 ab
921 2152 990 2190 Cn.
1014 2153 1169 2192 Marcio
1200 2155 1364 2193 tribuno
1396 2156 1525 2206 plebis

81 2219 188 2257 dicta
219 2220 304 2257 dies
335 2225 404 2267 est,
437 2219 543 2269 quod
576 2220 762 2270 [legatus]
796 2220 836 2257 111
869 2218 1022 2268 Gallos,
1054 2222 1104 2259 ad
1136 2237 1235 2272 quos
1266 2224 1408 2262 missus
1439 2228 1526 2262 erat

81 2291 225 2334 orator,
265 2292 403 2326 contra
434 2289 495 2326 ius
526 2288 706 2337 gentium
745 2293 979 2337 pugnasset:
1017 2291 1080 2328 cui
1119 2291 1267 2329 iudicio
1301 2305 1388 2328 eum
1420 2306 1525 2330 mors
1545 2295 1565 2329 7

81 2355 178 2394 adeo
197 2361 436 2406 opportuna,
469 2359 513 2393 ut
528 2357 796 2394 voluntariam
815 2369 958 2404 magna
984 2371 1077 2407 pars
1095 2358 1284 2401 crederet,
1315 2359 1525 2397 subtraxit.

79 2421 358 2474 Interregnum
399 2425 559 2466 initum:
607 2424 651 2461 P.
693 2424 902 2462 Cornelius
941 2424 1078 2476 Scipio
1117 2427 1311 2473 interrex,
1357 2431 1396 2464 et
1433 2429 1564 2477 postS

1624 993 1646 1038 1

81 2504 170 2528 eum
212 2493 267 2530 M.
314 2494 462 2531 Furius
509 2493 712 2531 Camillus.
786 2493 829 2530 Is
874 2494 1057 2532 tribunos
1102 2495 1276 2532 militum
1322 2495 1728 2532 consulariA-u·c·³⁶⁵-

82 2562 275 2607 potestate
307 2566 415 2599 creat
439 2562 484 2598 L.
503 2561 712 2599 Valerium
735 2561 988 2599 Publicolam
1022 2563 1177 2608 iterum,
1208 2563 1254 2600 L.
1273 2530 1566 2611 Ve1·giniu1n‚‘³'

83 2624 130 2662 P.
161 2626 399 2676 Cornelium,
430 2630 482 2667 A.
512 2630 722 2677 Manlium,
752 2629 798 2667 L.
830 2629 1051 2677 AEmilium,
1083 2631 1127 2668 L.
1159 2631 1423 2669 Postumium.

150 2704 254 2731 Livius
273 2711 310 2732 ax
329 2715 387 2733 rec.
408 2708 562 2738 Madvigii.
583 2708 623 2733 11.
1253 2709 1269 2741 1

1596 2530 1646 2555 Ch.
1670 2532 1728 2557 389.
