1821 2928
549 107 667 142 Liber
691 107 738 142 V.
788 108 850 150 (A.
878 107 942 143 Ch.
967 108 1064 151 403.)
1447 108 1531 147 257

86 237 319 287 eruptiones
349 249 476 283 versa,
508 235 602 273 aliis
633 236 742 274 frons
773 236 812 272 in
839 235 1045 273 Etruriam
1079 236 1263 285 spectans
1294 234 1468 281 auxiliis,
1500 234 1534 272 si

88 322 168 359 qua
199 309 302 346 forte
334 307 425 345 inde
457 307 652 354 venirent,
685 307 982 345 obstruebatur.

205 380 336 427 Quum
383 393 472 430 spes
505 379 633 416 maior
672 380 984 429 imperatoribus
1015 378 1212 416 Romanis
1243 378 1284 415 in
1324 377 1535 416 obsidione

87 465 209 503 quam
227 452 269 490 in
286 451 586 502 oppugnatione
614 456 728 499 esset,
761 451 1024 489 hibernacula
1051 450 1184 497 etiam,
1215 463 1279 487 res
1296 463 1400 487 nova
1417 449 1537 487 militi

90 524 286 571 Romano,
318 523 510 561 aedifieari
543 527 686 574 coepta,
720 524 1014 573 consiliumque
1047 525 1134 560 erat
1164 522 1378 559 hiemando
1409 521 1535 560 conti-

89 609 213 634 nuare
244 596 406 633 bellum.
468 595 588 644 Quod
619 600 830 646 postquam
847 595 1026 633 tribunis
1053 594 1199 644 plebis,
1232 594 1312 632 iam
1344 594 1414 631 diu
1445 587 1574 631 nul-2

90 669 171 706 lam
201 668 379 706 novandi
410 681 474 705 res
503 681 659 706 causam
694 668 1006 713 invenientibus,
1037 666 1209 704 Romam
1255 669 1315 704 est
1356 666 1535 714 allatum,

90 741 132 778 in
163 740 387 779 contionem
421 741 650 790 prosiliunt,
682 741 906 779 sollicitant
950 739 1081 790 plebis
1128 739 1292 785 animos,
1325 738 1401 775 hoc
1432 732 1577 776 illud3

88 826 174 851 esse
205 812 450 863 dictitantes,
485 813 593 862 quod
626 826 705 851 aera
743 813 940 850 militibus
982 812 1063 849 sint
1095 811 1332 857 constituta;
1377 824 1450 848 nec
1496 824 1537 848 se

88 885 294 935 fefellisse,
329 885 371 922 id
404 885 551 922 donum
584 885 838 922 inimicorum
863 897 1016 921 veneno
1043 883 1192 921 illitum
1218 883 1315 920 sore.
1364 882 1536 920 Venisse
1554 876 1579 912 4

89 958 323 996 libertatem
354 957 503 1008 plebis;
549 960 742 994 remotam
788 957 829 994 in
874 959 1114 1007 perpetuum
1158 958 1198 992 et
1229 955 1455 1004 ablegatam
1488 954 1538 993 ab

94 1030 196 1068 urbe
230 1033 270 1067 et
302 1029 351 1068 ab
383 1043 425 1067 re
457 1029 621 1079 publica
652 1029 902 1067 iuventutem
935 1028 1014 1066 iam
1040 1041 1091 1065 ne
1118 1027 1242 1064 hiemi
1274 1027 1438 1077 quidem
1470 1030 1541 1065 aut

88 1102 264 1152 tempori
296 1103 391 1140 anni
424 1101 566 1139 cedere
598 1115 643 1139 ac
676 1101 814 1139 domos
855 1114 899 1138 ac
938 1114 1000 1139 res
1032 1100 1205 1138 invisere
1236 1113 1340 1138 suas.
1404 1099 1536 1147 Quam
1556 1091 1579 1129 5

89 1178 281 1226 putarent
311 1175 554 1212 continuatae
585 1174 745 1211 militiae
787 1187 945 1211 causam
978 1172 1093 1211 esse‘?
1151 1171 1314 1210 Nullam
1359 1172 1539 1221 profecto

90 1247 211 1285 aliam
244 1247 491 1296 inventuros,
538 1259 658 1296 quam
689 1259 738 1283 ne
780 1245 876 1296 quid
921 1259 994 1296 per
1038 1244 1307 1295 frequentiam
1353 1244 1540 1281 iuvenum

91 1332 243 1369 eorum,
275 1319 317 1356 in
349 1319 496 1369 quibus
526 1319 633 1356 vires
658 1332 793 1356 omnes
817 1318 947 1368 plebis
972 1320 1118 1366 essent,
1151 1316 1215 1365 agi
1243 1315 1291 1352 de
1324 1316 1541 1354 commodis

90 1405 229 1429 eorum
260 1395 405 1442 posset.
451 1390 605 1429 Vexari
634 1393 831 1440 praeterea
864 1393 902 1428 et
933 1389 1069 1438 subigi
1100 1388 1227 1426 multo
1259 1388 1391 1425 acrius
1419 1402 1538 1438 quam
1557 1387 1580 1423 6

104 1463 321 1510 Veientes;
353 1464 502 1513 quippe
533 1463 625 1500 illos
654 1463 825 1499 hiemem
859 1462 931 1499 sub
958 1461 1076 1498 tectis
1101 1460 1183 1498 suis
1209 1473 1342 1510 agere,
1367 1460 1544 1510 egregiis

95 1535 222 1573 muris
255 1536 415 1586 situque
447 1535 626 1573 naturali
658 1534 796 1572 urbem
827 1537 1020 1581 tutantes,
1054 1533 1223 1571 militem
1239 1532 1469 1570 Romanum
1498 1532 1542 1570 in
1563 1531 1585 1567 7

101 1621 221 1658 opere
256 1621 301 1646 ac
333 1607 497 1655 labore,
528 1607 688 1645 nivibus
733 1606 972 1658 pruinisque
1005 1606 1208 1654 obrutum,
1255 1605 1328 1642 sub
1369 1605 1544 1655 pellibus

98 1679 254 1727 durare,
286 1694 335 1718 ne
366 1681 508 1718 hiemis
540 1679 703 1730 quidem
728 1680 871 1729 spatio,
903 1691 992 1729 quae
1017 1677 1195 1716 omnium
1220 1677 1419 1715 bellorum
1436 1681 1545 1715 terra

99 1753 284 1803 marique
317 1753 370 1790 sit
401 1753 529 1803 quies,
563 1766 673 1790 arma
704 1751 981 1802 deponentem.
1050 1749 1140 1788 Hoc
1171 1762 1300 1799 neque
1331 1762 1446 1797 reges
1477 1763 1544 1787 ne·
1563 1745 1588 1782 8

99 1838 178 1875 que
210 1828 303 1863 ante
334 1825 596 1862 tribuniciam
628 1827 867 1880 potestatem
899 1826 1071 1861 creatam
1104 1821 1298 1871 superbos
1330 1818 1423 1855 illos
1456 1830 1546 1855 con-

99 1898 205 1935 sules
236 1911 364 1948 neque
395 1898 511 1934 triste
544 1896 752 1934 dictatoris
785 1896 997 1946 imperium
1037 1907 1168 1944 neque
1199 1893 1449 1942 importunos
1481 1889 1547 1927 de-

102 1970 300 2007 cemviros
332 1970 557 2007 iniunxisse
589 1968 811 2014 servitutis,
834 1971 880 2005 nt
904 1979 1120 2018 perennem
1143 1965 1333 2002 militiam
1358 1963 1548 2000 facerent.

100 2042 222 2090 Quod
252 2042 408 2079 tribuni
439 2041 614 2078 militum
646 2041 687 2078 in
719 2040 837 2090 plebe
869 2039 1054 2078 Romana
1090 2051 1258 2087 regnum
1286 2032 1550 2094 exercerent?

99 2114 311 2163 Quidnam
343 2114 405 2151 illi
431 2114 610 2150 consules
638 2113 906 2150 dictatoresve
931 2111 1077 2150 facturi
1102 2114 1247 2159 essent,
1280 2108 1351 2159 qui
1377 2119 1545 2158 procon-
1565 2107 1589 2143 9

99 2187 273 2225 sularem
306 2186 523 2234 imaginem
554 2188 638 2222 tam
669 2198 813 2223 saevam
853 2198 897 2222 ac
936 2188 1089 2222 trucem
1132 2180 1329 2220 fecerint?
1390 2178 1470 2217 Sed
1508 2177 1551 2216 id

100 2259 285 2297 accidere
301 2258 410 2296 haud
426 2257 638 2296 immerito.
685 2257 776 2295 Non
804 2257 928 2295 fuisse
957 2269 1006 2294 ne
1024 2256 1066 2293 in
1084 2258 1173 2294 octo
1191 2254 1354 2305 quidem
1371 2251 1549 2289 tribunis

102 2332 276 2369 militum
293 2331 424 2368 locum
440 2330 517 2368 ulli
542 2329 713 2380 plebeio.
774 2328 912 2367 Antea
935 2329 1044 2366 trina
1066 2328 1155 2366 loca
1179 2339 1268 2364 cum
1293 2325 1547 2363 contentione
1567 2322 1625 2361 10

102 2417 256 2442 summa
285 2403 479 2454 patricios
511 2402 672 2452 explere
703 2402 864 2450 solitos3
905 2415 1012 2439 nunc
1043 2401 1123 2438 iam
1156 2398 1363 2447 octoiuges
1395 2396 1446 2434 ad
1477 2396 1551 2434 im-

101 2477 216 2527 peria
247 2475 465 2514 obtinenda
495 2475 568 2522 ire,
599 2477 638 2512 et
667 2487 717 2512 ne
750 2474 790 2512 in
820 2474 942 2512 turba
973 2472 1138 2524 quidem
1172 2472 1324 2509 haerere
1351 2468 1552 2520 plebeium

102 2562 358 2600 quemquam,
391 2548 472 2598 qui,
504 2547 539 2585 si
570 2546 673 2584 nihil
705 2547 831 2596 aliud,
864 2546 1078 2584 admoneat
1109 2544 1297 2592 collegas,
1329 2541 1478 2578 liberos
1510 2542 1550 2578 et
1569 2538 1617 2578 ll

104 2621 211 2660 cives
242 2634 390 2671 eorum,
417 2634 496 2658 non
521 2633 656 2657 servos
683 2618 875 2668 militare,
907 2631 1006 2668 quos
1024 2617 1154 2655 hieme
1181 2615 1321 2653 saltem
1345 2614 1385 2650 in
1414 2613 1552 2651 domos

103 2705 152 2731 ac
181 2696 287 2731 tecta
325 2692 465 2731 reduci
509 2694 697 2742 oporteat
741 2694 782 2729 et
827 2691 962 2741 aliquo
1006 2693 1188 2738 tempore
1233 2686 1326 2724 anni
1365 2686 1551 2736 parentes
1571 2683 1623 2723 12

175 2763 280 2789 Livius
301 2771 339 2789 ex
360 2770 420 2790 rec.
439 2763 594 2794 Madvigii.
631 2763 654 2787 1.
1278 2756 1320 2790 17

1629 374 1657 423 2
