1821 2928
502 86 619 122 Liber
642 85 717 121 111.
767 88 828 132 (A.
855 86 921 121 ch.
946 87 1156 130 449-447.)
1470 92 1548 129 187

105 230 197 255 cum
228 215 278 254 iis
308 215 518 266 processit.
570 214 654 253 Ubi
687 227 808 265 quum
841 214 1022 252 consules
1054 214 1240 265 producti
1271 215 1322 253 ad
1352 216 1545 266 populum
1566 217 1590 252 7

107 287 438 337 interrogatique,
470 286 504 324 si
535 299 602 324 eos
628 286 800 337 populus
827 286 1044 332 Romanus,
1075 300 1225 324 memor
1252 287 1452 326 libertatis
1477 302 1549 338 per

106 359 198 398 illos
242 349 415 410 receptae
462 358 583 404 domi,
631 371 779 395 memor
824 357 977 395 militiae
1022 371 1156 396 rerum
1197 363 1410 408 gestarum,
1457 374 1547 398 con-

105 431 212 470 sules
243 431 389 469 iterum
420 431 581 478 faceret,
624 430 815 480 quidnam
847 430 994 468 facturi
1025 435 1167 477 essent,
1205 430 1310 468 nihil
1341 433 1549 470 sententiae

104 516 186 541 suae
217 506 449 549 mutassent,
481 503 723 540 collaudatis
755 502 998 550 consulibus,
1030 502 1136 552 quod
1169 509 1472 552 perseverarent
1495 503 1588 543 ad8

104 574 289 612 ultimum
336 575 553 613 dissimiles
600 574 917 612 decemvirorum
964 587 1059 621 esse,
1106 575 1265 613 comitia
1307 576 1464 623 habuit;
1510 581 1550 614 et

104 646 282 696 quinque
312 646 488 684 tribunis
520 647 631 696 plebi
664 648 819 694 creatis,
850 659 972 696 quum
996 660 1079 696 prae
1097 647 1241 685 studiis
1259 651 1396 698 aperte
1412 652 1547 699 peten-

102 718 206 756 tium
246 731 387 756 novem
426 720 677 757 tribunoruin
720 719 790 757 alii
822 718 1026 756 candidati
1056 719 1185 756 tribus
1217 733 1294 756 non
1327 721 1547 770 explerent,

104 791 320 829 concilium
353 791 514 837 dimisit,
545 805 616 828 nec
649 790 792 829 deinde
824 790 1079 828 comitiorum
1111 804 1227 828 causa
1259 792 1411 830 habuit.
1475 792 1543 830 Sa-
1563 792 1586 828 9

102 863 305 902 tisfaetum
337 863 419 912 legi
448 863 594 910 aiebat,
627 877 726 913 quae,
757 876 920 901 numero
937 876 1132 913 nusquam
1150 863 1361 913 praefinito,
1392 865 1547 902 tribuni

102 934 220 972 modo
251 939 296 972 ut
327 935 665 985 relinquerentur,
697 935 871 974 sanciret
903 939 943 974 et
974 936 1023 974 ab
1056 936 1117 982 iis,
1150 936 1220 986 qui
1254 936 1378 974 creati
1404 942 1546 981 essent,

102 1007 282 1056 cooptari
313 1007 487 1056 collegas
520 1008 692 1054 iuberet3
730 1008 1008 1058 recitabatque
1047 1009 1268 1057 rogationis
1300 1022 1470 1055 carmen,
1504 1010 1544 1046 in
1566 1010 1618 1046 lO

101 1091 181 1128 quo
213 1082 290 1116 est:
333 1079 559 1127 „Tribunos
598 1079 732 1130 plebei
765 1081 899 1118 decem
930 1080 1103 1130 rogab03
1145 1081 1180 1118 si
1212 1081 1282 1131 qui
1314 1094 1384 1118 vos
1416 1081 1547 1119 minus

100 1150 222 1188 hodie
256 1150 391 1189 decem
423 1152 608 1190 tribunos
639 1152 772 1202 plebei
805 1152 990 1198 feceritis,
1022 1155 1107 1189 tum
1134 1156 1178 1190 ut
1204 1153 1244 1199 ii,
1275 1166 1374 1203 quos
1398 1153 1440 1190 hi
1465 1154 1544 1191 sibi

101 1222 275 1272 collegas
329 1225 596 1274 cooptassint,
651 1224 823 1273 legitimi
879 1223 1015 1262 eadem
1069 1225 1156 1272 lege
1211 1225 1366 1262 tribuni
1411 1225 1546 1275 plebei

100 1295 180 1339 sint
218 1298 263 1333 ut
303 1295 375 1342 illi,
421 1309 520 1346 quos
551 1296 671 1333 hodie
701 1297 888 1333 tribunos
918 1296 1052 1346 plebei
1082 1296 1299 1334 feceritis.·²
1364 1297 1546 1335 Duillius
1567 1297 1614 1336 11

100 1380 222 1416 quum
254 1367 305 1404 ad
336 1367 519 1404 ultimum
552 1372 858 1417 perseverasset,
890 1368 1071 1416 negando
1105 1369 1332 1418 quindecim
1362 1369 1545 1407 tribunos

98 1438 233 1488 plebei
260 1452 340 1475 rem
367 1439 569 1488 publicam
595 1439 743 1477 habere
761 1453 888 1490 posse,
915 1440 1021 1478 victa
1049 1441 1291 1490 collegarum
1310 1441 1544 1492 cupiditate,

98 1510 252 1559 pariter
283 1511 468 1560 patribus
501 1511 712 1562 plebeique
743 1515 930 1561 acceptus
962 1512 1202 1560 magistratu
1234 1513 1348 1550 abiit.

213 1581 318 1620 Novi
349 1583 501 1620 tribuni
533 1583 661 1633 plebis
693 1584 733 1621 in
766 1584 999 1633 cooptandis
1025 1585 1193 1633 collegis
1222 1589 1382 1635 patrum
1399 1586 1536 1624 volun·
1611 1583 1666 1630 65

97 1656 220 1691 tatem
275 1655 477 1702 foverunt;
535 1655 634 1694 duos
681 1656 801 1693 etiam
848 1656 1043 1706 patricios
1089 1658 1418 1707 consularesque,
1474 1656 1542 1707 Sp.

92 1724 311 1776 Tarpeium
351 1730 391 1764 et
422 1726 474 1765 A.
506 1728 734 1780 Aternium,
775 1732 1025 1778 coeptavere.
1086 1728 1280 1767 Consules
1312 1730 1438 1767 creati
1472 1728 1538 1780 Sp.
1559 1732 1581 1766 2

91 1797 347 1845 Herminius,
394 1799 439 1837 Τ.
487 1799 706 1850 Verginius
753 1800 1088 1847 Caelimontanus,
1141 1801 1243 1839 nihil
1298 1815 1538 1852 magnopere
1557 1800 1740 1867 2³¹(2101-{22

91 1867 144 1906 ad
174 1873 334 1919 patrum
366 1874 436 1908 aut
466 1871 597 1921 plebis
630 1885 787 1910 causam
828 1873 1023 1919 inclinati,
1067 1873 1191 1911 otium
1224 1874 1334 1911 domi
1366 1887 1411 1912 ac
1443 1875 1539 1911 foris

90 1939 278 1979 habuere.
325 1942 370 1980 L.
390 1942 613 1981 Trebonius
637 1944 825 1982 tribunus
851 1945 992 1995 plebis,
1019 1945 1187 1983 infestus
1203 1946 1399 1996 patribus,
1428 1946 1536 1996 quod
1555 1948 1578 1984 3

90 2025 131 2050 se
162 2013 212 2050 ab
244 2014 292 2051 iis
326 2014 367 2052 in
400 2016 640 2065 cooptandis
669 2017 844 2054 tribunis
870 2017 1010 2055 fraude
1037 2023 1195 2068 captum
1214 2018 1539 2069 proditumquea

89 2085 256 2134 collegis
287 2087 432 2134 aiebat,
478 2088 727 2136 rogationem
759 2089 866 2135 tulit,
911 2093 967 2134 ut,
1013 2090 1083 2140 qui
1126 2090 1283 2140 plebem
1313 2090 1578 2129 Romanam4

89 2156 272 2195 tribunos
303 2158 416 2208 plebi
449 2164 621 2208 rogaret,
653 2160 685 2197 is
717 2173 844 2211 usque
877 2174 922 2199 eo
956 2165 1130 2210 rogaret,
1172 2163 1263 2200 dum
1297 2162 1434 2201 decem
1465 2163 1537 2200 tri—

87 2228 216 2266 bunos
261 2230 370 2280 plebi
411 2230 575 2277 faceret;
623 2231 948 2284 insectandisque
988 2234 1183 2283 patribus,
1229 2235 1334 2272 unde
1379 2235 1536 2286 Aspero

88 2300 210 2338 etiam
243 2301 415 2340 inditum
448 2306 509 2341 est
540 2316 771 2352 cognomen,
801 2304 1054 2344 tribunatum
1086 2306 1227 2355 gessit.

201 2373 304 2411 Inde
336 2374 392 2412 M.
424 2374 629 2424 Geganius
660 2375 890 2415 Macerinus
922 2382 962 2415 et
985 2377 1027 2415 C.
1055 2377 1189 2415 Iulius
1222 2379 1402 2416 consules
1433 2379 1528 2415 facti
1549 2379 1571 2415 5

87 2445 363 2484 contentiones
393 2446 650 2484 tribunorum
682 2447 874 2486 adversus
905 2449 1102 2488 nobilium
1136 2450 1383 2488 iuventutem
1412 2453 1530 2495 ortas,
1552 2450 1730 2515 1ᾌέζὲζῖ

85 2515 173 2553 sine
206 2517 472 2556 insectatione
503 2519 719 2569 potestatis
751 2520 836 2558 eius
867 2524 1102 2559 conservata
1133 2522 1336 2559 maiestate
1364 2525 1534 2571 patrum,

85 2587 286 2627 sedavere.
331 2590 511 2636 Plebem,
543 2590 704 2629 decreto
729 2591 780 2629 ad
807 2592 958 2630 bellum
985 2592 1222 2630 Volscorum
1249 2596 1289 2630 et
1304 2592 1529 2643 AEquorum
1548 2594 1570 2630 6

83 2657 251 2708 dilectu,
296 2661 530 2700 sustinendo
569 2675 652 2700 rem
691 2662 740 2701 ab
779 2663 1049 2702 seditionibus
1088 2664 1334 2711 continuere,
1378 2665 1532 2703 urbano
