1821 2928
375 175 425 212 62
775 184 865 210 Liber
881 184 951 219 vn.
986 183 1034 214 (A.
1054 192 1081 210 u.
1101 191 1126 211 c.
1145 184 1300 214 398-397.)

315 302 433 349 atque
457 299 611 348 agitare
635 299 765 348 coepit,
795 303 840 336 ut
863 303 946 337 arte
969 299 1105 349 aliqua
1125 302 1316 338 terrorem
1333 299 1512 338 hostibus
1535 299 1743 336 incuteret.

317 365 478 404 Sollerti
509 367 638 405 animo
669 381 752 405 rem
776 381 918 405 novam
944 367 1154 416 excogitat,
1185 367 1264 418 qua
1293 367 1436 405 deinde
1467 366 1583 404 multi
1612 367 1740 405 nostri

315 439 432 485 atque
463 435 614 472 externi
645 436 919 486 imperatores,
958 439 1093 473 nostra
1123 449 1279 487 quoque
1311 435 1472 486 quidam
1509 437 1642 482 aetate,
1678 434 1740 472 usi

275 503 295 537 7
316 507 417 540 sunt.
461 503 585 540 Mulis
615 507 740 541 strata
770 504 927 541 detrahi
954 505 1074 551 iubet,
1104 504 1291 555 binisque
1310 507 1466 542 tantum
1496 502 1741 556 centunculis

313 571 481 618 relictis,
512 585 703 620 agasones
734 573 881 622 partim
912 572 1100 622 captivis,
1129 573 1275 623 partim
1307 585 1501 621 aegrorum
1530 571 1649 609 armis
1680 583 1740 608 or-

274 640 297 675 8
315 642 427 676 natos
459 639 640 689 imponit.
689 640 766 678 His
796 641 876 677 fere
907 640 1016 678 mille
1047 640 1197 679 effectis
1224 644 1379 678 centum
1410 639 1601 678 admiscet
1631 638 1740 688 equi-

311 712 381 754 tes,
414 710 454 744 et
483 711 599 745 nocte
631 722 749 758 super
780 712 908 746 castra
939 709 980 746 in
1011 713 1163 747 montes
1194 709 1359 747 evadere
1390 723 1435 747 ac
1466 707 1576 746 silvis
1606 720 1646 744 se
1677 718 1739 744 oc-

312 775 463 813 cultare
494 776 605 814 iubet
633 790 760 826 neque
790 777 881 814 inde
913 780 1002 815 ante
1026 777 1187 824 moveri,
1219 791 1336 827 quam
1368 776 1417 814 ab
1450 789 1490 814 se
1514 774 1738 824 acciperent

259 844 279 878 §⁴
312 844 478 892 signum.
547 844 656 894 Ipse,
694 845 764 882 ubi
796 845 946 892 illuxit,
989 846 1028 882 in
1066 846 1266 883 radicibus
1304 844 1497 882 montium
1527 842 1739 881 extendere

309 912 433 949 aciem
473 912 595 962 coepit
632 913 787 960 sedulo,
833 917 878 950 ut
915 913 1102 951 adversus
1143 917 1296 951 montes
1335 912 1566 950 consisteret
1601 909 1738 948 hostis.

246 981 294 1016 10
312 980 512 1018 Instructo
537 981 628 1018 vani
651 982 815 1019 terroris
842 986 1047 1032 apparatu,
1078 983 1147 1032 qui
1179 981 1340 1032 quidem
1361 984 1491 1018 terror
1514 979 1604 1029 plus
1626 990 1738 1028 paene

309 1048 415 1086 veris
444 1047 597 1086 viribus
627 1050 790 1099 profuit,
822 1051 949 1100 primo
982 1051 1141 1087 credere
1173 1050 1291 1088 duces
1308 1048 1529 1095 Gallorum,
1559 1060 1640 1084 non
1670 1044 1737 1082 de-

309 1129 512 1154 scensuros
543 1117 586 1154 in
617 1130 771 1166 aequum
802 1118 1022 1165 Roman0s3
1054 1118 1209 1166 deinde,
1238 1118 1308 1155 ubi
1339 1117 1543 1166 degressos
1573 1115 1736 1164 repente

306 1184 504 1232 viderunt,
537 1188 576 1222 et
605 1185 683 1235 ipsi
709 1186 817 1223 avidi
848 1187 1079 1224 certaminis
1110 1187 1151 1224 in
1174 1185 1360 1236 proelium
1385 1187 1517 1232 ruunt,
1547 1182 1737 1234 priusque

198 1247 250 1293 15
312 1265 446 1301 pugna
477 1253 612 1302 coepit,
652 1267 770 1303 quam
801 1254 956 1303 signum
988 1255 1037 1292 ab
1067 1255 1236 1292 ducibus
1268 1254 1439 1291 daretur.
1499 1251 1648 1290 Acrius
1678 1249 1737 1286 in-

306 1334 442 1358 vasere
473 1319 583 1358 Galli
615 1321 796 1358 dextrum
835 1336 976 1369 cornu,
1022 1337 1149 1373 neque
1188 1321 1376 1360 sustineri
1412 1319 1650 1371 potuissent,
1693 1315 1737 1355 ni

308 1389 410 1425 forte
441 1402 484 1426 eo
516 1388 603 1426 loco
635 1389 808 1427 dictator
837 1391 986 1438 fuisset,
1017 1390 1105 1429 Sex.
1130 1391 1309 1428 Tullium
1339 1389 1496 1428 nomine
1527 1387 1737 1435 increpans

306 1456 582 1506 rogitansque,
621 1457 745 1496 sicine
775 1463 1023 1508 pugnaturos
1053 1460 1198 1497 milites
1229 1455 1533 1509 spopondisset?
1569 1453 1640 1492 ubi
1671 1452 1736 1490 illi

245 1458 267 1493 N:

307 1524 497 1562 clamores
521 1525 600 1562 sint
626 1539 734 1563 arma
757 1527 1016 1576 poscentium,
1047 1528 1116 1565 ubi
1140 1527 1269 1574 minae,
1300 1527 1455 1564 iniussu
1484 1520 1737 1574 imperatoris

304 1592 490 1640 proelium
522 1592 725 1632 inituros?
771 1594 831 1631 En
864 1595 992 1644 ipsum
1023 1596 1304 1646 imperatorem
1336 1595 1444 1632 clara
1471 1605 1567 1630 voce
1594 1601 1736 1628 vocare

305 1659 355 1696 ad
386 1660 571 1709 proelium
603 1665 642 1698 et
671 1661 729 1698 ire
761 1666 955 1700 armatum
987 1667 1077 1700 ante
1108 1664 1235 1713 prima
1265 1663 1394 1712 signa;
1432 1659 1569 1710 ecquis
1599 1669 1735 1707 seque-

304 1731 413 1765 retur
444 1742 591 1775 eorum,
622 1730 690 1779 qui
723 1730 838 1768 modo
871 1730 1030 1767 ducturi
1061 1731 1224 1779 fuerint,
1256 1731 1298 1768 in
1329 1730 1470 1768 castris
1500 1729 1661 1772 feroces,
1692 1724 1735 1762 in

266 1797 287 1829 55
306 1796 390 1833 acie
421 1796 586 1845 pavidi?
637 1796 746 1835 Vera
776 1798 1010 1845 audiebant,
1057 1799 1190 1849 itaque
1226 1802 1359 1836 tantos
1394 1797 1525 1847 pudor
1554 1793 1735 1832 stimulos

304 1864 492 1911 admovit,
521 1868 566 1901 ut
594 1870 755 1903 ruerent
781 1866 821 1903 in
851 1867 1023 1904 hostium
1055 1868 1134 1905 tela
1158 1867 1343 1905 alienatis
1366 1880 1389 1904 a
1413 1863 1602 1903 memoria
1631 1861 1735 1912 peri—

304 1932 383 1968 culi
415 1932 567 1970 animis.
612 1934 692 1971 Hie
723 1935 853 1984 primo
877 1935 1047 1985 impetus
1074 1949 1197 1986 prope
1220 1948 1357 1973 vecors
1386 1933 1570 1971 turbavit
1590 1931 1733 1976 hostes,

264 2000 424 2049 4eques
463 2001 606 2039 deinde
643 2003 808 2040 emissus
846 2004 1028 2041 turbatos
1066 2005 1222 2042 avertit.
1288 2004 1381 2053 Ipse
1420 2003 1590 2040 dictator
1626 2000 1732 2049 post-

303 2082 422 2118 quam
453 2069 651 2106 labantem
682 2085 761 2108 una
791 2076 902 2121 parte
924 2072 1032 2109 vidit
1062 2073 1196 2120 aciem,
1228 2073 1341 2121 signa
1371 2071 1413 2108 in
1437 2071 1580 2107 laevum
1611 2078 1734 2105 cornu

303 2136 465 2183 confert,
498 2150 574 2186 quo
605 2139 763 2176 turbam
792 2139 965 2178 hostium
997 2141 1231 2190 congregari
1262 2140 1464 2186 cernebat,
1495 2141 1534 2175 et
1563 2136 1632 2183 iis,
1664 2133 1733 2184 qui

264 2204 284 2236 Γ»
305 2204 346 2241 in
376 2208 508 2242 monte
540 2210 668 2253 erant,
701 2206 874 2255 signum,
908 2208 1013 2258 quod
1046 2213 1302 2256 convenerat,
1343 2208 1467 2246 dedit.
1526 2204 1610 2243 Ubi
1639 2202 1732 2241 inde

303 2286 459 2322 quoque
490 2286 615 2310 novus
647 2274 794 2312 clamor
825 2280 947 2323 ortus,
979 2280 1017 2314 et
1046 2278 1209 2315 tendere
1237 2277 1401 2327 obliquo
1424 2277 1556 2313 monte
1587 2271 1637 2310 ad
1668 2284 1731 2309 ca-

302 2344 383 2378 stra
415 2339 623 2379 Gallorum
654 2342 731 2379 visi
763 2347 864 2390 sunt,
894 2348 979 2381 tum
1009 2349 1127 2392 metu,
1158 2360 1207 2383 ne
1240 2345 1557 2390 excluderentur,
1586 2339 1733 2379 omissa

262 2409 283 2443 6
301 2421 435 2458 pugna
465 2413 534 2456 est,
565 2422 758 2459 cursuque
789 2411 909 2449 effuso
941 2413 991 2449 ad
1029 2417 1159 2451 castra
1190 2415 1431 2451 serebantur.
1489 2410 1574 2448 Ubi
1610 2421 1731 2458 quum

299 2476 537 2514 occurrisset
567 2477 622 2514 eis
652 2477 707 2514 M.
739 2477 927 2516 Valerius
958 2482 1147 2530 magister
1179 2483 1366 2532 equitum,
1399 2481 1486 2530 qui,
1516 2477 1730 2529 profligato

300 2543 439 2581 dextro
478 2558 619 2592 cornu,
665 2545 924 2594 obequitabat
960 2549 1133 2587 hostium
1171 2549 1443 2594 munimentis,
1490 2547 1540 2585 ad
1576 2547 1730 2583 montes

264 2612 283 2646 7
303 2611 501 2661 silvasque
536 2616 697 2651 vertunt
734 2614 886 2663 fugam,
933 2617 1175 2667 plurimique
1211 2618 1269 2655 ibi
1315 2632 1339 2655 a
1377 2616 1512 2654 fallaci
1550 2614 1728 2665 equitum
