1821 2928
527 114 643 150 Liber
667 115 742 150 ΠΙ.
792 119 852 160 (A.
880 116 945 151 Ch.
971 118 1065 161 464.)
1441 121 1517 159 129

70 257 214 294 agrum
246 243 471 281 Romanum
502 243 622 281 missa
652 245 873 294 urbemque
905 245 1053 295 ipsam,
1085 246 1118 283 si
1150 258 1229 295 qua
1259 245 1419 283 fortuna
1450 246 1518 284 da-

73 319 156 362 ret,
196 315 442 354 tentandam.
511 315 556 353 L.
589 314 776 354 Valerius
817 316 868 354 ad
906 318 1141 367 praesidium
1181 317 1295 355 urbis
1336 319 1558 365 relictus,3

73 388 212 426 consul
251 388 484 426 Postumius
530 387 581 426 ad
629 388 821 426 arcendas
862 390 1141 439 populationes
1179 390 1319 428 finium
1365 391 1517 429 missus.

73 459 188 499 Nihil
218 461 424 498 remissum
457 460 506 497 ab
539 460 622 498 ulla
653 464 767 510 parte
799 474 904 498 curae
943 465 1012 499 aut
1053 462 1222 509 laboris3
1272 463 1427 512 vigiliae
1475 463 1561 501 in4

72 533 183 583 urbe,
216 533 410 571 stationes
434 536 526 571 ante
551 537 686 583 portas
711 533 977 583 praesidiaque
1004 533 1045 570 in
1074 534 1197 571 muris
1221 534 1430 585 disposita,
1464 539 1516 586 et,

73 605 181 655 quod
203 618 364 644 necesse
396 609 482 643 erat
508 605 548 642 in
576 609 687 643 tanto
712 606 898 653 tumultti,
926 606 1123 644 iustitium
1149 620 1221 656 per
1244 607 1400 657 aliquot
1430 608 1515 646 dies

73 681 286 718 servatum.
362 677 531 715 Interim
573 678 615 715 in
655 679 796 715 castris
835 678 982 716 Furius
1022 679 1177 726 consul,
1223 693 1346 729 quum
1386 679 1558 730 primo5

73 750 232 800 quietus
256 750 506 788 obsidionem
523 764 663 800 passus
690 754 804 797 esset,
837 750 878 788 in
903 751 1107 788 incautum
1131 751 1284 789 hostem
1301 751 1521 791 decumana

72 826 189 872 porta
221 823 364 873 erupit,
399 827 437 861 et
464 836 586 873 quum
619 823 808 873 persequi
835 828 980 873 posset,
1011 827 1118 861 metu
1142 823 1335 875 substitit,
1368 839 1417 863 ne
1442 839 1520 876 qua

72 907 121 932 ex
151 897 266 945 parte
298 895 426 933 altera
457 896 497 932 in
530 900 659 933 castra
689 896 748 933 vis
779 895 906 935 fieret.
967 895 1136 933 Furium
1163 896 1340 945 legatum
1373 896 1518 949 (frater
1536 896 1559 933 6

72 966 178 1004 idem
210 967 384 1005 consulis
416 970 520 1020 erat)
553 967 713 1018 longius
745 968 890 1005 extulit
913 981 1071 1015 cursus;
1103 982 1175 1006 nec
1199 982 1290 1007 suos
1315 970 1383 1007 ille
1409 970 1520 1008 rede-

71 1043 186 1077 untes
212 1040 480 1090 persequendi
508 1039 640 1078 studio
668 1053 796 1090 neque
820 1041 996 1078 hostium
1015 1041 1063 1078 ab
1092 1045 1206 1090 tergo
1232 1042 1435 1080 incursum
1462 1044 1520 1081 vi-

71 1111 145 1152 dit.
205 1112 271 1150 Ita
303 1113 507 1162 exclusus,
551 1112 689 1150 multis
721 1126 824 1162 saepe
856 1113 1005 1150 frustra
1046 1114 1253 1152 conatibus
1285 1115 1435 1165 captis,
1476 1119 1521 1153 ut

70 1185 177 1223 viam
210 1185 287 1223 sibi
311 1185 362 1223 ad
388 1189 520 1223 castra
544 1185 706 1232 faceret,
736 1185 882 1223 acriter
910 1185 1102 1224 dimicans
1127 1186 1288 1226 cecidit.
1349 1188 1403 1225 Et
1427 1202 1518 1226 con·
1539 1188 1560 1224 7

72 1257 132 1295 sul
165 1258 306 1295 nuntio
338 1257 602 1295 circumventi
632 1257 770 1295 fratris
802 1271 1018 1296 conversus
1051 1259 1101 1296 ad
1132 1272 1319 1309 pugnam,
1354 1260 1448 1297 dum
1480 1274 1520 1298 se

70 1334 221 1367 temere
247 1330 373 1379 magis
402 1343 522 1380 quam
549 1330 646 1367 satis
673 1333 788 1367 caute
807 1330 849 1367 in
866 1330 1039 1368 mediam
1057 1331 1356 1370 dimicationem
1384 1333 1519 1382 infert,

69 1401 235 1439 vulnere
268 1405 430 1452 accepto
471 1415 575 1451 aegre
618 1402 667 1439 ab
708 1402 1057 1441 circumstantibus
1097 1408 1258 1454 ereptus
1290 1408 1330 1441 et
1361 1418 1521 1442 suorum

70 1475 223 1512 animos
255 1474 437 1511 turbavit
468 1478 508 1512 et
537 1474 752 1512 ferociores
776 1475 910 1512 hostes
942 1476 1059 1522 fecit3
1095 1476 1163 1525 qui
1189 1476 1296 1514 caede
1328 1477 1453 1527 legati
1478 1481 1515 1515 et
1533 1478 1558 1515 8

71 1546 246 1584 consulis
263 1546 428 1583 vulnere
457 1546 615 1583 accensi
634 1547 745 1584 nulla
770 1547 916 1584 deinde
931 1547 971 1585 vi
997 1549 1184 1585 sustineri
1210 1552 1389 1600 potuere,
1423 1550 1520 1600 quin

72 1618 268 1668 compulsi
299 1619 340 1655 in
373 1622 502 1656 castra
532 1618 706 1656 Romani
748 1632 888 1657 rursus
926 1619 1212 1658 obsiderentur
1244 1635 1315 1659 nec
1347 1635 1416 1671 spe
1448 1635 1520 1660 nec

69 1691 225 1729 viribus
269 1704 397 1741 pares.
462 1689 728 1741 Venissetque
770 1692 811 1729 in
841 1691 1068 1742 periculum
1100 1706 1252 1731 summa
1282 1707 1434 1741 rerum,
1478 1694 1520 1732 ni

68 1763 116 1802 T.
150 1763 366 1811 Quinctius
404 1763 630 1813 peregrinis
670 1764 815 1814 copiis,
856 1763 1002 1802 Latino
1034 1764 1294 1816 Hernicoque
1326 1767 1518 1814 exercitu,

69 1835 333 1875 subvenisset.
396 1835 437 1873 Is
476 1836 653 1874 intentos
686 1837 725 1873 in
757 1840 888 1874 castra
914 1836 1097 1875 Romana
1123 1837 1279 1887 AEquos
1310 1836 1556 1888 legatique9

70 1912 190 1958 caput
219 1909 406 1946 ferociter
437 1912 683 1946 ostentantes
708 1909 757 1946 ab
785 1912 900 1958 tergo
928 1909 1105 1957 adortus,
1136 1910 1255 1947 simul
1283 1910 1333 1947 ad
1361 1910 1519 1960 siguum

69 1993 93 2018 a
123 1994 163 2018 se
194 1981 338 2031 procul
369 1980 520 2018 editum
552 1993 601 2018 ex
633 1981 777 2018 castris
808 1981 1018 2031 eruptione
1049 1982 1178 2028 facta,
1220 1994 1405 2031 magnam
1437 1983 1516 2020 vim

68 2052 242 2092 hostium
274 2054 548 2091 circumvenit.
607 2053 743 2090 Minor
775 2052 921 2099 caedes,
960 2053 1056 2103 fuga
1094 2053 1257 2092 effusior
1288 2054 1514 2105 AEquorum
1537 2053 1588 2090 10

70 2124 111 2162 in
152 2138 247 2175 agro
290 2126 367 2163 fuit
397 2125 598 2171 Romano,
639 2127 679 2162 in
712 2138 810 2175 quos
844 2125 1000 2175 palatos
1032 2126 1208 2176 praedam
1241 2130 1405 2177 agentes
1438 2127 1517 2166 Po-

69 2198 237 2235 stumius
270 2198 427 2248 aliquot
457 2197 569 2248 locis,
603 2198 748 2248 quibus
780 2201 1009 2248 opportuna
1038 2199 1284 2249 imposuerat
1312 2199 1516 2250 praesidia,

69 2270 258 2320 impetum
291 2270 416 2308 dedit.
479 2270 536 2308 Hi
559 2271 654 2320 vagi
679 2270 871 2320 dissipato
898 2270 1055 2319 agmine
1081 2271 1281 2320 fugientes
1306 2271 1346 2309 in
1365 2272 1516 2320 Quinc-

68 2341 168 2380 tium
198 2343 389 2381 victorem
422 2356 510 2380 cum
542 2343 675 2380 saucio
708 2342 870 2380 consule
901 2347 1166 2381 revertentem
1199 2343 1394 2391 incidere;
1429 2349 1513 2382 tum
1534 2346 1583 2382 11

70 2414 290 2453 consularis
323 2415 521 2453 exereitus
553 2415 716 2464 egregia
747 2428 883 2464 pugna
913 2415 1090 2453 consulis
1120 2416 1276 2462 vulnus,
1319 2416 1445 2466 legati
1477 2420 1517 2453 et

70 2485 291 2525 cohortium
318 2488 427 2525 ultus
455 2492 514 2525 est
537 2487 694 2526 caedem.
755 2487 915 2537 Magnae
942 2487 1073 2525 clades
1100 2488 1208 2526 ultro
1234 2488 1415 2537 citroque
1434 2487 1516 2525 illis

71 2556 213 2596 diebus
244 2563 283 2597 et
310 2560 435 2598 illatae
461 2564 500 2598 et
523 2564 709 2610 acceptae.
755 2559 936 2597 Difficile
961 2559 1011 2596 ad
1033 2559 1151 2598 fidem
1179 2564 1241 2598 est
1267 2560 1307 2596 in
1335 2562 1416 2597 tam
1444 2572 1512 2596 an·
1536 2561 1584 2598 12

69 2629 183 2679 tiqua
213 2644 268 2682 re,
302 2637 400 2682 quot
430 2632 698 2683 pugnaverint
727 2631 1009 2681 ceciderintve,
1044 2636 1182 2669 exacto
1213 2630 1412 2668 affirmare
1442 2643 1514 2668 nu-

71 2713 200 2749 mero;
239 2704 361 2742 audet
390 2709 524 2742 tamen
555 2703 701 2742 Antias
732 2703 921 2742 Valerius
960 2703 1169 2753 concipere
1200 2715 1392 2740 summas:
1425 2702 1507 2740 Ro·
1529 2703 1585 2742 13

142 2783 250 2810 Livius
269 2792 305 2810 ex
324 2792 380 2811 rec.
401 2785 562 2818 Madvigii.
599 2787 622 2812 1.
1286 2784 1307 2816 9
