1821 2928
544 98 661 134 Liber
684 97 753 133 IV.
803 100 865 143 (A.
892 99 956 134 Ch.
982 100 1077 143 406.)
1448 101 1529 141 253

93 228 220 266 millia
257 231 296 265 et
331 227 543 277 quingenti
574 227 657 265 vivi
689 227 915 277 capiuntur.
975 228 1016 265 A
1048 231 1180 265 cetera
1210 226 1348 278 praeda
1376 226 1571 265 Fabiusss

92 300 261 338 militem
306 299 514 346 abstinuit,
560 299 686 337 donec
724 299 889 348 collegae
928 300 1122 346 venirent,
1167 299 1216 337 ab
1256 299 1339 337 illis
1371 299 1570 349 quoque9

93 371 337 410 exercitibus
369 375 526 422 captum
553 372 701 409 Anxur
733 371 924 408 dictitans
956 384 1051 417 esse,
1083 371 1153 420 qui
1185 374 1337 409 ceteros
1362 370 1532 410 Volscos

92 458 116 482 a
146 443 333 494 praesidio
365 444 450 482 eius
482 443 560 481 loci
591 443 843 481 avertissent.
901 443 982 490 Qui
1005 443 1075 480 ubi
1098 447 1304 490 venerunt,
1336 442 1529 493 oppidum
1551 444 1601 480 10

92 519 229 554 vetere
259 516 420 553 fortuna
452 515 686 565 opulentum
717 520 798 553 tres
823 515 1020 553 exercitus
1048 514 1274 565 diripuere3
1307 528 1432 565 eaque
1450 515 1531 565 pri·

94 601 199 626 mum
231 587 460 637 benignitas
478 588 764 638 imperatorum
781 588 936 637 plebem
953 587 1137 636 patribus
1156 588 1397 626 conciliavit.
1445 587 1530 625 Ad·
1553 586 1600 623 11

94 660 220 698 ditum
253 659 396 697 deinde
428 661 604 698 omnium
636 660 806 697 maxime
829 659 1068 710 tempestivo
1093 660 1318 709 principum
1343 659 1384 696 in
1401 659 1533 696 multi-

92 731 272 770 tudinem
299 745 472 780 munere,
503 737 547 769 ut
571 736 664 770 ante
682 732 924 769 mentionem
942 731 1066 769 ullam
1084 731 1213 781 plebis
1230 731 1534 769 tribunorumve

95 805 328 842 decerneret
358 808 530 852 senatus,
561 808 606 842 ut
636 803 879 854 stipendium
911 803 1025 841 miles
1058 803 1106 840 de
1136 802 1299 853 publico
1324 803 1534 853 acciperet,

97 889 218 926 quum
249 880 341 914 ante
372 877 414 914 id
445 880 601 926 tempus
635 876 684 914 de
716 889 786 914 suo
819 876 989 926 quisque
1020 876 1178 912 functus
1210 888 1255 913 eo
1287 888 1449 912 munere
1477 889 1533 912 es-

95 952 165 987 set.
226 948 340 987 Nihil
372 952 579 999 acceptum
610 961 786 998 unquam
817 962 839 985 a
868 947 987 998 plebe
1017 950 1130 984 tanto
1163 946 1310 996 gaudio
1344 947 1532 985 traditur.
1607 943 1663 991 60

97 1019 343 1058 Concursum
390 1021 526 1071 itaque
572 1021 622 1058 ad
663 1020 816 1058 curiam
855 1032 939 1057 esse
977 1022 1262 1069 prensatasque
1304 1019 1535 1056 exeuntium

98 1105 236 1130 manus
269 1096 308 1130 et
337 1097 473 1142 patres
505 1106 597 1130 vere
629 1093 864 1143 appellatos,
903 1091 1083 1129 effectum
1116 1104 1199 1128 esse
1230 1091 1462 1137 fatentibus,
1493 1095 1537 1127 ut

97 1177 209 1202 nemo
241 1178 315 1215 pro
346 1169 427 1203 tam
459 1164 648 1202 munifica
679 1165 821 1215 patria,
852 1164 979 1202 donec
1004 1164 1218 1214 quicquam
1235 1162 1382 1200 virium
1399 1176 1535 1212 super-

96 1241 210 1284 esset,
243 1238 403 1287 corpori
433 1241 502 1275 aut
533 1237 719 1286 sanguini
749 1250 820 1274 suo
852 1241 1046 1286 parceret.
1109 1236 1242 1283 Quum
1274 1234 1576 1272 commoditas2

97 1310 264 1356 iuvaret,
305 1323 390 1347 rem
421 1310 660 1347 familiarem
692 1309 833 1346 saltem
865 1309 1118 1358 acquiescere
1150 1320 1195 1344 eo
1225 1311 1422 1356 tempore,
1460 1319 1538 1356 quo

98 1394 243 1432 corpus
275 1382 480 1419 addictum
512 1385 633 1431 atque
667 1386 872 1431 operatum
889 1382 950 1418 rei
966 1380 1139 1430 publicae
1157 1383 1271 1425 esset,
1301 1383 1396 1425 tum,
1429 1378 1538 1428 quod

100 1454 207 1492 ultro
239 1454 316 1492 sibi
347 1453 527 1491 oblatum
559 1458 672 1499 esset,
704 1467 783 1491 non
814 1467 837 1490 a
866 1452 1042 1489 tribunis
1070 1451 1200 1501 plebis
1217 1464 1392 1500 unquam
1410 1451 1537 1499 agita-

98 1531 195 1573 tum,
226 1539 304 1563 non
336 1526 418 1563 suis
451 1526 701 1563 sermonibus
733 1524 1007 1573 efflagitatum,
1039 1523 1081 1561 id
1105 1522 1309 1560 efficiebat
1325 1522 1538 1572 multiplex

99 1597 288 1647 gaudium
321 1598 704 1647 cumulatioremque
735 1596 906 1646 gratiam
937 1595 1009 1634 rei.
1056 1594 1228 1632 Tribuni
1259 1595 1402 1645 plebis,
1434 1608 1536 1632 com·
1557 1595 1580 1632 3

102 1670 232 1708 munis
256 1670 441 1708 ordinum
457 1670 609 1708 laetitiae
626 1668 930 1718 concordiaeque
948 1667 1023 1706 soli
1041 1671 1236 1717 expertes,
1268 1680 1427 1716 negare,
1457 1671 1539 1704 tam

100 1743 141 1780 id
174 1743 310 1780 laetum
343 1742 556 1793 [patribus]
588 1742 786 1779 universis
817 1754 890 1778 nec
921 1753 1156 1790 prosperum
1187 1740 1284 1786 fore,
1316 1752 1436 1789 quam
1461 1739 1540 1789 ipsi

100 1815 328 1861 crederent3
375 1815 584 1853 consilium
630 1814 763 1864 specie
804 1813 934 1864 prima
965 1812 1107 1850 melius
1138 1812 1270 1857 fuisse,
1317 1824 1435 1860 quam
1466 1823 1541 1847 usu

101 1887 390 1938 appariturum.
451 1886 569 1925 Unde
610 1886 714 1924 enim
754 1899 838 1924 eam
876 1884 1088 1935 pecuniam
1126 1883 1267 1921 confici
1306 1896 1422 1932 posse
1461 1882 1580 1919 nisi4

100 1960 255 1998 tributo
286 1959 436 2009 populo
468 1958 651 1996 indicto?
697 1958 758 1996 Ex
782 1958 913 1995 alieno
938 1950 1065 2005 igitur
1083 1955 1177 1993 allis
1195 1955 1381 2003 largitos;
1413 1968 1541 2004 neque

102 2032 155 2079 id,
186 2032 342 2070 etiamsi
374 2031 497 2069 ceteri
524 2031 665 2076 ferant,
696 2042 884 2080 passuros
909 2042 986 2074 eos,
1020 2027 1165 2077 quibus
1193 2027 1271 2064 iam
1290 2027 1455 2064 emerita
1471 2026 1540 2064 sti·

103 2103 251 2156 pendia
296 2108 436 2150 essent,
483 2102 648 2140 meliore
689 2101 922 2140 condicione
953 2101 1051 2138 alios
1082 2100 1267 2146 militare,
1313 2112 1430 2149 quam
1462 2098 1541 2148 ipsi

103 2177 354 2223 militassent,
385 2180 424 2213 et
455 2174 613 2213 eosdem
644 2175 686 2211 in
717 2187 788 2212 sua
819 2172 1022 2223 stipendia
1053 2173 1250 2222 impensas
1274 2171 1413 2208 fecisse
1438 2173 1478 2207 et
1501 2170 1541 2207 in

104 2249 276 2288 aliorum
292 2248 436 2286 facere.
483 2246 563 2284 His
579 2246 745 2284 vocibus
762 2248 972 2284 moverunt
987 2248 1141 2295 partem
1158 2243 1305 2294 plebis;
1326 2245 1538 2292 postremo,
1559 2241 1581 2278 5

104 2321 256 2360 indicto
303 2320 383 2358 iam
427 2319 599 2364 tributo,
653 2318 867 2356 edixerunt
911 2317 1031 2355 etiam
1075 2315 1249 2362 tribuni,
1303 2314 1455 2353 auxilio
1501 2327 1541 2350 se

104 2394 271 2440 futuros,
303 2392 337 2430 si
369 2392 458 2442 quis
489 2391 530 2428 in
562 2390 735 2428 militare
763 2389 1006 2440 stipendium
1030 2389 1228 2426 tributum
1254 2400 1333 2425 non
1351 2385 1540 2424 contulis-

106 2470 176 2504 set.
236 2465 381 2503 Patres
411 2464 511 2501 bene
542 2465 712 2512 coeptam
742 2475 826 2500 rem
857 2464 1158 2512 perseveranter
1188 2459 1311 2504 tueri3
1357 2457 1539 2495 conferre
1557 2457 1580 2492 6

107 2537 185 2587 ipsi
214 2537 354 2587 primi;
386 2539 426 2574 et
457 2535 552 2585 quia
573 2533 750 2572 nondum
774 2537 984 2583 argentum
1008 2533 1208 2582 signatum
1225 2534 1322 2576 erat,
1353 2541 1405 2566 aes
1422 2541 1543 2576 grave

107 2609 298 2658 plaustris
343 2607 506 2658 quidam
551 2607 603 2645 ad
647 2606 833 2644 aerarium
873 2605 1136 2644 convehentes
1168 2601 1388 2652 speciosam
1419 2599 1539 2638 etiam
