1821 2928
563 225 654 250 Liber
671 224 724 249 IX.
762 222 809 251 (Α.
829 222 881 247 Ch.
901 223 1056 251 320—319.)
1376 212 1454 249 159

69 339 183 376 cuius
215 340 418 391 principes
451 345 565 380 erant
596 337 833 379 defectionis
871 350 894 374 a
924 336 1074 386 populo
1106 336 1288 374 Romano
1320 340 1513 384 auctores,

67 406 193 445 altera
222 408 401 446 fidelium
433 410 597 457 civium3
629 411 825 447 certatum
857 405 905 442 ab
938 404 1118 453 utrisque
1141 407 1274 441 tamen
1298 408 1366 450 est,
1390 409 1435 442 ut
1460 405 1510 442 ad

68 476 406 514 reconciliandam
436 491 574 527 pacem
608 476 761 515 consuli
793 486 913 524 opera
944 477 1169 510 navaretur.
1239 472 1341 509 Pars
1373 473 1508 520 altera,
1530 475 1552 510 7

69 556 189 592 quum
222 544 454 593 praesidium
486 544 740 589 Samnitium,
775 542 871 592 quia
902 541 1007 578 nihil
1046 540 1144 577 satis
1174 542 1391 590 praeparati
1424 545 1509 579 erat

68 611 119 648 ad
152 611 401 650 obsidionem
440 613 702 659 tolerandam,
742 622 991 648 excessurum
1032 608 1216 658 proxima
1247 612 1362 647 nocte
1394 613 1507 656 esset,

67 680 274 718 enuntiare
305 681 459 718 consuli
491 681 589 719 satis
621 681 774 725 habuit,
805 692 884 729 qua
915 677 1046 715 noctis
1076 676 1175 714 hora
1207 690 1364 727 quaque
1394 682 1511 727 porta

66 751 105 784 et
157 762 275 798 quam
322 749 364 786 in
391 749 516 786 .viam
563 762 796 798 egressurus
840 746 965 784 hostis
1011 745 1130 791 foret;
1176 745 1315 793 altera,
1360 746 1549 795 quibusS

65 816 204 854 invitis
236 817 430 854 descitum
462 817 512 855 ad
545 817 745 855 Samnites
777 819 872 861 erat,
904 814 1042 851 eadem
1065 817 1181 851 nocte
1205 817 1363 863 portam
1388 815 1507 852 etiam

65 885 220 922 consuli
263 889 508 935 aperuerunt
552 889 805 935 armatosque
851 883 953 920 clam
999 881 1040 918 in
1079 882 1217 919 urbem
1256 887 1507 932 acceperunt.

64 953 130 990 Ita
160 952 315 1003 duplici
347 955 578 1004 proditione
610 958 647 992 et
678 951 911 1003 praesidium
929 949 1182 996 Samnitium,
1211 950 1371 987 insessis
1399 951 1505 988 circa
1525 952 1546 987 9

63 1021 169 1059 viam
201 1021 453 1060 silvestribus
483 1023 594 1069 locis,
624 1021 862 1071 necopinato
895 1032 1129 1069 oppressum
1160 1022 1230 1065 est,
1263 1022 1303 1055 et
1333 1019 1382 1056 ab
1409 1020 1507 1057 urbe

63 1090 183 1139 plena
213 1090 389 1127 hostium
422 1091 572 1129 elamor
602 1090 794 1135 sublatus,
820 1079 1098 1137 momentoque
1123 1087 1244 1123 unius
1260 1087 1366 1124 horae
1384 1100 1506 1125 caesus

64 1155 242 1205 Samnis,
283 1156 515 1197 Satricanus
553 1162 711 1209 captus,
759 1161 797 1195 et
839 1156 972 1194 omnia
1013 1156 1055 1192 in
1095 1158 1293 1204 potestate
1331 1156 1505 1193 consulis

65 1230 196 1273 erant3
242 1226 323 1275 qui,
370 1228 590 1276 quaestione
634 1227 784 1272 habita,
831 1239 997 1275 quorum
1038 1237 1160 1274 opera
1200 1223 1371 1261 defectio
1403 1228 1505 1262 esset
1524 1224 1578 1261 10

63 1294 188 1339 faeta,
228 1307 328 1343 quos
368 1299 500 1333 sontes
539 1295 754 1345 comperit,
797 1295 923 1342 virgis
965 1306 1085 1330 caesos
1127 1293 1255 1330 securi
1295 1293 1504 1341 percussit,

36 1362 331 1412 'praesidioque
360 1363 496 1401 valido
530 1364 728 1413 imposito,
760 1376 870 1400 arma
902 1361 1125 1399 Satricanis
1157 1361 1317 1398 ademit.

175 1430 278 1468 Inde
302 1431 352 1468 ad
377 1432 627 1482 triumphum
645 1431 858 1469 decessisse
874 1430 1043 1467 Romam
1060 1429 1271 1478 Papirium
1289 1427 1501 1466 Cursorem
1524 1429 1570 1466 11

63 1498 256 1546 scribunt,
297 1499 366 1549 qui
406 1513 451 1537 eo
491 1501 590 1537 duce
632 1500 843 1538 Luceriam
882 1502 1084 1547 receptam
1123 1496 1403 1547 Samnitesque
1434 1498 1506 1535 sub

63 1566 200 1616 iugum
231 1567 372 1605 missos
403 1571 586 1605 auctores
617 1571 720 1605 sunt.
779 1567 833 1605 Et
862 1567 940 1604 fuit
968 1567 1032 1603 vir
1063 1566 1171 1603 haud
1204 1566 1326 1603 dubie
1357 1566 1503 1615 dignus
1526 1566 1573 1603 12

65 1635 173 1672 omni
204 1635 350 1673 bellica
381 1635 510 1674 laude.
542 1649 622 1673 non
653 1635 777 1674 animi
817 1635 944 1674 solum
981 1635 1130 1684 vigore,
1169 1634 1238 1672 sed
1270 1634 1390 1672 etiam
1422 1648 1505 1672 cor-

61 1703 171 1753 poris
211 1704 364 1741 viribus
402 1704 607 1742 excellens.
682 1704 896 1754 Praecipua
936 1703 1082 1753 pedum
1113 1702 1331 1752 pernicitas
1363 1703 1574 1750 i11erat‚l3

63 1784 150 1821 quae
183 1786 402 1821 cognomen
433 1772 553 1809 etiam
586 1773 717 1819 dedit3
747 1773 1021 1821 victoremque
1046 1784 1165 1808 cursu
1182 1772 1357 1809 omnium
1375 1771 1505 1808 aetatis

63 1852 142 1877 suae
173 1840 297 1877 fuisse
329 1841 461 1878 ferunt
492 1854 560 1878 seu
593 1855 752 1878 crurum
783 1841 824 1878 vi
856 1855 924 1878 seu
948 1839 1236 1878 exercitatione
1254 1840 1391 1886 multa,
1425 1839 1505 1876 cibi

60 1906 226 1958 vinique
257 1909 424 1945 eundem
457 1909 778 1958 capacissimum;
808 1923 881 1947 nec
913 1922 1000 1946 cum
1026 1908 1109 1945 ullo
1126 1907 1381 1957 asperiorem,
1408 1907 1502 1957 quia
1523 1908 1575 1945 14

62 1977 147 2026 ipse
179 1975 322 2013 invicti
354 1976 404 2013 ad
436 1977 615 2014 laborem
649 1978 832 2028 corporis
864 1981 976 2023 esset,
1007 1977 1127 2013 fuisse
1158 1975 1345 2012 militiam
1377 1975 1504 2025 pedit-i

61 2044 214 2094 pariter
247 2044 475 2094 equitique,
507 2045 662 2094 equites
695 2046 816 2083 etiam
848 2044 1068 2094 aliquando
1093 2057 1210 2081 ausos
1227 2044 1275 2080 ab
1294 2057 1339 2080 eo
1355 2047 1501 2093 petere,
1523 2044 1572 2082 15

61 2115 107 2150 ut
137 2112 216 2150 sibi
246 2126 319 2163 pro
351 2126 393 2150 re
426 2112 526 2149 bene
557 2117 668 2161 gesta
702 2114 854 2152 laxaret
886 2112 1043 2163 aliquid
1067 2112 1239 2158 laboris;
1271 2112 1416 2161 quibus
1435 2112 1501 2149 ille
1524 2114 1571 2150 16

65 2180 150 2227 „Ne
182 2181 287 2218 nihil
318 2183 525 2219 remissum
557 2181 714 2228 dicatis,
746 2182 933 2219 remitto·‘
969 2181 1112 2231 inquit,
1148 2193 1222 2227 „ne
1248 2181 1387 2230 utique
1413 2181 1503 2217 (lor-

63 2262 148 2286 sum
180 2249 450 2296 demulceatis,
489 2263 610 2299 quum
653 2264 700 2287 ex
732 2250 844 2300 equis
877 2249 1164 2287 descendetis.“
1241 2249 1296 2287 Et
1325 2249 1387 2286 vis
1419 2251 1505 2286 erat

62 2317 104 2354 in
136 2330 180 2355 eo
212 2317 300 2355 viro
334 2317 491 2367 imperii
524 2317 662 2366 ingens
693 2318 844 2368 pariter
876 2318 916 2355 in
948 2318 1075 2356 socios
1099 2318 1294 2367 civesque.
1341 2316 1500 2353 Praene-
1522 2319 1571 2355 17

61 2385 190 2423 stinus
221 2389 369 2435 praetor
399 2399 470 2435 per
501 2385 685 2422 timorem
718 2387 877 2436 segnius
909 2400 955 2424 ex
987 2386 1180 2424 subsidiis
1212 2399 1303 2423 suos
1335 2384 1502 2422 duxerat

61 2453 103 2490 in
132 2454 301 2504 primam
334 2454 480 2499 acie1n;
514 2467 629 2503 quem
662 2468 782 2504 quum
816 2455 1066 2492 inambulans
1090 2458 1181 2492 ante
1197 2453 1502 2491 tabernaculum

59 2522 195 2560 vocari
227 2522 417 2568 iussisset,
449 2522 629 2559 lictorem
661 2522 850 2573 exptdire
887 2537 1061 2561 securem
1095 2523 1220 2560 iussit.
1280 2521 1349 2560 Ad
1381 2535 1499 2571 quam
1521 2523 1570 2560 18

60 2602 197 2628 vocem
236 2591 409 2628 exanimi
451 2594 581 2628 stante
613 2591 877 2637 Praenestino,
912 2591 1029 2640 ..Age
1061 2591 1166 2636 (lum,
1199 2590 1328 2633 lictor,
1361 2589 1500 2627 excide

60 2657 236 2696 radicem
268 2659 394 2696 hanc“
430 2659 563 2708 inquit-
583 2659 898 2697 ..incommodam
921 2659 1260 2703 ambulantibus·‘,
1279 2659 1499 2708 perfusum·

62 2738 137 2775 que
168 2726 300 2764 ultimi
331 2727 524 2777 supplicii
557 2733 676 2774 metu,
706 2728 832 2765 multa
863 2727 980 2774 dicta,
1013 2727 1178 2764 dimisit.
1238 2725 1359 2764 Haud
1378 2726 1497 2763 dubie
1521 2727 1568 2763 19
