1821 2928
254 149 306 186 92
633 143 748 178 Liber
772 142 824 177 II.
874 143 933 187 (A.
959 154 992 177 u.
1019 154 1048 178 c.
1076 144 1288 187 260-261.)

253 286 370 323 quam
403 287 472 323 per
504 272 740 310 dictatorem
773 271 942 309 dilectus
971 270 1134 309 habitus
1166 273 1280 319 esset,
1312 272 1456 317 tamen,
1495 270 1688 320 quoniam

254 345 295 382 in
328 345 532 382 consulum
564 343 688 381 verba
726 343 909 393 iurasset,
942 345 1189 380 sacramento
1227 342 1356 379 teneri
1387 342 1557 380 militem
1597 343 1689 390 rati,

255 429 326 466 per
357 430 515 454 causam
546 415 727 453 renovati
759 415 808 453 ab
840 415 986 465 AEquis
1018 414 1117 452 belli
1149 413 1262 451 educi
1294 426 1341 450 ex
1382 414 1480 452 urbe
1512 415 1690 464 legiones

213 491 236 527 2
256 487 416 525 iussere.
465 488 554 535 Quo
587 488 691 525 facto
724 490 923 524 maturata
956 490 1014 524 est
1046 486 1202 524 seditio.
1251 485 1302 522 Et
1333 485 1463 535 primo
1496 486 1690 535 agitatum

254 559 402 597 dicitur
434 559 482 597 de
516 560 722 598 consulum
755 558 874 605 caede,
905 563 948 596 ut
979 558 1228 595 solverentur
1252 561 1520 605 sacrament03
1553 557 1690 597 doctos

255 631 409 678 deinde,
441 631 592 669 nullam
617 631 765 669 scelere
793 631 1028 679 religionem
1056 630 1220 678 exsolvi,
1239 627 1390 666 Sicinio
1409 629 1582 679 quodam
1599 642 1689 667 auc-

254 706 341 740 tore
372 704 525 741 iniussu
557 703 763 741 consulum
792 703 832 739 in
858 701 1022 739 Sacrum
1051 704 1222 738 montem
1260 701 1481 738 secessisse.
1544 700 1691 752 (Trans
1747 729 1752 732 -

212 774 454 813 3Anienem
487 788 640 813 amnem
674 779 743 823 est,
776 774 855 811 tria
886 774 935 811 ab
968 773 1067 810 urbe
1098 773 1226 810 millia
1256 786 1456 822 passuum.
1515 773 1577 811 Ea
1615 773 1692 810 fre-

255 847 447 896 quentior
477 847 581 884 fama
614 851 670 885 est
705 860 834 896 quam,
871 846 980 882 cuius
1011 845 1107 882 Piso
1133 848 1272 882 auctor
1297 849 1366 891 est,
1384 845 1425 881 in
1443 844 1694 882 Aventinum

210 918 516 958 4secessionem
548 920 693 957 factam
724 916 840 970 esse.)
900 917 966 954 Ibi
1007 917 1092 954 sine
1123 917 1205 953 ullo
1239 917 1337 954 duce
1369 917 1475 954 vallo
1507 917 1693 966 fossaque

257 991 512 1028 communitis
545 992 696 1037 castris,
729 990 866 1040 quieti,
893 1003 976 1026 rem
1000 989 1152 1026 nullam
1169 989 1247 1026 nisi
1264 990 1528 1027 necessariam
1545 988 1596 1026 ad
1612 989 1693 1026 vic-

254 1065 338 1099 tum
371 1063 574 1112 sumendo,
603 1077 674 1113 per
699 1063 854 1112 aliquot
871 1061 956 1098 dies
973 1074 1102 1110 neque
1119 1061 1294 1098 lacessiti
1310 1074 1440 1110 neque
1456 1061 1694 1098 lacessentes

213 1133 235 1170 5
258 1147 343 1171 sese
374 1138 550 1172 tenuere.
599 1135 732 1173 Pavor
759 1135 899 1182 ingens
927 1134 967 1170 in
992 1133 1104 1181 urbe,
1132 1138 1318 1182 metuque
1344 1137 1480 1171 mutuo
1506 1146 1696 1183 suspensa

258 1209 371 1242 erant
403 1207 546 1246 omnia.
581 1207 738 1244 Timere
764 1206 905 1243 relicta
929 1205 979 1242 ab
1005 1205 1087 1242 suis
1112 1205 1248 1255 plebes
1265 1205 1498 1243 violentiam
1515 1208 1694 1255 patrum3

257 1277 401 1315 timere
432 1282 567 1327 patres
598 1278 770 1315 residem
814 1278 852 1314 in
891 1277 989 1314 urbe
1021 1277 1193 1326 plebem,
1233 1277 1390 1327 incerti,
1424 1290 1581 1315 manere
1613 1289 1697 1314 eam

221 1351 313 1388 ean
346 1349 456 1387 abire
488 1350 663 1387 mallent.
726 1349 929 1396 Quamdiu
971 1353 1102 1386 autem
1141 1349 1412 1399 tranquillam,
1452 1362 1540 1399 quae
1572 1362 1696 1386 seces-

258 1421 367 1467 serit,
385 1422 680 1459 multitudinem
712 1421 826 1458 fore?
857 1421 954 1471 quid
985 1420 1162 1458 futurum
1195 1420 1353 1470 deinde,
1378 1421 1411 1458 si
1428 1422 1535 1471 quod
1567 1424 1698 1458 exter-

218 1492 240 1527 7
257 1505 350 1530 num
369 1494 528 1530 interim
541 1494 690 1530 bellum
704 1492 898 1531 exsistat?
915 1492 1079 1531 Nullam
1090 1494 1267 1543 profecto
1277 1493 1357 1530 nisi
1368 1493 1409 1530 in
1420 1492 1631 1531 concordia
1644 1492 1697 1530 ci-

259 1565 369 1604 vium
402 1579 509 1615 spem
545 1565 740 1614 reliquam
770 1565 931 1611 ducere,
972 1578 1057 1603 eam
1081 1578 1152 1614 per
1175 1577 1299 1614 aequa,
1315 1578 1387 1615 per
1403 1565 1543 1614 iniqua
1557 1577 1699 1602 recon-

216 1638 242 1675 8
261 1637 477 1675 ciliandam
498 1637 653 1675 civitati
671 1650 765 1674 esse.
811 1636 974 1674 Placuit
992 1637 1118 1685 igitur
1135 1640 1333 1674 oratorem
1350 1636 1402 1674 ad
1418 1636 1575 1686 plebem
1593 1635 1698 1673 mitti

259 1709 492 1747 Menenium
511 1709 752 1758 Agrippam,
771 1708 985 1746 facundum
1003 1709 1133 1746 virum
1161 1711 1211 1757 et,
1244 1707 1352 1758 quod
1384 1707 1476 1745 inde
1507 1708 1699 1745 oriundus

260 1785 357 1828 erat,
384 1781 496 1831 plebi
523 1794 667 1818 carum.
709 1780 764 1827 -Is,
790 1780 1040 1818 intromissus
1070 1780 1112 1817 in
1137 1784 1278 1827 castra,
1297 1780 1428 1830 prisco
1447 1780 1520 1817 illo
1538 1778 1699 1817 dicendi

222 1855 244 1891 9
265 1856 303 1891 et
335 1853 497 1891 horrido
531 1853 646 1890 modo
678 1852 780 1890 nihil
812 1852 923 1890 aliud
955 1866 1073 1902 quam
1099 1851 1173 1890 hoc
1196 1866 1379 1890 narrasse
1403 1852 1548 1889 fertur:
1581 1850 1698 1888 Tem-

267 1938 375 1975 pore,
408 1938 485 1975 quo
519 1925 558 1961 in
595 1925 755 1962 homine
786 1937 876 1972 non,
908 1928 951 1962 ut
983 1937 1100 1973 nunc,
1134 1924 1267 1962 omnia
1293 1924 1334 1960 in
1361 1936 1483 1961 unum
1501 1923 1697 1961 consenti-

267 1997 388 2043 entia,
415 1997 482 2033 sed
510 1997 679 2045 singulis
704 1997 890 2034 membris
915 2009 1027 2033 suum
1047 1996 1190 2046 cuique
1217 1996 1439 2042 consilium,
1457 2008 1551 2032 suus
1568 2007 1697 2033 sermo

267 2069 402 2116 fuerit,
435 2068 664 2116 indignatas
697 2068 876 2118 reliquas
902 2071 1049 2118 partes,
1076 2081 1145 2105 sua
1172 2080 1278 2113 cura,
1306 2080 1377 2104 suo
1405 2067 1540 2104 labore
1563 2080 1608 2104 ac
1625 2067 1696 2104 mi-

267 2140 435 2177 nisterio
467 2141 597 2177 ventri
629 2140 763 2177 omnia
795 2140 935 2189 quaeri,
967 2143 1145 2177 ventrem
1177 2139 1218 2176 in
1248 2138 1378 2176 medio
1396 2139 1576 2188 quietum
1593 2138 1697 2176 nihil

196 2205 246 2242 10
265 2211 375 2249 aliud
406 2225 523 2261 quam
557 2212 662 2249 datis
689 2212 964 2261 voluptatibus
988 2212 1086 2258 frui,
1108 2211 1355 2261 conspirasse
1372 2210 1478 2258 inde,
1493 2223 1542 2248 ne
1559 2223 1697 2248 manus

264 2283 317 2321 ad
351 2296 394 2320 os
425 2284 552 2320 cibum
586 2284 750 2328 ferrent,
776 2296 848 2320 nec
875 2297 916 2321 os
946 2284 1143 2333 acciperet
1175 2282 1322 2328 datum,
1347 2295 1419 2319 nec
1438 2283 1577 2320 dentes
1609 2295 1698 2320 con-

262 2355 438 2393 ficerent.
500 2354 587 2391 Hac
631 2355 704 2403 ira,
753 2355 844 2392 dum
883 2360 1061 2392 ventrem
1093 2355 1194 2392 fame
1227 2353 1387 2391 domare
1418 2354 1578 2403 vellent,
1611 2354 1698 2404 ipsa

262 2440 343 2464 una
380 2427 557 2464 membra
598 2430 806 2476 totumque
849 2440 991 2476 eorpus
1033 2426 1083 2464 ad
1115 2430 1331 2464 extremam
1364 2426 1497 2463 tabem
1526 2425 1695 2463 venisse.

195 2499 243 2536 11
264 2498 364 2536 Inde
397 2497 639 2548 apparuisse,
663 2498 814 2535 ventris
840 2511 998 2547 quoque
1024 2497 1132 2535 haud
1163 2511 1283 2546 segne
1308 2497 1574 2536 ministerium
1598 2509 1694 2546 esse,

265 2583 336 2607 nec
361 2570 486 2618 magis
511 2569 565 2606 ali
593 2582 710 2618 quam
736 2569 843 2605 alere
875 2582 976 2618 eum,
1019 2569 1247 2606 reddentem
1279 2569 1320 2605 in
1353 2582 1486 2606 omnes
1517 2568 1697 2618 corporis

264 2645 398 2691 partes
428 2641 544 2688 hunc,
571 2653 648 2690 quo
683 2640 853 2677 vivimus
882 2640 1152 2689 vigemusque,
1177 2640 1347 2677 divisum
1378 2639 1529 2689 pariter
1559 2639 1599 2676 in
1630 2652 1696 2677 ve-

197 2712 247 2748 12
267 2725 338 2750 nas
369 2716 565 2750 maturum
613 2713 791 2768 confecto
839 2711 926 2749 cibo
972 2711 1214 2760 sanguinem.
1278 2710 1553 2761 Comparando
1592 2710 1697 2757 hinc,
