1821 2928
602 208 692 234 Liber
709 209 746 234 x.
783 208 831 238 (A.
851 209 901 236 ch.
920 210 992 239 2⁹⁵.)
1383 199 1464 236 229

95 328 160 361 tus
190 326 278 362 orat
307 336 490 373 proceres
521 323 755 372 iuventutis,
801 324 842 361 in
886 324 1037 362 hostem
1081 328 1127 362 ut
1162 337 1293 362 secum
1333 323 1523 375 impetum

95 391 262 430 faciant:
294 391 493 442 duplicem
524 392 683 431 illorum
715 393 885 442 gloriam
915 393 1018 440 fore,
1055 393 1089 431 si
1121 393 1170 431 ab
1201 394 1300 431 laevo
1332 406 1455 431 cornu
1485 396 1524 431 et

94 460 144 498 ab
175 461 307 511 equite
339 461 510 499 victoria
541 461 722 511 incipiat.
768 461 840 499 Bis
865 464 1044 499 avertere
1061 460 1265 499 Gallicum
1281 459 1563 512 equitatum;8

95 528 240 567 iterum
270 530 428 578 longius
459 533 614 568 evectos
646 533 685 567 et
723 529 800 567 iam
838 530 942 567 inter
979 529 1111 567 media
1148 529 1325 580 peditum
1362 530 1523 580 agmina

94 598 281 648 proelium
312 599 459 636 cientes
489 612 635 636 novum
666 610 810 648 pugnae
841 598 1064 636 conterruit
1086 611 1228 647 genus3
1259 599 1407 636 essedis
1437 612 1520 637 car·
1539 598 1562 635 9

93 666 228 716 risque
258 670 487 717 superstans
518 670 692 705 armatus
723 667 848 705 hostis
872 667 1024 716 ingenti
1047 667 1182 704 sonitu
1205 681 1395 717 equorum
1417 670 1521 705 rota-

93 748 260 786 rumque
291 735 456 773 advenit
493 739 532 774 et
562 736 745 774 insolitos
782 736 867 773 eius
905 735 1102 773 tumultus
1131 735 1401 774 Romanorum
1432 749 1521 773 con-

91 803 236 841 terruit
280 817 410 853 equos.
483 805 550 842 Ita
593 804 783 843 victorem
836 805 1058 854 equitatum
1100 805 1211 842 velut
1254 804 1521 855 lymphaticus
1542 804 1592 841 10

91 885 216 922 pavor
249 872 435 923 dissipat;
466 874 609 911 sternit
640 873 733 910 inde
763 876 923 910 ruentes
954 886 1075 922 equos
1090 873 1276 923 virosque
1300 873 1524 923 improvida

91 941 197 991 fuga.
258 940 438 979 Turbata
467 942 561 979 hinc
592 942 710 979 etiam
740 942 855 990 signa
885 942 1105 990 legionum,
1144 941 1338 991 multique
1370 941 1521 992 impetu
1540 941 1586 977 11

93 1022 282 1059 equorum
329 1023 373 1047 ac
417 1010 688 1048 vehiculorum
732 1013 939 1060 raptorum
970 1023 1040 1060 per
1070 1023 1211 1059 agmen
1242 1010 1383 1048 obtriti
1413 1013 1521 1048 ante-

93 1077 262 1126 signani,
293 1081 331 1115 et
362 1078 551 1126 insecuta,
589 1079 706 1116 simul
736 1079 900 1117 territos
930 1079 1064 1116 hostes
1087 1079 1201 1125 vidit,
1234 1077 1395 1116 Gallica
1418 1078 1522 1116 acies

91 1146 243 1184 nullum
275 1146 450 1196 spatium
480 1147 704 1197 respirandi
734 1147 1036 1198 recipiendique
1060 1161 1100 1185 se
1124 1147 1247 1184 dedit.
1292 1147 1590 1185 Vociferari12

91 1214 254 1262 Decius,
287 1228 363 1264 quo
395 1215 579 1264 fugerent
610 1229 776 1266 quamve
818 1216 858 1254 in
890 1216 984 1265 fuga
1021 1229 1130 1266 spem
1160 1216 1371 1262 haberent3
1417 1215 1521 1253 obsi-

38 1333 42 1336 *
92 1287 195 1322 stere
226 1284 458 1321 cedentibus
489 1298 534 1322 ac
564 1298 753 1323 revocare
784 1285 910 1331 fusos;
957 1285 1119 1332 deinde,
1150 1288 1195 1321 ut
1224 1285 1335 1322 nulla
1364 1284 1405 1321 vi
1434 1297 1521 1334 per-

92 1352 223 1390 culsos
254 1353 448 1390 sustinere
479 1357 654 1402 poterat,
693 1357 847 1404 patrem
878 1353 924 1390 P.
959 1353 1131 1391 Decium
1162 1353 1318 1391 nomine
1350 1353 1520 1402 compel-

91 1421 195 1467 lans,
239 1420 373 1467 „Quid
404 1421 511 1459 ultra
548 1425 704 1459 moror“
740 1421 871 1471 inquit
911 1421 1136 1468 „familiare
1173 1421 1326 1458 fat-um?
1369 1421 1522 1458 Datum
1541 1421 1591 1458 13

90 1489 165 1526 hoc
196 1492 332 1526 nostro
364 1490 500 1538 generi
539 1493 614 1536 est,
652 1495 697 1528 ut
734 1490 892 1527 luendis
931 1490 1119 1539 periculis
1156 1489 1328 1540 publicis
1366 1489 1523 1539 piacula

92 1557 226 1595 simus.
287 1557 372 1595 Iam
404 1571 475 1606 ego
507 1571 658 1595 mecum
696 1559 868 1596 hostium
900 1559 1077 1607 legiones
1107 1557 1336 1596 mactandas
1367 1557 1522 1595 Telluri

93 1640 138 1664 ac
170 1626 232 1664 dis
264 1627 446 1664 manibus
479 1627 617 1664 dab0.“
681 1627 780 1664 Haec
812 1628 966 1664 locutus
997 1627 1052 1664 M.
1083 1627 1243 1664 Livium
1279 1626 1520 1677 pontificem,
1541 1626 1592 1662 14

91 1708 206 1745 quem
247 1695 488 1732 descendens
526 1696 565 1733 in
605 1696 729 1733 aciem
767 1696 924 1744 digredi
953 1698 1135 1733 vetuerat
1180 1695 1230 1732 ab
1275 1709 1334 1742 se,
1378 1695 1521 1745 praeire

88 1764 207 1801 iussit
234 1764 366 1810 verba,
398 1765 543 1814 quibus
573 1778 613 1802 se
643 1765 899 1814 legionesque
930 1764 1105 1802 hostium
1142 1777 1214 1814 pro
1245 1764 1422 1801 exercitu
1452 1777 1520 1813 po-

91 1832 177 1882 puli
206 1832 379 1870 Romani
397 1832 615 1880 Quiritium
647 1833 870 1870 devoveret.
929 1833 1112 1870 Devotus
1142 1832 1235 1869 inde
1266 1832 1402 1870 eadem
1433 1845 1519 1881 pre·
1540 1830 1590 1868 15

91 1901 247 1938 catione
278 1901 495 1950 eodemque
524 1901 681 1947 habitu,
727 1914 806 1950 quo
844 1904 958 1951 pater
989 1901 1034 1938 P.
1066 1901 1218 1938 Decius
1254 1901 1305 1938 ad
1337 1900 1520 1938 Veserim

91 1968 197 2006 bello
229 1967 374 2005 Latino
406 1982 446 2005 se
476 1969 645 2006 iusserat
676 1969 874 2016 devoveri,
913 1982 1034 2018 quum
1065 1969 1281 2006 secundum
1311 1969 1520 2007 sollemnes
1541 1968 1589 2004 16

92 2036 340 2087 precationes
371 2037 591 2084 adiecisset,
621 2049 702 2087 prae
733 2050 773 2074 se
798 2050 915 2085 agere
938 2051 1020 2075 sese
1046 2037 1299 2076 formidinem
1322 2051 1367 2075 ac
1383 2037 1519 2086 fugam

92 2105 315 2154 caedemque
339 2118 383 2142 ac
402 2119 592 2152 cruorem,
623 2105 851 2152 caelestium,
883 2106 1099 2143 inferorum
1115 2105 1212 2153 iras3
1243 2109 1519 2144 contacturum
1539 2105 1588 2142 17

90 2174 324 2211 funebribus
349 2173 449 2211 diris
481 2173 607 2222 signa,
637 2174 728 2221 tela,
759 2188 868 2211 arma
899 2174 1082 2221 hostium,
1113 2175 1320 2224 locumque
1351 2175 1518 2213 eundem

91 2255 170 2279 suae
201 2243 324 2292 pestis
356 2256 400 2280 ac
419 2241 628 2279 Gallorum
654 2256 699 2279 ac
717 2241 957 2280 Samnitium
984 2243 1078 2290 fore,
1107 2243 1190 2280 haec
1217 2246 1444 2281 exsecratus
1475 2243 1518 2281 in
1538 2243 1588 2280 18

91 2324 131 2348 se
162 2311 391 2360 hostesque,
430 2323 508 2360 qua
545 2311 875 2348 confertissimam
914 2312 1099 2349 cernebat
1137 2310 1346 2350 Gallorum
1383 2311 1518 2359 aciem,

91 2379 266 2416 concitat
292 2392 446 2429 equum,
472 2379 722 2429 inferensque
750 2393 789 2418 se
816 2380 901 2430 ipse
925 2379 1080 2418 infestis
1094 2379 1186 2417 telis
1201 2383 1261 2417 est
1276 2380 1516 2418 interfectus.

92 2446 172 2484 Vix
202 2447 382 2484 humanae
414 2447 505 2485 inde
537 2447 622 2498 opis
652 2448 780 2486 videri
820 2461 954 2498 pugna
984 2449 1127 2498 potuit.
1186 2447 1377 2494 Romani,
1415 2447 1514 2485 duce
1588 2443 1643 2492 29

91 2515 245 2562 amisso,
290 2528 377 2565 quae
422 2530 484 2554 res
522 2516 668 2554 terrori
707 2516 806 2554 alias
843 2530 926 2554 esse
964 2517 1082 2564 solet,
1127 2517 1264 2554 sistere
1302 2517 1433 2565 fugam
1472 2529 1517 2554 ac

89 2596 228 2622 novam
263 2584 310 2621 de
342 2584 498 2634 integro
529 2585 629 2623 velle
660 2584 883 2623 instaurare
914 2598 1104 2635 puguam;
1135 2583 1257 2631 Galli,
1287 2587 1327 2622 et
1348 2584 1556 2622 maxime?

90 2651 232 2701 globus
262 2652 522 2692 circumstans
545 2653 719 2691 consulis
742 2666 896 2703 corpus,
925 2653 1035 2692 velut
1056 2653 1230 2692 alienata
1246 2655 1386 2699 mente,
1415 2665 1518 2690 vana
