1821 2928
607 234 696 259 Liber
714 234 767 259 1x.
786 234 835 263 (A.
855 234 907 259 eh.
928 233 998 262 321.)
1385 224 1462 261 147

86 347 448 397 paludamentaque
488 347 684 394 detracta,
726 345 771 386 id
808 351 959 384 tantam
998 348 1101 384 inter
1138 348 1256 397 ipsos,
1294 349 1364 399 qui
1403 350 1522 400 paulo

85 417 176 452 ante
208 428 274 452 eos
306 420 554 453 exsecrantes
577 416 781 453 dedendos
803 415 1116 465 lacerandosque
1140 421 1385 463 censuerant,
1410 417 1522 456 mise-

85 483 281 521 rationem
318 483 424 530 fecit,
470 487 516 521 ut
552 497 631 521 suae
673 484 840 534 quisque
880 483 1130 521 condicionis
1166 484 1315 522 oblitus
1353 486 1402 523 ab
1449 485 1521 522 illa
1543 486 1592 522 14

87 551 376 588 deformatione
422 555 543 589 tantae
584 553 804 590 maiestatis
846 552 956 590 velut
994 552 1043 589 ab
1083 553 1254 590 nefando
1295 553 1522 602 spectaculo

86 623 285 657 averteret
315 620 462 657 oculos.
525 620 651 657 Primi
684 621 864 658 consules
896 633 1019 670 prope
1050 620 1246 657 seminudi
1278 622 1350 658 sub
1383 622 1520 670 iugum
1607 618 1632 664 6

85 687 214 733 missi;
252 692 336 724 tum
376 692 420 725 ut
459 688 627 738 quisque
666 689 794 737 gradu
832 688 1036 738 proximus
1067 691 1164 735 erat,
1205 688 1261 725 ita
1292 689 1522 737 ignominiae

86 755 283 801 obiectus;
335 760 419 793 tum
473 756 662 807 deinceps
715 757 883 805 singulae
929 756 1118 805 legiones.
1200 755 1562 796 Circumstabant2

86 824 229 861 armati
246 824 391 871 hostes,
410 825 696 874 exprobrantes
715 825 1016 874 eludentesque;
1042 824 1169 874 gladii
1186 824 1305 862 etiam
1323 825 1523 875 plerisque

85 891 285 938 intentati,
311 896 351 929 et
375 893 575 930 vulnerati
598 893 760 943 quidam
785 894 1005 943 necatique,
1033 893 1067 930 si
1089 893 1225 930 vultus
1242 906 1376 930 eorum
1395 894 1525 942 indig-

85 960 211 998 nitate
249 973 380 998 rerum
420 961 551 998 acrior
589 962 782 998 victorem
821 960 1063 999 offendisset.
1137 961 1202 998 Ita
1240 961 1418 998 traducti
1445 962 1521 999 sub
1542 963 1564 998 :3

86 1028 225 1077 iugum
257 1033 307 1069 et.
339 1030 447 1079 quod
479 1043 591 1079 paene
622 1030 782 1078 gravius
815 1033 910 1076 erat,
943 1043 1014 1079 per
1044 1029 1220 1066 hostium
1246 1029 1380 1066 oculos
1403 1043 1524 1078 quum

86 1109 105 1133 e
136 1097 241 1134 saltu
273 1097 500 1144 evasissent,
532 1098 607 1135 etsi
636 1098 748 1135 velut
778 1098 826 1134 ab
861 1098 1000 1135 inferis
1039 1097 1207 1135 extracti
1237 1100 1322 1134 tum
1353 1097 1524 1146 primum

86 1164 213 1201 lucem
245 1164 451 1214 adspicere
482 1166 559 1204 visi
591 1169 694 1203 sunt.
726 1169 860 1203 tamen
884 1166 967 1215 ipsa
994 1166 1064 1203 lux
1088 1166 1145 1202 ita
1169 1166 1344 1203 deforme
1369 1165 1524 1203 intuen-

84 1232 194 1269 tibus
235 1245 376 1281 agmen
415 1234 523 1270 omni
562 1237 688 1270 morte
726 1234 884 1271 tristior
925 1234 1011 1270 fuit.
1086 1234 1230 1283 Itaque
1270 1247 1390 1283 quum
1432 1234 1566 1272 ante4

86 1303 240 1337 noctem
279 1300 459 1351 Capuam
498 1302 707 1351 pervenire
739 1305 912 1351 possent,
952 1302 1095 1338 incerti
1127 1301 1175 1339 de
1206 1301 1284 1339 fide
1315 1302 1524 1348 sociorum,

36 1369 40 1373 ⁴
85 1371 124 1405 et
161 1369 268 1418 quod
306 1370 438 1419 pudor
477 1370 762 1420 praepediebat,
803 1370 908 1407 circa
943 1370 1049 1407 viam
1079 1369 1186 1407 haud
1218 1371 1356 1419 procul
1388 1369 1526 1420 Capua

85 1437 260 1474 omnium
306 1451 429 1485 egena
470 1452 636 1488 corpora
679 1439 790 1475 humi
830 1441 1144 1488 prostraverunt.
1203 1438 1321 1485 Quod
1358 1438 1427 1475 ubi
1468 1437 1567 1476 est5

87 1506 267 1553 (apuam
298 1507 538 1553 nuntiatum,
572 1507 691 1545 evicit
722 1507 924 1543 miseratio
950 1507 1053 1543 iusta
1079 1506 1276 1544 sociorum
1302 1506 1526 1556 superbiam

88 1573 309 1621 ingenitam
341 1574 567 1624 Campanis.
599 1575 817 1613 Confestim
835 1574 1009 1622 insignia
1037 1588 1108 1612 sua
1129 1574 1370 1621 consulibus,
1389 1575 1525 1621 fasces,
1544 1575 1565 1610 6

88 1640 260 1687 lictores,
294 1655 415 1688 arma,
448 1656 581 1692 equos
606 1643 852 1689 vestimenta,
878 1646 1118 1680 commeatus
1141 1643 1338 1680 militibus
1354 1643 1525 1691 benigne

87 1709 267 1754 mittunt:
307 1714 345 1747 et
384 1711 634 1748 venientibus
666 1710 845 1760 Capuam
885 1714 1049 1748 cunctus
1080 1714 1238 1748 senatus
1270 1711 1521 1761 populusque
1542 1711 1563 1746 7

88 1777 247 1814 obviam
286 1791 465 1827 egressus
507 1779 622 1817 iustis
665 1779 846 1817 omnibus
891 1779 1162 1829 hospitalibus
1200 1779 1449 1829 privatisque
1488 1783 1527 1816 et

86 1845 258 1895 publicis
289 1847 472 1895 fungitur
503 1847 656 1884 officiis.
726 1847 864 1897 Neque
902 1847 984 1885 illis
1015 1847 1214 1885 sociorum
1245 1848 1411 1885 comitas
1441 1847 1567 1885 vul-8

87 1917 230 1963 tusque
261 1915 428 1963 benigni
465 1919 503 1952 et
541 1915 720 1964 alloquia
757 1929 836 1953 non
869 1915 985 1952 modo
1018 1928 1238 1952 sermonem
1271 1915 1424 1961 elicere,
1458 1915 1527 1952 sed

88 1995 136 2019 ne
167 1986 211 2019 ut
242 1983 378 2020 oculos
409 1983 570 2033 quidem
601 1984 832 2021 attollerent
855 1986 925 2020 aut
949 1983 1198 2021 consolantes
1221 1983 1369 2020 amicos
1387 1987 1526 2021 contra

89 2050 353 2097 intuerentur,
393 2052 548 2089 efficere
587 2055 790 2101 poterant;
837 2051 935 2088 adeo
981 2064 1100 2101 super
1144 2064 1349 2088 maerorem
1394 2051 1524 2101 pudor
1544 2054 1566 2085 9

89 2119 251 2168 quidam
283 2120 420 2168 fugere
451 2119 652 2168 colloquia
683 2123 722 2156 et
752 2122 876 2156 coetus
907 2119 1110 2156 hominum
1133 2120 1310 2167 cogebat.
1356 2119 1525 2158 Postero
1547 2120 1596 2157 10

89 2186 154 2224 die
185 2201 307 2236 quum
340 2188 500 2225 iuvenes
531 2187 698 2232 nobiles,
732 2186 843 2224 missi
868 2186 1058 2236 aCapua‚
1090 2191 1136 2224 ut
1157 2187 1451 2237 proficiscentes
1475 2188 1525 2226 ad

88 2256 206 2293 finem
244 2256 491 2306 Campanum
529 2258 882 2305 prosequerentur,
922 2255 1189 2302 revertissent,
1231 2256 1442 2305 vocatique
1481 2256 1523 2293 in
1544 2257 1591 2293 11

90 2324 241 2361 curiam
274 2324 602 2374 percontantibus
635 2324 855 2361 maioribus
886 2326 994 2369 natu,
1032 2323 1158 2360 multo
1198 2323 1276 2360 sibi
1308 2324 1526 2361 maestiores

90 2395 130 2430 et
167 2392 396 2430 abiectioris
436 2392 559 2429 animi
597 2392 720 2438 visos,
762 2391 970 2429 referrent:
1017 2389 1116 2428 adeo
1157 2391 1281 2428 silens
1319 2406 1363 2429 ac
1403 2405 1527 2442 prope

91 2464 243 2498 mutum
285 2474 426 2510 agmen
474 2460 698 2505 incessisse3
744 2459 871 2497 iacere
913 2458 1089 2496 indolem
1138 2458 1250 2496 illam
1289 2459 1523 2505 Romanam,
1546 2459 1594 2496 12

91 2529 325 2579 ablatosque
358 2542 446 2566 cum
477 2527 598 2565 armis
630 2527 799 2574 animos3
831 2540 910 2565 non
940 2526 1108 2564 reddere
1146 2527 1313 2564 salutem
1351 2527 1526 2565 salutan-

90 2597 210 2643 tibus,
243 2611 321 2635 non
352 2596 447 2634 dare
478 2609 722 2645 responsum,
754 2608 832 2633 non
863 2595 1015 2632 hiscere
1046 2607 1283 2644 quemquam
1315 2607 1396 2644 prae
1420 2598 1527 2632 metu

92 2665 278 2715 potuisse,
302 2669 494 2715 tanquam
518 2664 737 2702 ferentibus
760 2663 890 2701 adhuc
914 2662 1136 2700 cervicibus
1153 2661 1302 2711 iugum,
1328 2662 1401 2700 sub
1419 2662 1526 2712 quod

1248 2741 1310 2773 10*
