1821 2928
737 120 852 155 Liber
876 120 906 156 Ι.
1487 125 1538 162 29

102 246 241 292 manis,
272 246 342 295 qui
373 246 545 296 proximi
577 249 780 293 steterant,
826 251 869 284 ut
901 247 1045 285 nudari
1077 248 1205 285 latera
1236 261 1306 285 sua
1338 248 1537 286 sociorum

102 318 286 367 digressu
317 317 542 363 senserunt3
577 317 669 355 inde
702 331 821 368 eques
846 318 970 356 citato
997 332 1099 368 equo
1128 319 1286 356 nuntiat
1311 320 1398 368 regi
1429 320 1540 358 abire

103 389 299 435 Albanos.
345 388 487 426 Tullus
518 389 558 426 in
590 402 632 426 re
663 389 821 439 trepida
853 389 1063 427 duodecim
1088 391 1196 427 vovit
1225 391 1344 428 salios
1369 391 1541 441 fanaque

102 460 256 498 Pallori
286 474 330 498 ac
363 461 522 498 Pavori.
583 460 770 510 Equitem
803 461 913 498 clara
945 462 1158 510 increpans
1191 475 1299 502 voce.
1333 466 1377 500 ut
1408 461 1583 501 hostes8

102 532 349 578 exaudirent,
381 532 511 570 redire
543 532 582 569 in
614 532 801 582 proelium
835 532 965 577 iubet;
1004 532 1104 569 nihil
1135 533 1408 582 trepidatione
1440 548 1542 585 opus

101 617 202 650 esse;
235 617 305 642 suo
331 604 440 641 iussu
465 604 708 641 circumduci
727 605 932 642 Albanum
959 604 1187 652 exercitum,
1223 608 1265 641 ut
1284 605 1540 644 Fidenatium

101 676 209 713 nuda
238 679 352 724 terga
383 675 593 721 invadant;
641 676 770 713 eidem
802 676 986 725 imperat,
1031 679 1076 712 ut
1115 675 1246 713 hastas
1279 677 1432 726 equites
1465 678 1541 715 eri·

102 760 194 797 gere
218 747 365 785 iubeat.
411 747 460 784 Id
487 747 636 785 factum
664 760 817 796 magnae
836 747 943 797 parti
960 746 1140 797 peditum
1159 747 1431 785 Romanorum
1450 762 1539 786 eon·
1561 745 1583 781 9

101 822 281 869 spectum
313 818 497 856 abeuntis
522 818 679 856 Albani
711 819 909 857 exercitus
942 819 1204 868 intersaepsit-;
1239 819 1307 868 qui
1341 819 1540 867 viderant,

103 890 158 939 id,
186 889 293 940 quod
319 891 368 928 ab
392 904 485 939 rege
512 890 694 928 auditum
719 895 816 939 erat,
843 891 922 929 rati
939 904 985 928 eo
1003 890 1136 928 aerius
1154 894 1347 940 pugnant.
1394 891 1543 929 Terror

102 962 152 1000 ad
184 962 318 999 hostes
349 962 512 1008 transit;
546 967 585 1000 et
617 963 856 1000 audiverant,
881 963 990 1000 clara
1014 975 1109 999 voce
1135 961 1300 1002 dictum.
1334 966 1373 999 et
1399 976 1542 1011 magna

102 1047 196 1084 pars
215 1033 483 1073 Fidenatium.
516 1038 561 1071 ut
592 1035 660 1084 qui
692 1034 823 1072 coloni
847 1034 978 1072 additi
1002 1033 1196 1071 Romanis
1222 1038 1363 1080 essent,
1395 1034 1541 1071 Latine

102 1105 295 1143 sciebant.
355 1106 498 1155 Itaque
544 1119 592 1143 ne
638 1106 772 1143 subito
805 1120 852 1143 ex
883 1106 1053 1144 collibus
1085 1105 1256 1143 decursu
1288 1106 1540 1144 Albanorum
1565 1104 1614 1141 lO

104 1176 469 1214 intercluderentur
493 1178 542 1215 ab
562 1177 721 1227 oppido,
749 1181 865 1226 terga
880 1180 1055 1216 vertunt.
1103 1178 1235 1215 Instat
1251 1177 1406 1224 Tullus,
1436 1178 1541 1216 fuso-

105 1261 182 1298 que
213 1248 472 1286 Fidenatium
504 1263 640 1290 cornu,
674 1250 713 1286 in
732 1249 938 1286 Veientem
973 1249 1104 1287 alieno
1137 1263 1283 1299 pavore
1314 1250 1541 1299 perculsum

105 1320 278 1358 ferocior
309 1321 426 1358 redit.
488 1321 571 1359 Nec
605 1321 668 1357 illi
702 1321 830 1358 tulere
864 1322 1069 1370 impetum,
1110 1321 1180 1358 sed
1212 1321 1261 1358 ab
1294 1321 1416 1359 effusa
1447 1322 1541 1370 fuga

103 1391 249 1429 flumen
282 1392 480 1429 obiectum
523 1392 572 1430 ab
612 1396 728 1440 tergo
761 1392 931 1430 arcebat.
993 1392 1081 1439 Quo
1113 1396 1324 1443 postquam
1356 1393 1451 1441 fuga
1483 1393 1541 1430 in·
1564 1391 1611 1429 11

104 1463 286 1511 clinavit,
319 1463 390 1500 alii
414 1477 523 1501 arma
548 1463 650 1500 foede
677 1466 873 1502 iactantes
900 1465 938 1501 in
964 1477 1105 1513 aquam
1135 1465 1228 1501 caeci
1252 1464 1434 1511 ruebant,
1461 1465 1543 1514 alii,

106 1534 198 1571 dum
230 1538 468 1572 cunctantur
500 1535 539 1572 in
571 1536 684 1584 ripis,
720 1536 823 1572 inter
854 1536 958 1584 fugae
990 1548 1216 1585 pugnaeque
1248 1536 1459 1573 consilium
1476 1550 1545 1587 op-

106 1606 249 1656 pressi.
310 1606 400 1644 Non
431 1607 509 1643 alia
541 1611 633 1644 ante
665 1607 847 1644 Romana
877 1620 1012 1657 pugna
1043 1608 1218 1645 atrocior
1248 1608 1335 1644 fuit.
1615 1620 1621 1625 ·

218 1677 319 1714 Tum
337 1678 523 1715 Albanus
554 1678 760 1724 exercitus,
785 1682 985 1728 spectator
1010 1679 1252 1726 certaminis,
1278 1679 1473 1717 deductus
1500 1680 1541 1716 in
1626 1675 1680 1727 28

104 1762 276 1799 campos,
337 1749 502 1787 Mettius
545 1750 667 1788 Tullo
714 1750 892 1788 devictos
938 1750 1070 1788 hostes
1116 1751 1358 1799 gratulatum
1408 1755 1545 1789 contra

104 1820 247 1858 Tullus
264 1821 451 1858 Mettium
484 1822 656 1871 benigne
690 1822 922 1872 alloquitur.
972 1822 1089 1870 Quod
1114 1822 1213 1860 bene
1238 1827 1380 1871 vertat,
1416 1827 1546 1861 castra

104 1892 288 1930 Albanos
306 1892 498 1931 Romanis
525 1894 664 1931 castris
693 1894 858 1943 iungere
889 1895 1018 1939 iubet3
1050 1894 1293 1932 sacrificium
1318 1895 1485 1932 lustrale
1505 1895 1544 1932 in

105 1964 212 2001 diem
237 1967 440 2014 posterum
466 1969 594 2015 parat.
644 1965 726 2003 Ubi
751 1966 898 2013 illuxit,
922 1967 1073 2016 paratis
1100 1967 1295 2013 omnibus,
1319 1970 1363 2004 ut
1380 1967 1538 2012 assolet,
1558 1963 1581 1998 2

104 2036 240 2073 vocari
286 2035 336 2073 ad
382 2037 607 2075 contionem
653 2041 867 2087 utrumque
899 2039 1119 2075 exercitum
1151 2039 1271 2076 iubet.
1333 2038 1544 2076 Praecones

106 2107 155 2144 ab
181 2111 359 2144 extremo
384 2108 465 2145 orsi
492 2109 642 2158 primos
668 2110 850 2147 excivere
879 2110 1074 2147 Albanos.
1119 2111 1188 2158 Hi,
1220 2111 1396 2148 novitate
1422 2111 1542 2148 etiam

105 2179 164 2216 rei
197 2179 305 2219 moti.
339 2183 383 2216 ut
413 2192 547 2229 regem
572 2180 797 2218 Romanum
822 2182 1117 2219 contionantem
1144 2182 1340 2228 audirent,
1371 2182 1544 2233 proximi

107 2251 332 2289 constitere.
381 2251 442 2288 Ex
473 2253 694 2302 composito
728 2257 880 2290 armata
906 2253 1176 2291 circumdatur
1202 2254 1383 2292 Romana
1415 2254 1539 2303 legio;
1562 2252 1586 2289 3

104 2322 404 2361 centurionibus
436 2322 571 2360 datum
603 2325 809 2374 negotium
842 2329 939 2365 erat.
974 2330 1019 2362 ut
1042 2326 1128 2363 sine
1153 2339 1263 2364 mora
1286 2327 1452 2376 imperia
1477 2339 1543 2363 ex-

106 2398 380 2444 sequerentur.
428 2394 529 2432 Tum
564 2396 619 2434 ita
636 2395 778 2434 Tullus
812 2397 915 2434 infit:
952 2397 1159 2442 „Romani‚
1191 2398 1224 2435 si
1249 2411 1424 2448 unquam
1451 2392 1584 2435 ante-2

104 2465 206 2502 alias
233 2465 314 2502 ullo
343 2466 382 2502 in
411 2466 517 2504 bello
545 2467 631 2514 fuit,
657 2468 764 2518 quod
789 2469 960 2518 primum
987 2469 1049 2506 dis
1078 2470 1369 2508 immortalibus
1394 2468 1543 2517 gratias

111 2537 292 2584 ageretis,
325 2537 468 2575 deinde
499 2543 641 2577 vestrae
668 2540 844 2590 ipsorum
862 2541 1017 2587 virtuti,
1047 2541 1276 2579 hesternum
1297 2540 1336 2577 id
1355 2540 1541 2589 proelium

105 2607 194 2645 fuit.
254 2608 501 2647 Dimicatum
548 2615 608 2648 est
654 2613 757 2649 enim
805 2625 883 2649 non
916 2613 1043 2661 magis
1076 2626 1162 2650 cum
1194 2612 1377 2649 hostibus
1409 2624 1542 2661 quam,

105 2691 195 2727 quae
220 2679 425 2719 dimicatio
449 2683 575 2721 maior
599 2688 720 2734 atque
744 2684 1007 2734 periculosior
1031 2688 1101 2727 est,
1134 2696 1220 2721 curn
1245 2682 1472 2732 prodit-ione
1498 2695 1542 2720 ac
