1821 2928
596 203 686 228 nam
704 202 756 228 1x.
795 201 843 230 (Α.
863 202 916 227 cn.
936 203 1093 231 315—314.)
1403 192 1479 227 169

94 319 280 366 tumultu,
315 318 409 364 „Ad
441 321 575 355 arma·‘
604 323 642 356 et
671 317 778 363 „Pro
804 321 977 354 vestram
1002 315 1132 362 fidem,
1161 316 1292 354 cives·‘
1313 316 1538 361 cla111itans;

99 400 194 433 „arx
233 387 282 423 ab
313 387 495 424 hostibus
533 391 650 436 capta
681 391 757 432 est7,
796 385 999 423 defendite
1033 384 1154 434 [stet-⁴
1227 385 1325 422 Haec
1358 384 1538 421 incidens
1559 384 1609 420 10

95 454 322 505 principum
354 455 519 502 foribus,
549 455 633 491 haec
666 455 808 500 obviis,
832 454 914 490 haec
941 452 1245 491 excurrentibus
1270 453 1312 490 in
1333 452 1538 502 publicum

95 522 255 573 pavidis
285 523 475 573 increpat..
521 522 747 572 Acceptum
772 523 820 559 ab
845 535 923 559 uno
947 534 1135 571 pavorem
1162 522 1297 571 plures
1313 535 1384 571 per
1400 521 1539 558 urbem

96 591 241 629 ferunt.
301 590 468 640 Trepidi
498 590 764 639 magistratus,
802 591 933 627 missis
964 589 1014 626 ad
1046 603 1173 626 arcem
1208 589 1538 639 exploratoribus,
1561 591 1603 626 11

97 673 221 709 quum
259 660 339 697 tela
378 664 417 697 et
447 663 622 697 armatos
653 664 788 697 tenere
819 672 948 696 arcem
978 658 1244 707 multiplicato
1277 671 1440 695 numero
1472 671 1538 695 au-

97 728 241 775 dirent,
273 731 459 766 avertunt
488 728 639 765 animos
663 741 686 765 a
709 741 777 777 spe
801 726 1084 777 recuperandae
1107 727 1221 764 arcis.
1266 726 1381 775 Fuga
1399 731 1539 764 cuncta
1560 727 1610 763 12

100 796 359 846 complentur,
400 800 605 846 portaeque
645 796 694 834 ab
736 795 983 833 semisomnis
1015 808 1060 832 ac
1090 795 1263 832 maxima
1293 798 1406 844 parte
1438 795 1539 832 iner-

100 865 228 902 mibus
266 865 553 914 refringuntur,
595 878 763 915 quarum
802 878 872 914 per
902 877 1022 901 unam
1053 862 1285 913 praesidium
1316 862 1540 900 Romanum

97 933 267 971 clamore
299 933 513 970 excitatum
547 933 736 983 irrumpit
766 938 805 970 et
836 936 1115 970 concursantes
1154 945 1226 981 per
1255 932 1343 969 vias
1373 931 1542 981 pavidos

97 1002 227 1040 caedit.
286 1001 374 1038 Iam
406 1000 506 1039 Sora.
545 1006 661 1051 capta
693 1006 788 1048 erat,
829 1014 950 1050 quum
982 1000 1164 1038 consules
1193 1000 1322 1050 prima
1352 1000 1440 1037 luce
1471 1000 1609 1038 acl-13

98 1083 242 1108 venere
282 1074 332 1116 et,
370 1083 470 1119 quos
511 1070 689 1120 reliquos
727 1069 888 1107 fortuna
929 1083 975 1106 ex
1007 1074 1204 1106 nocturna
1235 1069 1340 1106 caedc
1371 1083 1415 1106 ac
1446 1069 1543 1117 fuga

99 1140 258 1185 fecerat,
298 1138 338 1176 in
379 1138 622 1176 deditionem
664 1138 879 1188 accipiunt.
947 1137 1009 1175 Ex
1055 1137 1117 1174 his
1163 1138 1355 1175 ducentos
1392 1137 1611 1186 vigintil4

98 1208 286 1257 quinque,
318 1207 386 1256 qui
418 1207 594 1244 omnium
626 1219 820 1244 consensu
845 1206 1150 1243 destinabantur
1173 1209 1213 1242 et
1235 1205 1407 1243 infandae
1435 1205 1539 1242 colo-

95 1289 238 1314 norum
263 1276 382 1313 caedis
406 1279 445 1312 et
471 1274 706 1313 defectionis
731 1280 925 1321 auctores,
951 1274 1105 1311 vinctos
1122 1274 1290 1311 Romam
1318 1273 1540 1319 deducunt3

97 1349 269 1382 ceteram
308 1342 609 1381 multitudinem
650 1344 907 1389 incolumem,
948 1342 1134 1393 praesidio
1173 1343 1378 1392 imposito,
1429 1342 1539 1379 Sorae

96 1413 342 1462 relinquunt.
401 1411 559 1458 Omnes,
592 1413 660 1461 qui
691 1412 861 1449 Roma-m
894 1411 1057 1449 deducti
1088 1415 1213 1458 erant,
1243 1411 1368 1460 virgis
1394 1411 1434 1447 in
1451 1411 1537 1448 foro
1560 1410 1608 1447 15

97 1481 187 1519 caesi
218 1494 263 1518 ac
295 1481 424 1517 securi
456 1481 632 1529 percussi
671 1494 822 1518 summo
861 1479 1008 1529 gaudio
1048 1479 1191 1530 plebis,
1230 1480 1340 1516 cuius
1371 1480 1540 1516 maxime

98 1551 301 1595 intererat,
337 1552 464 1586 tutam
506 1549 666 1598 ubique,
707 1562 794 1599 quae
835 1549 982 1599 passim
1022 1549 1062 1585 in
1096 1548 1272 1585 colonias
1304 1548 1540 1594 mitteretur,

98 1617 397 1655 multitudinem
429 1630 523 1654 esse.

212 1684 406 1722 Consules
437 1685 487 1722 ab
512 1683 611 1722 Sora
635 1685 805 1735 profecti
828 1685 869 1722 in
895 1698 1010 1734 agros
1035 1689 1157 1734 atque
1180 1685 1299 1722 urbes
1326 1684 1537 1722 Ausonum
1614 1680 1674 1727 25

98 1753 247 1791 bellum
279 1753 513 1790 intulerunt.
573 1754 686 1791 Mota
716 1767 887 1803 namque
920 1753 1051 1791 omnia
1083 1753 1257 1791 adventu
1289 1751 1579 1799 Samnitium,2

97 1835 219 1872 quum
252 1822 359 1871 apud
391 1821 586 1859 Lautulas
617 1821 852 1860 dimicatum
883 1826 952 1869 cst,
984 1821 1143 1858 fuerant
1168 1822 1540 1870 coniurationesque

99 1891 202 1927 circa
234 1890 495 1940 Campaniam
526 1891 673 1939 passim
691 1891 818 1938 factae,
841 1904 912 1928 nec
938 1890 1075 1939 Capua
1099 1890 1185 1939 ipsa
1212 1891 1375 1927 crimine
1394 1890 1539 1935 caruit,

97 1959 194 2008 quin
234 1958 404 1996 Romam
443 1971 601 2008 quoque
639 1963 676 1995 et
715 1959 766 1996 ad
804 1959 1029 2009 principum
1069 1958 1260 2007 quosdam
1299 1957 1580 2007 inquirendo3

96 2032 258 2065 ventum
312 2030 382 2063 est.
458 2025 644 2062 Ceterum
693 2026 903 2064 Ausonum
951 2039 1047 2075 gens
1095 2027 1324 2076 proditione
1367 2025 1539 2072 urbium,

97 2095 199 2132 sicut
237 2093 354 2140 Sora,
402 2094 441 2130 in
481 2098 719 2142 potestatem
757 2095 877 2132 venit.
950 2094 1118 2132 Ausona
1164 2099 1202 2132 et
1242 2094 1458 2131 Minturnae
1499 2099 1537 2131 et
1555 2094 1578 2130 4

98 2163 243 2201 Vescia
274 2163 393 2199 urbes
425 2166 549 2208 erant,
581 2175 626 2198 ex
658 2162 803 2211 quibus
834 2163 1035 2212 principes
1074 2163 1292 2200 iuventutis
1331 2163 1538 2200 duodecim

97 2245 272 2278 numero,
304 2232 344 2268 in
375 2230 646 2280 proditionem
678 2230 836 2267 urbium
868 2244 1026 2268 suarum
1055 2231 1262 2279 coniurati,
1285 2231 1335 2268 ad
1359 2232 1537 2268 consult-2:

97 2300 272 2338 veniunt.
331 2299 503 2345 Docent,
533 2312 623 2336 suos
656 2299 731 2336 iam
764 2299 919 2348 pridem
951 2304 1182 2349 exoptantes
1200 2299 1439 2338 Samnitium
1466 2299 1533 2336 ad-
1553 2300 1576 2335 5

96 2372 270 2413 ventum,
303 2367 421 2404 simul
453 2367 502 2403 ad
540 2366 734 2404 Lautulas
780 2371 1000 2416 pugnatum
1046 2367 1257 2416 audierint,
1303 2381 1374 2417 pro
1420 2364 1537 2404 vietis

96 2435 299 2474 Romanos
329 2435 528 2482 habuisse,
558 2435 774 2481 iuventute,
805 2435 925 2473 armis
949 2434 1168 2474 Samnitem
1195 2437 1357 2481 iuvisse3
1388 2435 1537 2484 fugatis
1556 2437 1579 2469 6

41 2535 43 2537 ,
97 2503 188 2541 inde
229 2502 492 2549 Samnitibus,
540 2503 691 2539 incerta
728 2516 824 2552 pace
861 2517 990 2552 agere,
1031 2518 1102 2542 nec
1141 2505 1370 2542 claudentes
1402 2508 1538 2553 portas

96 2571 301 2618 Romanis,
331 2585 379 2609 ne
411 2576 612 2608 arcessant
643 2571 805 2617 bellum,
839 2576 878 2609 et
907 2571 1130 2610 obstinatos
1148 2573 1344 2617 claudere,
1371 2572 1403 2608 si
1430 2585 1536 2608 exer-

97 2638 200 2676 citus
231 2639 511 2686 admoveatur3
549 2639 588 2676 in
631 2653 676 2676 ea
716 2638 976 2678 fluctuatione
1013 2641 1235 2678 animorum
1274 2640 1446 2690 opprimi
1480 2640 1537 2676 in-
