1821 2928
280 294 479 347 ignorare
513 295 556 332 et
586 290 769 332 fortasse
802 303 973 344 semper
1002 290 1274 343 ignoraturos
1312 290 1559 333 arbitratus.
1619 290 1709 333 Ita-

281 387 364 427 que
398 385 492 425 quae
524 370 580 412 ad
612 370 722 411 hanc
753 383 844 411 rem
883 374 958 411 aut
996 369 1294 412 animadversa
1331 374 1407 412 aut
1443 369 1711 413 animadver-

279 451 413 493 tenda
445 454 579 492 erant.
613 449 923 491 commentario
954 449 1199 503 relinquere
1231 463 1359 503 quam
1389 450 1433 490 in
1455 454 1623 492 textum
1646 463 1711 492 re-

282 532 426 586 cipere
458 530 627 579 maluit,
673 533 717 570 et
754 543 807 570 ne
846 533 1050 571 accentus
1083 528 1256 583 quidem
1287 529 1491 571 metricos
1521 529 1712 571 versibus

280 610 568 666 superposuit.
640 608 848 650 Tironum
896 605 1034 650 enim’
1054 609 1137 650 hoc
1177 607 1474 650 adiumentum
1514 608 1710 663 putabat,

279 706 365 733 non
397 704 542 732 veram
575 702 765 742 semper,
809 689 884 731 sed
914 688 1131 730 interdum
1165 689 1294 730 etiam
1325 688 1478 730 falsam
1508 689 1620 730 viam
1650 688 1711 730 in-

280 771 452 821 dicans,
496 768 611 823 quod
644 769 717 822 qui
748 768 1068 821 desiderarent,
1109 768 1161 809 iis
1191 782 1277 810 non
1309 768 1458 810 deesse
1489 767 1595 810 alias
1626 767 1713 810 edi-

279 851 419 892 tiones
449 862 582 903 parvo
614 849 841 902 parabiles.
896 848 1065 890 Harum
1097 852 1243 889 autem
1274 861 1418 889 rerum
1447 848 1638 890 rationes
1668 848 1712 889 in

280 928 608 982 Prolegomenis
641 932 936 982 exponuntur,
981 928 1136 981 quibus
1175 931 1334 981 praeter
1365 927 1624 981 quaestiones
1657 927 1711 969 de

279 1009 425 1051 Plauti
457 1007 641 1059 nomine,
677 1007 728 1048 de
762 1007 910 1048 critica
941 1007 1183 1049 fabularum
1215 1005 1489 1060 condicione,
1531 1006 1584 1048 de
1615 1019 1712 1060 pro-

278 1089 476 1142 logorum
509 1091 649 1139 aetate,
683 1086 736 1128 de
768 1091 943 1129 actuum
970 1087 1250 1140 discriptione
1290 1090 1404 1139 cett„
1435 1086 1621 1128 maxime
1645 1100 1714 1128 res

279 1169 460 1210 metrica
489 1170 704 1208 tractatur
735 1171 778 1208 et
810 1181 905 1221 quae
937 1167 992 1208 ad
1032 1166 1275 1221 prosodiam
1319 1167 1557 1221 pertinent,
1600 1179 1713 1208 com-

282 1248 506 1289 mentariis
531 1250 677 1288 autem
700 1247 745 1288 id
777 1248 999 1301 spectavit.
1032 1251 1081 1288 ut
1111 1247 1229 1299 nihiL
1265 1246 1382 1301 quod
1407 1246 1617 1288 lectorem
1640 1260 1713 1287 au-

283 1342 368 1369 reae
401 1327 541 1368 aetatis
580 1327 735 1368 litteris
767 1326 994 1368 adsuetum
1027 1327 1385 1380 antiquitatisque
1425 1340 1512 1367 non
1541 1325 1714 1379 imperi-

280 1411 373 1448 tum
406 1406 657 1459 offenderet‚
691 1407 828 1447 sciens
858 1407 1224 1460 praetermitteret.

395 1486 598 1527 Alterum
630 1486 828 1528 volumen
860 1486 1147 1538 Aululariam,
1190 1485 1452 1537 Bacchides,
1496 1483 1712 1538 Captivos,

282 1565 587 1607 Curculionem
615 1581 710 1607 cum
738 1565 1060 1607 commentariis
1079 1565 1329 1617 continebit,
1362 1568 1589 1618 totumque
1608 1577 1715 1617 opus

281 1649 488 1699 quattuor
519 1649 594 1686 aut
625 1660 836 1686 summum
873 1645 1065 1698 quinque
1097 1644 1385 1686 voluminibus
1417 1643 1713 1698 explicabitur,

282 1725 412 1779 quod.
446 1725 480 1765 si
505 1725 592 1766 vita
614 1725 810 1777 viresque
836 1724 1190 1778 suppeditabunt,
1222 1723 1406 1765 totidem
1437 1723 1559 1764 annis
1590 1722 1713 1763 abso·

279 1805 419 1846 lutum
450 1805 502 1845 iri
533 1818 766 1858 speramus.
814 1802 1009 1855 Interim,
1042 1817 1095 1843 ne
1119 1803 1305 1856 primum
1330 1802 1531 1844 volumen
1561 1801 1713 1843 harum
1752 1788 1753 1792 Ἰ

280 1885 525 1926 litterarum
559 1883 762 1924 studiosis
793 1883 933 1923 minus
976 1882 1081 1923 utile
1126 1887 1250 1935 esset.
1292 1881 1424 1923 index
1464 1881 1716 1923 subiunctus

283 1969 345 2006 est
381 1963 682 2018 alphabeticus
715 1976 875 2004 eorum.
909 1977 1002 2017 quae
1035 1962 1078 2003 in
1110 1961 1429 2015 prolegomenis
1463 1964 1505 2002 et
1535 1960 1579 2001 in
1605 1973 1716 2001 com-

283 2044 505 2085 mentariis
535 2046 724 2084 tractata
755 2046 865 2083 sunt.

396 2268 533 2310 Liber
563 2269 631 2310 hic
673 2270 715 2310 in
757 2269 907 2310 charta
949 2268 1062 2309 bona
1103 2268 1215 2322 typis
1246 2267 1484 2321 perspicuis
1515 2270 1715 2309 accurate

282 2350 514 2403 impressus
546 2353 715 2391 constat
750 2352 792 2390 1]
832 2348 961 2389 Mark
993 2350 1044 2389 25
1076 2347 1135 2401 pf.

518 2505 809 2548 HAUNIAE:
864 2496 1157 2547 LIBRARIA
1195 2492 1711 2546 GYLDENDALIANA.
