1821 2928
578 96 693 132 Liber
718 97 766 132 11.
817 99 879 141 (A.
907 98 972 133 ch.
999 99 1093 141 509.)
1327 78 1332 83 ’
1501 103 1553 140 63

112 223 354 262 concedente
379 225 547 273 collega,
581 224 705 262 fasces
730 225 888 271 habuit3
922 226 990 275 qui
1015 239 1093 263 non
1119 226 1248 263 acrior
1264 226 1412 264 vindex
1431 226 1554 264 liber-

110 295 207 334 tatis
237 295 378 343 fuerat,
410 310 528 346 quam
561 296 706 334 deinde
739 301 871 334 custos
902 297 988 335 fuit.
1046 296 1233 335 Omnium
1264 298 1435 348 primum
1469 299 1551 336 avi-
1570 298 1592 335 9

113 367 206 404 dum
239 381 350 407 novae
384 367 590 406 libertatis
621 368 825 418 populum⁷
863 382 911 406 ne
943 369 1195 419 postmodum
1227 369 1333 407 flecti
1365 370 1552 420 precibus

109 442 178 477 aut
209 439 326 477 donis
357 441 478 490 regiis
509 444 656 490 posset,
690 440 777 477 iure
809 439 979 478 iurando
1012 428 1163 489 adegit,
1196 442 1393 479 neminem
1411 440 1550 480 Romae

108 523 296 560 passuros
341 525 518 561 regnare.
580 511 751 558 Deinde,
798 525 876 561 quo
922 512 1013 562 plus
1051 512 1198 549 virium
1230 513 1270 550 in
1301 516 1442 551 senatu
1473 514 1550 552 fre·
1570 513 1620 551 10

108 583 271 632 quentia
296 585 415 622 etiam
439 583 591 621 ordinis
614 584 773 629 faceret,
797 583 972 622 caedibus
998 584 1106 633 regis
1123 584 1372 623 deminutum
1390 588 1549 635 patrum

107 667 315 693 numerum
353 655 597 706 primoribus
635 655 832 705 equestris
873 656 1021 705 gradus
1053 655 1167 694 lectis
1199 655 1248 692 ad
1278 660 1548 694 trecentorum

105 739 296 764 summam
329 727 517 777 explevit,
549 727 825 778 traditumque
857 727 952 765 inde
975 728 1115 773 fertur,
1147 730 1191 765 ut
1218 728 1259 765 in
1285 732 1463 766 senatum
1481 742 1548 767 vo·
1570 728 1617 764 11

106 802 306 844 carentur,
339 799 408 849 qui
438 802 570 849 patres
602 799 751 850 quique
782 800 999 850 conscripti
1017 803 1168 846 essentq
1202 800 1461 850 conscriptOS‚
1492 801 1550 839 vi-

106 869 253 908 delicet
284 884 430 910 novum
461 874 653 916 senatum,
685 871 948 921 appellabant
979 872 1115 909 lectos.
1162 871 1213 909 Id
1244 872 1388 909 mirum
1422 885 1547 921 quan-

103 945 187 980 tum
233 943 385 992 profuit
425 943 474 980 ad
514 943 769 981 concordiam
809 944 986 981 civitatis
1027 943 1330 993 iungendosque
1362 943 1547 993 patribus

102 1014 233 1063 plebis
265 1015 430 1054 animos.
477 1015 627 1053 Rerum
660 1015 806 1053 deinde
839 1016 1065 1053 divinarum
1091 1016 1230 1053 habita
1247 1028 1362 1062 cura;
1395 1019 1432 1053 et
1451 1016 1545 1065 quia
1657 1012 1683 1059 2

103 1086 284 1135 quaedam
317 1087 478 1137 publica
509 1101 620 1126 sacra
654 1100 725 1137 per
755 1089 862 1137 ipsos
894 1100 1007 1136 reges
1038 1088 1222 1125 factitata
1239 1091 1366 1136 erant,
1399 1087 1547 1125 necubi

101 1171 241 1207 regum
273 1158 515 1197 desiderium
547 1163 659 1206 esset,
692 1173 824 1208 regem
857 1159 1125 1198 sacrificulum
1157 1162 1302 1197 crea-nt.
1350 1158 1400 1196 Id
1419 1171 1546 1197 sacer·
1565 1159 1588 1194 2

103 1229 255 1268 dotium
299 1230 483 1281 pontifici
516 1231 735 1281 subiecere.
776 1245 825 1269 ne
858 1231 1018 1270 additus
1050 1231 1202 1269 nomini
1233 1232 1358 1269 honos
1391 1230 1546 1280 aliquid

102 1301 292 1349 libertati,
324 1304 434 1341 cuius
465 1307 561 1341 tuuc
593 1304 723 1354 prima
756 1308 840 1341 erat
872 1317 978 1351 eura,
1011 1303 1198 1341 officeret.
1245 1303 1308 1340 Ac
1340 1303 1474 1340 nescio
1494 1315 1545 1339 an

100 1374 221 1412 nimis
273 1375 451 1425 undique
505 1389 590 1413 eam
647 1375 901 1425 minimisque
953 1375 1073 1412 rebus
1119 1374 1335 1412 muniendo
1382 1373 1544 1412 modum

101 1447 350 1484 excesserint.
384 1446 567 1484 Consulis
597 1447 701 1484 enim
719 1447 900 1493 alterius,
923 1460 1044 1496 quum
1063 1446 1164 1483 nihil
1182 1446 1293 1484 aliud
1311 1445 1539 1493 offenderet,
1558 1445 1581 1482 3

101 1530 244 1555 nomen
270 1518 441 1556 invisum
467 1519 622 1556 civitati
653 1519 748 1556 fuit:
780 1519 944 1556 nimium
972 1517 1214 1568 Tarquinios
1240 1531 1363 1567 regno
1390 1531 1541 1556 assues-

101 1602 160 1634 se;
208 1590 349 1627 initum
397 1604 418 1628 a
464 1590 606 1628 Prisco
647 1591 815 1637 factum3
863 1603 1051 1640 regnasse
1098 1590 1191 1628 dein
1223 1588 1308 1630 Ser.
1341 1589 1540 1636 Tullium;

100 1674 148 1698 ne
194 1661 408 1699 intervallo
455 1662 615 1712 quidem
661 1663 765 1701 facto
797 1661 980 1709 oblitum,
1023 1666 1229 1712 tamquam
1261 1662 1394 1709 alieni,
1426 1661 1543 1711 regni

99 1731 323 1783 Superbum
341 1733 607 1783 Tarquinium
640 1735 751 1772 velut
781 1735 1046 1773 hereditatem
1077 1735 1208 1783 gentis
1240 1735 1390 1772 scelere
1422 1747 1467 1772 ac
1499 1734 1540 1772 vi

99 1806 309 1855 repetisse;
356 1806 471 1856 pulso
503 1805 684 1856 Superbo
729 1819 852 1856 penes
884 1806 1130 1845 Collatinum
1178 1807 1391 1857 imperium
1434 1819 1538 1852 esse;

98 1877 250 1915 nescire
268 1877 511 1927 Tarquinios
543 1878 721 1927 privatos
751 1879 914 1926 vivere3
944 1892 1022 1917 non
1053 1880 1210 1929 placere
1241 1891 1397 1926 nomen,
1430 1878 1537 1928 peri-

96 1949 275 1987 culosum
307 1949 486 1988 libertati
517 1963 615 1989 esse.
676 1949 756 1988 Hic
802 1952 930 2001 primo
977 1952 1122 1989 sensim
1163 1951 1407 1990 tentantium
1449 1948 1578 1988 ani-4

99 2034 182 2059 mos
213 2034 340 2060 sermo
371 2035 442 2072 per
472 2025 598 2060 totam
629 2022 833 2061 civitatem
853 2027 914 2061 est
931 2023 1058 2070 datus,
1090 2023 1386 2072 sollicitamque
1403 2022 1536 2072 suspi-

98 2094 209 2132 cione
241 2093 398 2144 plebem
428 2093 579 2132 Brutus
617 2094 667 2132 ad
699 2096 923 2133 contionem
955 2099 1084 2133 vocat.
1146 2095 1214 2133 Ibi
1246 2095 1423 2133 omnium
1455 2094 1536 2144 pri-

99 2178 205 2203 mum
236 2166 299 2204 ius
330 2165 541 2203 iurandum
573 2167 715 2217 populi
745 2167 901 2217 recitat,
934 2168 1132 2205 neminem
1163 2180 1331 2216 regnare
1347 2179 1533 2217 passuros
1553 2163 1576 2202 5

98 2250 169 2275 nec
201 2251 282 2275 esse
307 2237 457 2284 Romae,
489 2237 594 2276 unde
617 2239 838 2288 periculum
864 2239 1045 2277 libertati
1067 2240 1191 2286 foret;
1227 2239 1266 2277 id
1291 2252 1441 2277 summa
1459 2250 1533 2288 ope

96 2309 292 2347 tuendum
317 2322 413 2357 esse,
444 2322 573 2360 neque
599 2309 720 2348 ullam
744 2323 841 2360 rem,
867 2324 955 2360 quae
973 2324 1018 2349 eo
1034 2311 1246 2361 pertineat,
1279 2314 1534 2350 contemnen-

97 2379 200 2419 dam.
245 2380 421 2419 Invitum
448 2394 489 2419 se
515 2381 647 2420 dicere
671 2381 841 2420 hominis
867 2395 998 2432 causa,
1022 2396 1094 2421 nec
1113 2383 1315 2421 dicturum
1331 2383 1465 2430 fuisse,
1492 2381 1534 2418 ni

96 2452 241 2490 caritas
273 2452 332 2490 rei
361 2451 538 2502 publicae
568 2454 762 2492 vinceret:
794 2468 870 2493 non
905 2455 1066 2493 credere
1082 2455 1276 2505 populum
1295 2454 1534 2499 Romanum,
1553 2453 1576 2489 6

96 2523 265 2562 solidam
298 2523 526 2563 libertatem
558 2529 832 2576 recuperatam
865 2539 969 2573 esse;
1014 2527 1168 2576 regium
1200 2539 1335 2575 genus,
1378 2524 1533 2573 regium

97 2607 237 2634 nomen
269 2609 345 2634 non
377 2597 504 2635 solum
537 2597 577 2635 in
610 2597 785 2645 civitate,
815 2598 885 2636 sed
919 2599 1038 2636 etiam
1070 2599 1110 2636 in
1143 2596 1312 2647 imperio
1344 2608 1448 2639 esse;
1489 2595 1531 2634 id

96 2665 266 2716 officere,
295 2667 336 2705 id
361 2667 519 2707 obstare
547 2668 735 2707 libertati.
785 2669 930 2717 „Hunc
949 2672 1017 2707 tuf·
1039 2668 1170 2718 inquit
1191 2671 1285 2715 „tua
1303 2667 1527 2718 voluntate,
1546 2670 1569 2706 7
