1821 2928
585 181 675 206 Liber
691 180 763 206 vn.
799 180 847 210 (A.
867 179 919 206 ch.
939 181 1011 210 302.)
1415 167 1467 205 53

93 296 316 336 Romanum
361 296 509 334 bonum
554 309 673 346 quam
718 309 827 333 arma
871 295 1079 345 virtusque
1124 297 1236 341 esset,
1282 294 1321 333 et
1365 293 1524 331 silentio
1544 293 1568 329 4

93 365 210 413 facto,
247 365 398 416 templa
430 364 593 402 deorum
625 364 920 411 immortalium,
959 377 1046 413 quae
1078 363 1164 401 foro
1196 362 1414 408 imminent,
1453 360 1524 400 Ca—

93 433 359 485 pitoliumque
375 433 592 471 intuentem
610 436 649 470 et
665 446 803 470 manus
821 446 924 469 nunc
941 432 982 469 in
999 432 1150 479 caelum,
1166 445 1270 469 nunc
1287 431 1327 468 in
1346 433 1526 481 patentes

92 505 210 539 terrae
240 502 373 539 hiatus
397 502 448 540 ad
480 501 574 539 deos
605 514 738 538 manes
769 500 1050 551 porrigentem,
1081 514 1121 538 se
1153 500 1375 546 devovisse3
1407 513 1523 550 equo·
1544 497 1566 535 5

93 584 169 622 que
201 569 345 608 deinde
377 583 494 620 quam
518 572 677 620 poterat
706 569 874 606 maxime
897 572 1088 607 exornato
1119 568 1369 615 insidentem,
1401 583 1525 607 arma-

91 643 176 678 tum
207 653 248 677 se
279 639 320 676 in
351 652 509 689 specum
548 637 769 685 immisisse,
808 638 990 688 donaque
1022 651 1066 675 ac
1105 637 1241 686 fruges
1280 651 1399 687 super
1437 650 1526 675 euni

93 721 116 746 a
144 707 404 745 multitudine
426 707 603 744 virorum
634 720 679 743 ac
710 706 921 743 mulierum
953 710 1171 756 congestas,
1201 706 1412 755 lacumque
1430 705 1526 743 Cur-

92 775 192 814 tium
222 790 301 814 non
331 775 380 814 ab
412 775 577 825 antiquo
609 775 678 813 illo
710 774 753 812 T.
786 774 894 812 Tatii
932 775 1059 812 milite
1091 773 1231 812 Curtio
1262 773 1421 821 Mettio,
1458 773 1526 810 sed

93 845 143 883 ab
174 845 248 883 hoc
279 844 535 894 appellatum.
597 843 703 881 Cura
733 857 812 881 non
839 843 1006 897 deesset,
1037 844 1070 880 si
1102 858 1180 895 qua
1211 843 1264 880 ad
1293 855 1431 880 verum
1461 841 1526 879 via
1544 843 1566 877 6

94 913 360 963 inquirentem
390 912 470 950 ferr
474 915 529 959 et;
560 926 664 950 nunc
694 912 799 969 fama
828 926 960 950 rerum
977 912 1163 950 standum
1194 914 1263 957 est,
1294 911 1364 948 ubi
1382 913 1528 948 certam

94 982 261 1032 derogat
290 984 468 1019 vetustas
507 980 644 1027 fidem;
691 984 730 1018 et
770 981 879 1018 lacus
919 994 1061 1019 nomen
1103 981 1152 1018 ab
1193 979 1267 1017 hac
1308 978 1528 1016 iecentiou

94 1050 325 1100 insignitius
355 1049 493 1087 fabula
524 1053 593 1087 est.

208 1118 307 1156 Post
322 1118 424 1155 tant-i
441 1117 617 1168 prodigii
634 1118 966 1168 procurationem,
998 1117 1133 1154 eodem
1152 1130 1256 1154 anno
1274 1115 1322 1153 de
1338 1114 1526 1152 Hernicis
1548 1117 1568 1151 7

96 1187 297 1225 consult-us
314 1189 484 1233 senatus,
516 1200 637 1235 quum
662 1187 819 1224 fetiales
844 1186 896 1224 ad
918 1200 981 1224 res
1003 1185 1240 1236 repetendas
1264 1184 1528 1234 nequicquam

96 1255 277 1302 misisset,
318 1255 446 1305 primo
488 1268 646 1305 quoque
687 1255 751 1293 die
789 1255 995 1293 ferendum
1026 1253 1077 1292 ad
1119 1253 1312 1303 populum
1345 1253 1392 1290 de
1422 1252 1529 1290 bello

53 1348 56 1350 -
96 1323 308 1362 indicendo
347 1323 536 1360 Hernicis
578 1324 742 1371 censuit,
783 1323 1034 1374 populusque
1074 1322 1115 1359 id
1156 1321 1304 1359 bellum
1344 1321 1530 1370 frequens

94 1392 220 1429 iussit.
265 1391 311 1429 L.
343 1390 522 1430 Genucio
555 1392 707 1429 consuli
738 1406 782 1429 ea
814 1392 1021 1442 provincia
1052 1395 1156 1429 sorte
1189 1389 1331 1428 evenit.
1383 1389 1433 1426 In
1465 1389 1570 1426 ex-8

97 1460 341 1510 spectatione
380 1460 520 1498 civitas
561 1463 658 1507 erat,
699 1461 805 1509 quod
847 1460 997 1510 primus
1039 1459 1106 1496 ille
1148 1460 1194 1497 de
1235 1459 1351 1508 plebe
1393 1457 1529 1495 consul

96 1528 244 1566 bellum
275 1528 357 1566 suis
388 1529 577 1578 auspiciis
607 1532 790 1577 gesturus
821 1532 932 1575 esset,
969 1528 1136 1578 perinde
1166 1531 1211 1564 ut
1234 1527 1429 1565 evenisset
1457 1539 1531 1573 res,

98 1596 153 1633 ita
184 1597 492 1635 communicatos
523 1597 691 1634 honores
732 1611 804 1647 pro
834 1597 934 1634 bene
966 1600 1035 1634 aut
1065 1610 1176 1633 secus
1209 1595 1389 1633 consulto
1418 1594 1531 1632 habi-

95 1668 195 1701 tura.
255 1665 377 1702 Forte
417 1665 473 1703 ita
511 1665 609 1703 tulit
648 1679 771 1712 casus,
811 1669 855 1702 ut
887 1664 1090 1702 Genucius
1122 1665 1171 1702 ad
1214 1665 1346 1702 hostes
1386 1664 1572 1712 magn09

97 1736 239 1770 conatu
270 1733 470 1784 profectus
502 1734 542 1771 in
575 1734 740 1772 insidias
772 1734 1056 1784 praecipitaret,
1095 1734 1146 1782 clf,
1185 1732 1410 1782 legionibus
1441 1745 1529 1769 nec-

95 1802 257 1852 opinato
298 1815 445 1852 pavore
483 1802 591 1849 fusis,
634 1803 770 1840 consul
812 1803 1104 1840 circumventus
1136 1801 1185 1839 ab
1227 1800 1375 1847 insciis,
1416 1813 1530 1848 quem

96 1869 409 1920 intercepissent,
441 1871 699 1909 occideretur.
759 1871 877 1919 Quod
909 1871 978 1909 ubi
1010 1874 1068 1908 est
1090 1870 1258 1907 Romam
1290 1867 1530 1913 nuntiatum,
1551 1869 1623 1905 10·

96 1951 346 1988 nequaquam
377 1942 532 1976 tantum
563 1940 725 1989 publica
749 1939 975 1977 calamitate
1005 1939 1132 1976 maesti
1163 1942 1308 1988 patres,
1340 1939 1528 1986 quantun:

95 2007 244 2044 feroces
276 2007 426 2045 infelici
458 2006 630 2045 consulis
661 2008 808 2058 plebeii
833 2008 966 2055 ductu,
997 2007 1171 2044 fremunt
1201 2005 1384 2044 omnibus
1415 2004 1530 2043 locis:

97 2074 210 2122 irent,
252 2079 432 2114 crearent
463 2077 642 2114 consules
674 2090 721 2114 ex
758 2076 885 2126 plebe.
926 2075 1189 2113 transferrent
1221 2074 1411 2124 auspicia,
1453 2087 1530 2123 quo

96 2144 206 2182 nefas
238 2148 356 2191 esset3
396 2145 572 2195 potuisse
613 2148 747 2194 patres
789 2144 999 2194 plebiscito
1040 2143 1136 2193 pelli
1177 2143 1396 2181 honoribus
1427 2142 1595 2180 suiszll

96 2225 189 2249 num
221 2213 339 2250 etiam
372 2214 412 2250 in
444 2214 537 2251 deos
570 2213 811 2251 immortales
853 2212 1140 2262 inauspicatam
1172 2212 1300 2261 legem
1330 2211 1531 2249 valuisse?

95 2279 319 2319 vindicasse
350 2282 457 2332 ipsos
489 2296 600 2319 suum
634 2295 789 2328 numen,
828 2295 897 2318 sua
929 2281 1118 2330 auspicia,
1158 2294 1244 2330 quae
1277 2284 1319 2317 ut
1360 2279 1529 2330 primum

97 2352 278 2387 contacta
310 2350 389 2387 sint
420 2350 470 2388 ab
503 2365 559 2393 eo,
601 2365 623 2388 a
656 2364 733 2400 quo
765 2364 835 2387 nec
879 2349 939 2387 ius
970 2362 1041 2386 nec
1083 2349 1141 2386 fas
1182 2349 1314 2395 suerit,
1356 2348 1529 2385 deletum

98 2429 183 2454 cum
225 2418 324 2456 duce
370 2419 585 2456 exercitum
627 2419 864 2456 documento
910 2418 1040 2465 fuisse,
1086 2432 1134 2455 ne
1181 2417 1324 2455 deinde
1368 2416 1531 2453 turbato

98 2486 274 2533 gentium
307 2487 390 2525 iure
422 2487 582 2525 comitia
613 2487 865 2525 haberentur.
911 2486 988 2523 His
1003 2486 1167 2524 vocibus
1192 2486 1302 2523 curia
1333 2489 1372 2522 et
1402 2485 1528 2522 forum
1553 2485 1599 2520 12

99 2558 296 2602 personat.
370 2555 477 2606 App.
520 2555 745 2602 Claudium,
786 2555 879 2604 quia
920 2554 1165 2592 dissuaserat
1203 2554 1342 2602 legem,
1384 2553 1530 2590 maiore
