1821 2928
345 165 397 202 90
769 172 856 197 Liber
874 171 942 196 m.
980 170 1028 199 (A.
1046 177 1072 195 c.
1091 177 1118 195 u.
1137 170 1209 198 412.)

221 290 270 327 10
288 294 325 327 et
356 301 461 327 anno
501 291 588 337 post
629 286 816 336 praesidia
856 286 1133 331 l1ibernatura3
1179 284 1305 322 divisa
1347 283 1450 321 enim
1490 287 1604 322 erant
1641 295 1713 333 per

288 356 514 407 Campaniae
545 356 674 401 urbes,
705 357 1040 404 manaverantque
1071 367 1093 391 a
1125 353 1262 403 Capua
1299 353 1465 390 consilia
1495 353 1536 390 in
1567 352 1712 390 exerci-

284 432 369 463 tum
401 438 564 463 omnem.
623 423 682 461 Eo
723 423 946 460 laxamento
978 422 1288 470 cogitationibus
1331 421 1434 467 dato,
1480 421 1632 470 quievit
1671 421 1713 458 in

154 491 210 538 39
287 493 497 544 praesentia
528 492 682 530 seditio.
729 491 887 537 Consul,
919 491 1060 528 educto
1091 490 1133 527 in
1156 490 1291 528 aestiva
1321 489 1458 536 milite,
1490 489 1583 528 dum
1605 490 1712 540 quie-

286 569 346 601 tos
377 562 574 600 Samnites
606 561 789 606 habebat,
831 560 1045 597 exercitum
1082 572 1253 608 purgare
1291 559 1544 596 missionibus
1574 559 1712 596 turbu-

287 632 483 668 lentorum
514 630 717 667 hominum
749 628 935 674 instituit,
980 627 1070 665 aliis
1101 628 1264 665 emerita
1305 627 1472 665 dicendo
1514 627 1714 677 stipendia

289 713 387 745 esse,
440 699 539 736 alios
585 711 723 747 graves
769 697 846 734 iam
893 699 1008 733 aet-ate
1053 699 1122 733 aut
1164 696 1318 733 viribus
1363 709 1505 746 parum
1547 696 1714 733 validos.

253 771 275 806 2
295 768 469 816 Quidam
500 767 541 804 in
573 769 809 804 commeatus
840 763 1297 812 n1ittebantur„singuli
1326 764 1465 814 primo,
1503 764 1646 802 deinde
1676 769 1715 802 et

289 838 468 875 cohortes
501 836 693 886 quaedam,
725 834 818 883 quia
849 833 988 882 procul
1019 833 1068 869 ab
1101 831 1216 869 domo
1248 845 1292 868 ac
1322 833 1439 870 rebus
1471 833 1551 870 suis
1581 833 1712 870 hiber-

287 908 464 950 nassent;
496 918 566 954 per
598 903 767 953 speciem
784 902 902 939 etiam
933 900 1168 938 militarium
1198 913 1350 947 usuum,
1383 914 1503 949 quum
1534 901 1606 939 alii
1636 901 1714 939 alio

249 975 271 1011 3
289 974 551 1019 mitterentur,
580 985 723 1020 magna
754 984 847 1020 pars
878 969 1063 1017 ablegati.
1108 969 1238 1016 Quam
1268 968 1562 1007 multitudinem
1580 970 1716 1008 consul

289 1043 389 1080 alter
419 1042 557 1079 Romae
587 1043 823 1090 praetorque,
855 1038 952 1075 alias
985 1051 1031 1074 ex
1062 1037 1153 1075 aliis
1183 1037 1369 1086 fingendo
1400 1051 1540 1084 moras,
1570 1037 1714 1075 retine-

248 1112 367 1148 4bat.
412 1111 467 1148 Et
496 1109 623 1160 primo
656 1108 815 1157 quidem
848 1106 980 1155 ignari
1009 1106 1293 1144 ludificationis
1323 1106 1484 1144 minime
1514 1106 1632 1144 inviti
1648 1107 1715 1144 do-

288 1194 370 1217 mos
401 1179 645 1223 revisebant3
676 1179 887 1226 postquam
909 1188 1037 1224 neque
1066 1174 1214 1211 reverti
1230 1175 1281 1212 ad
1311 1175 1425 1223 signa
1455 1175 1616 1225 primos,
1645 1187 1716 1212 nec

288 1249 409 1285 ferme
426 1247 558 1293 alium,
590 1259 708 1295 quam
727 1244 794 1294 qui
826 1243 866 1280 in
884 1242 1102 1292 Campania
1118 1242 1406 1290 hibernassent,
1436 1243 1716 1293 praecipueque

290 1330 336 1353 ex
376 1316 437 1352 his
469 1314 676 1352 seditionis
708 1316 888 1350 auctores
919 1311 1024 1348 mitti
1053 1311 1251 1359 viderunt,
1291 1312 1462 1361 primum
1493 1311 1716 1357 admiratio,

291 1384 434 1422 deinde
463 1384 572 1422 haud
604 1383 748 1420 dubius
778 1381 898 1418 timor
937 1379 1097 1417 incessit
1127 1380 1289 1427 animos,
1320 1380 1485 1418 consilia
1515 1393 1586 1418 sua
1616 1393 1718 1417 ema-

251 1451 272 1486 5
291 1467 420 1491 nasse:
462 1453 541 1490 iam
573 1451 818 1501 quaestiones,
859 1449 937 1486 iam
969 1448 1136 1495 indicia,
1177 1449 1255 1486 iam
1285 1449 1441 1486 occulta
1472 1448 1718 1497 singulorum

292 1521 489 1571 supplicia
530 1520 805 1569 impotensque
837 1522 876 1555 et
907 1517 1066 1554 crudele
1098 1517 1302 1554 consulum
1332 1529 1378 1554 ac
1417 1520 1577 1566 patrum
1607 1517 1648 1554 in
1678 1530 1718 1554 se

251 1588 457 1637 Gregnum
498 1601 693 1637 passuros.
752 1587 862 1632 Haec,
907 1586 976 1634 qui
1016 1586 1057 1622 in
1098 1585 1237 1622 castris
1268 1588 1392 1632 erant,
1437 1585 1603 1622 occultis
1640 1598 1718 1622 ser-

291 1657 473 1694 monibus
504 1659 650 1702 serunt,
680 1669 820 1693 nervos
852 1653 1137 1691 coniurationis
1162 1654 1307 1690 electos
1333 1656 1418 1690 arte
1442 1653 1614 1691 consulis
1638 1666 1718 1690 cer-

254 1727 442 1762 7nentes.
511 1724 662 1762 Cohors
701 1738 781 1761 una
821 1736 940 1772 quum
982 1721 1090 1759 haud
1131 1721 1271 1770 procul
1302 1719 1469 1758 Anxure
1510 1723 1623 1768 esset,
1668 1720 1719 1758 ad

291 1794 486 1831 Lautulas
526 1793 632 1830 33113
672 1795 841 1841 angusto
883 1791 987 1827 inter
1026 1803 1132 1827 mare
1173 1802 1218 1827 ac
1258 1792 1409 1826 montes
1450 1788 1630 1826 consedit
1669 1789 1720 1826 ad

292 1861 557 1911 excipiendos,
588 1874 685 1910 quos
718 1860 854 1897 consul
885 1858 974 1896 aliis
991 1861 1110 1907 atque
1141 1857 1242 1903 aliis,
1273 1859 1318 1893 ut
1348 1860 1438 1894 ante
1470 1857 1621 1894 dictum
1651 1859 1720 1904 est,

252 1930 276 1966 8
295 1931 422 1968 causis
462 1929 658 1967 mittebat.
718 1929 805 1965 Iam
834 1927 969 1964 valida
1001 1927 1212 1965 admodum
1253 1938 1415 1963 numero
1455 1938 1593 1962 manus
1625 1928 1720 1971 erat,

293 2012 364 2036 nec
395 1998 607 2048 quicquam
624 1997 673 2034 ad
705 1997 799 2034 iusti
831 1996 1024 2033 exercitus
1054 1995 1219 2032 formam
1249 1997 1394 2043 praeter
1411 1993 1549 2030 ducem
1573 1993 1720 2030 deerat.

292 2067 555 2116 Incompositi
586 2067 721 2115 itaque
753 2065 978 2115 praedantes
1008 2063 1049 2100 in
1080 2076 1220 2110 agrum
1235 2061 1442 2099 Albanum
1472 2061 1721 2110 perveniunt,

255 2135 277 2170 9
296 2139 333 2172 et
364 2136 436 2173 sub
467 2136 561 2183 iugo
578 2134 697 2171 Albae
714 2134 864 2181 Longae
897 2135 1026 2169 castra
1054 2131 1162 2168 vallo
1194 2131 1370 2179 cingunt.
1413 2129 1598 2166 Perfecto
1630 2129 1721 2166 inde

294 2217 423 2254 opere,
454 2203 650 2252 reliquum
681 2202 762 2239 diei
794 2202 841 2238 de
873 2201 1111 2250 imperatore
1141 2197 1331 2236 sumendo
1361 2197 1566 2235 sententiis
1589 2197 1721 2235 decer-

230 2273 279 2309 10
295 2276 394 2318 tant,
424 2271 527 2309 nulli
543 2285 589 2308 ex
612 2271 873 2320 praesentibus
896 2269 993 2306 satis
1016 2268 1197 2305 fidentes:
1229 2279 1345 2315 quem
1375 2268 1505 2303 autem
1527 2266 1577 2303 ab
1593 2265 1721 2303 Roma

295 2354 408 2390 posse
440 2338 592 2377 exciri?
623 2352 737 2388 quem
769 2341 927 2387 patrum
958 2341 1027 2375 aut
1056 2336 1187 2386 plebis
1217 2348 1310 2381 esse,
1341 2334 1411 2384 qui
1441 2337 1510 2371 aut
1539 2347 1580 2371 se
1607 2336 1721 2371 tanto

294 2409 473 2458 periculo
505 2408 632 2444 sciens
655 2407 804 2452 offerat,
835 2410 903 2443 aut
927 2406 990 2443 031
1013 2419 1060 2442 ex
1092 2404 1240 2441 iniuria
1270 2402 1503 2440 insanientis
1526 2401 1722 2439 exercitus

230 2477 276 2512 11
299 2490 414 2514 causa
444 2479 551 2513 recte
568 2474 865 2512 committatur?
896 2474 1063 2511 Postero
1087 2472 1151 2509 die
1175 2485 1296 2521 quum
1323 2469 1460 2508 eadem
1484 2469 1721 2507 deliberatio

294 2548 457 2591 teneret,
489 2558 537 2581 ex
566 2542 856 2593 praedatoribus
886 2542 998 2590 vagis
1023 2540 1186 2590 quidam
1216 2541 1458 2588 compertum
1490 2538 1723 2584 attulerunt,

296 2612 341 2650 T.
373 2612 606 2660 Quinctium
638 2611 678 2648 in
709 2609 935 2647 Tusculano
967 2622 1106 2657 agrum
1138 2607 1279 2653 colere,
1309 2605 1419 2643 urbis
1450 2605 1723 2654 honorumque
