1821 2928
389 172 441 208 40
793 184 882 209 Liber
900 185 952 209 VI.
989 185 1038 213 (Α.
1058 192 1085 210 u.
1105 192 1130 210 c.
1150 185 1305 213 385—386.)

333 309 417 332 eam
450 309 532 333 esse
563 310 692 334 arcem
725 297 938 344 libertatisy
971 298 1012 335 id
1044 298 1234 335 columen.
1281 297 1326 335 Si
1358 311 1402 335 eo
1434 299 1665 346 perventum
1695 297 1758 343 sit,

329 367 411 400 tum
452 364 643 413 populum
675 365 897 402 Romanum
929 380 1020 403 vere
1063 370 1222 403 exactos
1255 381 1302 403 ex
1333 366 1431 402 urbe
1468 377 1581 414 reges
1613 368 1652 402 et
1681 367 1758 402 sta-

268 431 311 467 ll
335 431 456 468 bilem
484 432 709 469 libertatem
743 447 852 470 suam
885 434 1222 480 existimaturum3
1263 434 1411 483 quippe
1439 446 1486 469 ex
1518 433 1590 470 illa
1621 432 1685 470 die
1715 432 1759 469 in

328 499 483 547 plebem
521 504 686 537 ventura
720 502 864 540 omnin.
909 502 1055 550 quibus
1092 502 1257 551 patricii
1290 501 1499 547 excellant,
1545 500 1759 550 imperium

329 570 448 615 atque
465 567 666 606 honorem.
698 569 867 615 gloriam
884 570 995 615 belli,
1026 583 1160 617 genus,
1191 570 1456 615 nobilitatem,
1486 581 1630 616 magna
1660 567 1759 616 ipsis

265 633 312 669 12
331 634 510 672 fruenda.
542 636 691 672 maiora
724 637 863 673 liberis
894 637 1169 686 relinquenda.
1214 639 1347 675 Huius
1375 636 1532 685 generis
1558 634 1759 672 orationes

329 703 398 739 ubi
445 703 573 752 accipi
611 703 759 741 videre.
805 718 947 741 novam
993 705 1242 753 rogationem
1286 705 1554 754 promulgant,
1597 705 1643 739 ut
1685 714 1758 751 pro

330 770 551 807 duumviris
592 773 714 808 sacris
755 772 954 809 faciundis
996 773 1212 810 decemviri
1255 776 1446 818 creentur,
1487 771 1545 807 ita
1584 773 1629 807 ut
1666 782 1759 819 pars

329 852 375 875 ex
406 839 533 887 plebe,
571 853 662 887 pars
693 854 740 876 ex
778 841 960 889 patribus
997 841 1084 886 fiat;
1131 841 1385 889 omniumque
1417 852 1551 876 earum
1581 837 1758 886 rogatio-

327 919 421 942 num
466 907 629 943 comitia
683 908 723 944 in
776 908 989 945 advent-um
1042 909 1128 945 eius
1181 909 1379 945 exercitus
1425 906 1634 952 differunt,
1689 904 1759 954 qui

330 973 508 1011 Velitras
541 975 761 1012 obsidebat.

196 1033 254 1080 38
441 1043 562 1080 Prius
603 1043 865 1080 circumactus
907 1048 966 1080 est
1007 1057 1142 1087 annus,
1184 1057 1301 1092 quam
1332 1057 1354 1080 a
1385 1042 1558 1080 Velitris
1596 1040 1759 1078 reduce-

328 1115 466 1147 rentur
498 1111 694 1159 legiones3
726 1111 781 1147 ita
806 1125 994 1160 suspensa
1011 1112 1059 1148 de
1090 1112 1246 1159 legibus
1269 1125 1333 1147 res
1356 1110 1406 1147 ad
1429 1123 1552 1147 novos
1575 1109 1760 1146 tribunos

329 1179 504 1215 militum
530 1179 672 1225 dilata3
704 1192 792 1215 nam
820 1179 950 1228 plebis
971 1180 1157 1216 tribunos
1183 1179 1352 1225 eosdem,
1385 1178 1482 1215 duos
1506 1177 1659 1226 utique,
1689 1175 1759 1224 qui

290 1243 312 1278 2
331 1248 462 1295 legum
494 1247 640 1284 latores
665 1250 788 1293 erant,
819 1247 956 1296 plebes
979 1248 1194 1284 reficiebat.
1240 1246 1412 1283 Tribuni
1438 1245 1613 1282 militum
1637 1242 1760 1280 creati

120 1308 231 1368 21¹&
248 1311 306 1368 {f}
333 1315 377 1352 Τ.
409 1316 635 1362 Quinctius,
681 1313 764 1351 Ser.
796 1314 1018 1361 Cornelius,
1065 1314 1147 1351 Ser.
1186 1313 1401 1363 Sulpicius,
1447 1312 1514 1362 Sp.
1552 1310 1761 1355 Servilius,

287 1380 310 1416 3
329 1384 373 1420 L.
404 1384 607 1433 Papirius.
639 1383 684 1419 L.
710 1383 916 1421 Veturius.
960 1383 1173 1431 Principio
1205 1382 1341 1418 statim
1372 1381 1467 1418 anni
1499 1380 1550 1417 ad
1577 1378 1760 1415 ultimam

326 1452 627 1489 dimicationem
661 1451 707 1487 de
738 1451 896 1498 legibus
924 1454 1104 1495 ventuni;
1143 1454 1181 1486 et
1212 1463 1333 1499 quum
1361 1449 1492 1485 tribus
1521 1448 1760 1484 vocarentur

326 1534 397 1557 nec
429 1519 662 1556 intercessio
695 1519 935 1566 collegarum
976 1519 1172 1555 latoribus
1211 1518 1398 1563 obstaret,
1437 1515 1588 1565 trepidi
1626 1516 1760 1563 patres

327 1588 378 1625 ad
410 1587 488 1623 duo
519 1587 662 1623 ultima
693 1587 858 1631 auxilia,
896 1599 1090 1623 summum
1130 1586 1342 1635 imperium
1373 1595 1645 1632 summumque
1677 1580 1757 1631 [ad]

288 1652 455 1692 4civem
488 1655 715 1691 decurrunt.
774 1653 1028 1690 Dictatoreni
1060 1653 1142 1689 dici
1173 1653 1321 1702 placet,
1353 1651 1504 1688 dicitur
1533 1651 1588 1687 M.
1610 1649 1759 1687 Furius

330 1723 534 1769 Camillus,
559 1722 628 1771 qui
647 1721 883 1769 magistrum
901 1721 1079 1770 equitum
1097 1721 1141 1757 L.
1159 1720 1372 1756 AEmilium
1390 1721 1562 1768 cooptat.
1606 1717 1758 1765 Legum

327 1804 484 1840 quoque
515 1790 662 1826 latores
694 1789 882 1826 adversus
912 1791 1067 1825 tantum
1099 1791 1337 1837 apparatum
1367 1786 1689 1824 adversariorum
1721 1787 1760 1821 et

328 1859 405 1907 ipsi
425 1871 582 1895 causam
599 1856 731 1906 plebis
750 1856 981 1904 ingentibus
999 1856 1144 1893 animis
1162 1858 1329 1901 armant,
1361 1854 1612 1902 concilioque
1628 1852 1759 1902 plebis

289 1923 310 1959 5
331 1926 495 1971 indicto,
525 1925 656 1961 tribus
681 1925 731 1961 ad
763 1924 993 1972 suffragium
1022 1928 1177 1960 vocant.
1223 1923 1355 1970 Quum
1373 1922 1559 1968 dictator,
1589 1920 1759 1969 stipatus

328 1994 485 2042 agmine
501 1993 779 2042 patriciorum,
809 1992 949 2041 plenus
975 1992 1044 2028 irae
1061 1992 1337 2039 minarumque
1355 1988 1610 2034 consedisset,
1640 1990 1758 2036 atque

328 2065 512 2109 ageretur
551 2074 613 2098 res
654 2060 773 2096 solito
814 2060 990 2109 primum
1031 2059 1247 2096 certamine
1287 2058 1392 2094 inter
1424 2070 1463 2094 se
1502 2055 1759 2092 tribunorum

327 2129 437 2178 plebi
468 2129 680 2165 ferentium
712 2128 839 2176 legem
871 2127 1295 2175 intercedentiumque,
1327 2128 1376 2171 et,
1408 2126 1556 2174 quanto
1581 2123 1667 2159 iure
1689 2135 1758 2171 po-

328 2197 477 2234 tentior
510 2196 742 2232 intercessio
775 2199 870 2242 erat,
909 2199 1064 2232 tantum
1095 2195 1323 2231 vinceretur
1363 2192 1498 2229 favore
1534 2191 1668 2239 legum
1698 2189 1758 2239 ip-

328 2278 459 2302 sarum
489 2264 750 2312 latorumque,
782 2268 818 2299 et
840 2263 939 2309 ,.Uti
970 2265 1112 2311 rogas·‘
1139 2261 1278 2310 primae
1300 2260 1430 2297 tribus
1455 2259 1646 2304 dicerent,
1674 2260 1758 2293 tum

289 2332 311 2367 6
331 2332 525 2369 Camillus
546 2330 741 2377 ..Quando
760 2330 946 2378 quidemss‘
974 2330 1119 2379 inquit,
1154 2328 1371 2376 ,.Quirites,
1402 2328 1483 2364 iam
1498 2339 1570 2364 vos
1584 2323 1758 2363 tribuni-

330 2401 390 2437 cia
421 2399 563 2445 libido,
608 2411 688 2435 non
718 2400 894 2446 potestas
924 2398 1040 2445 regit,
1086 2400 1125 2433 et
1155 2395 1491 2441 intercessionem,
1537 2392 1758 2431 secessione

330 2467 529 2517 quondam
559 2466 688 2516 plebis
719 2468 884 2514 partam,
921 2465 1036 2501 vobis
1068 2464 1204 2501 eadem
1234 2463 1276 2500 vi
1307 2462 1442 2500 facitis
1473 2461 1643 2507 irritam,
1680 2472 1771 2508 qua.

329 2534 552 2583 peperistis,
583 2546 661 2570 non
692 2532 750 2569 rei
782 2532 953 2581 publicae
978 2531 1104 2579 magis
1127 2531 1322 2567 universae
1347 2543 1465 2579 quam
1486 2530 1617 2565 vestra
1641 2540 1759 2564 causa

331 2602 506 2638 dictator
552 2599 828 2637 intercessioni
875 2598 996 2635 adero
1042 2611 1299 2646 eversumque
1344 2600 1517 2633 vestrum
1561 2594 1757 2632 auxilium
