1821 2928
351 208 432 246 250
805 220 894 244 Liber
912 219 949 244 x.
987 219 1035 247 (A.
1055 228 1082 245 u.
1103 227 1126 244 c.
1145 220 1216 247 4131.)

292 333 534 382 stipendium
558 334 733 370 militum
760 334 949 371 collatum
976 339 1046 380 est,
1077 347 1208 383 quum,
1239 334 1271 371 si
1288 339 1422 385 spreta
1437 336 1567 385 gloria
1582 336 1724 375 fuisset-

291 401 460 450 captivae
477 402 656 450 pecuniae
673 402 714 439 in
733 402 916 439 aerarium
933 402 1069 448 illatae,
1095 406 1134 439 et
1149 402 1275 439 militi
1292 403 1438 441 donum
1455 404 1545 442 dari
1561 418 1608 442 ex
1623 418 1723 455 prae-

254 470 274 504 7
293 469 340 505 da
373 475 409 506 et
441 469 685 519 stipendium
716 471 890 508 militare
921 470 1105 519 praestari
1136 471 1340 520 potuisset.
1387 472 1533 510 AEdem
1559 473 1725 521 Quirini

292 538 506 584 dedicavit,
548 552 667 588 quam
705 539 748 576 in
779 539 865 588 ipsa
905 538 1165 576 dimicatione
1195 543 1328 577 votam
1373 540 1480 591 apud
1526 541 1724 579 neminem

291 612 465 642 veterem
497 611 698 644 auctorem
730 607 891 644 invenio
925 608 1069 657 (neque
1100 607 1261 645 hercule
1284 611 1366 645 tam
1383 609 1528 657 exiguo
1544 612 1723 659 tempore

292 674 482 723 perficere
512 675 742 725 potuisset);
774 675 824 713 ab
857 676 1052 713 dictatore
1077 679 1190 725 patre
1207 680 1340 714 votam
1364 677 1473 714 filius
1489 677 1627 715 consul
1659 678 1724 714 de-

251 742 275 778 8
294 741 446 779 dicavit
476 744 766 793 exornavitque
796 745 969 782 hostium
1001 744 1158 794 spoliis;
1190 758 1357 793 quorum
1380 749 1491 782 tanta
1506 745 1726 782 multitudo

293 810 379 857 fuit,
425 815 469 848 ut
510 825 589 848 non
620 812 813 861 templum
849 817 1004 850 tantum
1046 813 1255 862 forumque
1296 813 1346 850 iis
1385 818 1611 861 ornaretur,
1657 814 1726 851 sed

292 879 411 915 sociis
444 879 567 916 etiam
599 881 849 931 coloniisque
881 881 1064 919 finitimis
1107 881 1156 918 ad
1193 881 1432 931 templorum
1471 882 1728 931 locorumque

253 946 549 996 9publicorum
589 952 773 986 ornatum
813 949 1102 987 dividerentur.
1162 950 1230 986 Ab
1261 949 1464 999 triumpho
1506 950 1727 987 exercitum

292 1015 333 1052 in
365 1029 506 1064 agrum
519 1016 747 1064 Vescinum,
779 1018 873 1067 quia
904 1019 1016 1067 regio
1049 1032 1094 1055 ea
1125 1018 1267 1055 infesta
1286 1017 1336 1054 ab
1355 1016 1606 1057 Samnitibus
1629 1022 1728 1066 erat,

291 1084 548 1122 hibernatum
579 1085 708 1123 duxit.

230 1152 280 1189 10
411 1152 524 1190 Inter
555 1154 638 1191 haec
671 1153 872 1191 Carvilius
904 1155 1041 1191 consul
1075 1154 1115 1191 in
1146 1153 1311 1191 Etruria
1342 1154 1524 1192 Troilum
1553 1154 1727 1204 primum

294 1233 525 1270 oppugnare
543 1222 719 1268 adortus,
748 1222 1064 1271 quadringentos
1082 1223 1338 1271 septuaginta
1356 1222 1587 1270 ditissimos,
1610 1236 1727 1272 pecu-

228 1289 275 1325 ll
295 1288 362 1325 nia
378 1289 524 1337 grandi
539 1294 688 1339 pactos,
704 1294 750 1327 ut
762 1291 873 1327 abire
890 1290 982 1327 inde
999 1290 1152 1338 liceret,
1179 1291 1344 1338 dimisit,
1362 1295 1533 1329 ceteram
1550 1291 1728 1328 multitu-

295 1357 427 1394 dinem
467 1358 738 1408 oppidumque
776 1359 907 1408 ipsum
938 1358 979 1396 vi
1022 1359 1138 1408 cepit.
1212 1359 1314 1396 Inde
1352 1360 1528 1409 quinque
1567 1359 1729 1397 castella

229 1425 278 1461 12
297 1425 396 1463 locis
429 1425 505 1463 sita
536 1427 700 1464 munitis
732 1427 991 1476 expugnavit.
1045 1426 1156 1465 Caesa
1194 1427 1251 1464 ibi
1282 1428 1457 1465 hostium
1489 1427 1567 1465 duo
1598 1427 1731 1464 millia

296 1493 595 1542 quadringenti,
625 1495 756 1532 minus
773 1495 851 1533 duo
869 1495 1000 1533 millia
1017 1495 1136 1545 capti.
1182 1495 1235 1533 Et
1252 1496 1424 1533 Faliscis
1441 1509 1579 1545 pacem
1595 1499 1729 1546 peten-

295 1561 402 1598 tibus
434 1576 585 1600 annuas
616 1563 795 1600 indutias
827 1563 952 1611 dedit,
985 1567 1125 1613 pactus
1156 1567 1315 1600 centum
1341 1563 1473 1601 millia
1488 1563 1622 1613 gravis
1640 1563 1729 1600 aeris

228 1630 277 1666 13
297 1633 335 1665 et
366 1630 611 1679 stipendium
642 1632 727 1669 eius
758 1632 851 1669 anni
875 1632 1085 1670 militibus.
1145 1632 1224 1669 His
1246 1632 1366 1669 rebus
1383 1632 1493 1679 actis,
1524 1633 1575 1670 ad
1590 1632 1730 1670 trium-

295 1697 416 1746 phum
449 1698 629 1745 decessit,
662 1702 707 1736 ut
730 1700 861 1736 minus
887 1700 1038 1737 clarum
1064 1700 1112 1737 de
1137 1698 1395 1748 Samnitibus,
1427 1714 1545 1750 quam
1564 1701 1729 1750 collegae

229 1765 278 1802 14
293 1766 520 1815 triumphus
550 1767 690 1813 fuerat,
723 1767 781 1804 ita
811 1768 969 1805 cumulo
999 1768 1161 1805 Etrusci
1203 1768 1302 1805 belli
1344 1772 1557 1818 aequatum.
1617 1768 1730 1806 AEris

295 1834 429 1882 gravis
454 1835 550 1873 tulit
574 1835 616 1872 in
643 1835 825 1873 aerarium
848 1839 1027 1873 trecenta
1053 1836 1258 1885 octoginta
1282 1835 1433 1882 millia3
1463 1836 1620 1886 reliquo
1652 1849 1729 1873 aere

296 1901 419 1939 aedem
450 1903 587 1941 Fortis
618 1903 808 1941 Fortunae
841 1904 889 1941 de
919 1904 1119 1941 manubiis
1149 1903 1375 1941 faciendam
1406 1904 1572 1952 locavit,
1603 1917 1729 1954 prope

230 1969 279 2006 15
298 1971 421 2008 aedem
454 1971 540 2009 eius
571 1971 654 2009 deae
685 1971 736 2010 ab
768 1986 861 2021 rege
881 1971 964 2009 Ser.
982 1972 1118 2010 Tullio
1136 1971 1381 2019 dedicatam
1412 1976 1451 2010 et
1467 1971 1665 2010 militibus
1682 1986 1730 2010 ex

295 2039 431 2088 praeda
463 2043 649 2078 centenos
679 2041 793 2078 binos
825 2055 930 2078 asses
962 2045 1002 2078 et
1032 2041 1202 2078 alterum
1238 2043 1395 2077 tantum
1426 2040 1729 2078 centurionibus

295 2110 414 2155 atque
446 2108 659 2156 equitibus,
691 2109 947 2158 malignitate
971 2109 1136 2157 collegae
1162 2108 1315 2157 gratius
1339 2107 1629 2158 accipientibus
1645 2121 1727 2144 mu-

230 2175 278 2212 16
296 2187 380 2221 nus,
412 2174 560 2212 divisit.
621 2177 755 2214 Favor
787 2177 961 2214 consulis
991 2180 1145 2214 tutatus
1177 2176 1228 2213 ad
1258 2176 1452 2226 populum
1484 2179 1544 2213 est
1573 2176 1618 2213 L.
1650 2175 1727 2214 Po-

295 2243 484 2280 stumium
514 2244 690 2293 legatum
722 2245 826 2292 eius,
864 2245 954 2294 qui,
989 2244 1097 2281 dicta
1128 2244 1192 2281 die
1224 2258 1246 2282 a
1276 2244 1331 2282 M.
1366 2242 1531 2282 Scantio
1561 2243 1728 2281 tribuno

294 2311 434 2361 plebis,
464 2312 625 2362 fugerat
658 2312 725 2362 [in]
767 2312 988 2362 legatione,
1025 2317 1070 2349 ut
1099 2312 1204 2350 fama
1234 2311 1408 2358 ferebat,
1450 2311 1592 2362 populi
1622 2311 1729 2349 iudi-

296 2379 416 2425 cium;
448 2380 670 2429 iactarique
701 2380 828 2429 magis
860 2393 978 2430 quam
1019 2380 1159 2429 peragi
1196 2380 1397 2418 accusatio
1436 2379 1519 2416 eius
1559 2383 1728 2429 poterat.

159 2442 214 2490 47
410 2447 565 2485 Exacto
582 2448 661 2485 iam
685 2461 788 2485 anno
806 2448 901 2485 novi
917 2448 1074 2485 tribuni
1092 2448 1223 2498 plebis
1239 2447 1519 2497 magistratum
1536 2447 1727 2493 inierant3

294 2515 436 2564 hisque
467 2516 578 2566 ipsis,
610 2515 705 2565 quia
734 2516 832 2552 vitio
865 2516 989 2553 creati
1021 2520 1149 2562 erant,
1192 2516 1369 2566 quinque
1406 2519 1497 2565 post
1537 2514 1621 2552 dies
1652 2514 1726 2552 alii

254 2584 276 2620 2
296 2583 462 2621 suffecti.
522 2583 712 2621 Lustrum
744 2583 948 2620 conditum
980 2597 1024 2621 eo
1064 2597 1165 2620 anno
1207 2587 1266 2620 est
1299 2596 1321 2620 a
1351 2582 1397 2620 P.
1430 2582 1615 2620 Cornelio
1647 2582 1726 2619 Ar-

294 2652 398 2698 vina,
430 2651 471 2688 C.
502 2651 664 2689 Marcio·
688 2651 829 2689 Rutilo
863 2651 1112 2697 censoribus;
1145 2664 1260 2689 censa
1291 2649 1465 2699 capitum
1495 2649 1624 2687 millia
1656 2649 1726 2687 du·
