1821 2928
287 130 369 168 268
682 126 798 161 Liber
822 126 868 161 V.
917 127 978 171 (A.
1002 138 1039 160 u.
1065 137 1095 161 c.
1121 126 1328 171 353—354.)

248 256 271 292 9
289 253 440 291 tradita
471 253 644 292 Faliscis
674 254 858 292 Romana
890 257 1030 291 castra.
1091 252 1235 291 Omnia
1260 253 1358 300 fieri,
1388 256 1434 290 ut
1465 257 1723 292 consenescat

287 326 337 363 ad
370 325 495 364 Veios
528 326 727 372 iuventus,
757 339 830 363 nec
862 325 910 363 de
938 325 1046 374 agris
1074 338 1148 361 nec
1177 325 1225 363 de
1252 325 1341 363 aliis
1361 324 1578 364 commodis
1594 325 1725 375 plebis

286 398 388 435 ferre
421 396 470 435 ad.
501 397 692 447 populum
723 397 877 435 tribuni
908 396 1212 447 frequentiaque
1235 397 1389 434 urbana
1419 397 1623 434 celebrare
1655 409 1721 435 ac-

221 470 271 506 10
288 469 417 506 tiones
444 472 483 506 et
505 470 691 506 resistere
715 469 1002 519 conspirationi
1032 469 1294 518 patriciorum
1317 468 1483 518 possint.
1524 467 1723 506 Praeiudi-

288 540 391 578 cium
423 540 500 578 iam
534 541 582 578 de
614 541 694 578 reis
726 543 766 578 et
798 540 847 578 ab
879 544 1016 578 senatu
1058 543 1096 577 et
1128 540 1177 577 ab
1210 541 1358 590 populo
1389 540 1572 578 Romano
1603 543 1644 578 et
1673 540 1724 578 ab

224 613 269 651 11
292 613 471 662 ipsorum
504 612 670 661 collegis
703 613 849 650 fact-um
883 626 985 659 esse;
1016 626 1107 649 nam
1135 615 1173 649 et
1203 615 1363 649 senatus
1388 613 1570 650 consulto
1589 625 1655 650 eos
1673 612 1724 650 ab

287 697 330 721 re
356 684 521 734 publica
545 688 718 722 remotos
746 698 842 734 esse,
877 688 915 721 et
946 687 1173 721 recusantes
1206 684 1391 722 abdicare
1423 698 1464 722 se
1489 684 1727 733 magistratu

289 755 498 794 dictatoris
529 759 636 794 metu
667 757 716 794 ab
749 756 913 804 collegis
945 757 1138 793 coercitos
1171 770 1265 805 esse,
1299 759 1338 793 et
1367 757 1559 806 populum
1575 755 1723 794 Roma-

288 841 382 864 num
398 829 580 865 tribunos
598 842 758 874 creasse,
778 828 847 877 qui
871 841 949 864 non
972 827 1104 864 idibus
1122 827 1424 874 Decembribus,
1442 828 1507 865 die
1523 828 1723 877 sollemni,

289 899 357 937 sed
375 900 574 949 extemplo
593 900 771 937 calendis
795 898 1037 937 Octobribus
1072 900 1348 948 magistratum
1366 899 1607 950 occiperent,
1626 900 1722 949 quia

290 974 395 1009 stare
427 971 578 1009 diutius
610 986 672 1008 res
703 971 865 1021 publica
895 971 956 1009 his
988 972 1241 1009 manent-ibus
1288 972 1331 1008 in
1377 972 1614 1020 magistratu
1644 985 1724 1010 non

222 1043 271 1079 12
290 1046 443 1093 posset3
476 1047 514 1080 et
542 1048 673 1080 tamen
705 1056 786 1092 eos,
818 1046 878 1080 tot
909 1043 1072 1081 iudiciis
1113 1044 1313 1081 confossos
1343 1043 1727 1094 praedamnatosque,

289 1115 425 1152 venire
458 1115 508 1152 ad
538 1115 680 1164 populi
711 1116 906 1153 iudicium
939 1119 976 1152 et
1008 1115 1250 1164 existimare,
1299 1116 1506 1155 defunctos
1551 1129 1592 1153 se
1639 1129 1722 1154 esse

289 1187 463 1236 satisque
480 1200 688 1236 poenarum
707 1187 878 1236 dedisse,
897 1187 1002 1236 quod
1021 1187 1174 1225 duobus
1205 1187 1410 1225 mensibus
1436 1187 1554 1224 citius
1578 1187 1727 1237 privati

224 1259 273 1296 13
291 1259 386 1296 facti
404 1259 497 1308 sint,
526 1272 652 1308 neque
678 1259 916 1307 intelligere,
933 1259 1102 1296 nocendi
1120 1259 1197 1296 sibi
1215 1244 1368 1296 diutius
1383 1262 1468 1296 tum
1485 1262 1726 1308 potestatem

288 1335 462 1380 ereptam
481 1345 575 1380 esse,
610 1345 690 1368 non
713 1344 871 1380 poenam
894 1330 1130 1379 irrogatam;
1164 1331 1312 1380 quippe
1347 1334 1387 1368 et
1418 1331 1584 1380 collegis
1609 1331 1724 1369 abro-

223 1402 271 1438 14
290 1406 426 1451 gatum
459 1403 684 1452 imperium,
718 1403 783 1452 qui
804 1405 909 1440 certe
932 1402 1036 1439 nihil
1052 1402 1330 1452 deliquissent.
1374 1403 1474 1440 Illos
1498 1405 1728 1453 repeterent

288 1475 440 1511 animos
459 1475 650 1522 Quirites,
683 1488 782 1524 quos
813 1475 965 1511 recenti
997 1474 1109 1511 clade
1137 1478 1301 1524 accepta
1324 1475 1570 1523 habuissent,
1603 1488 1724 1524 quum

286 1546 381 1595 fuga
397 1547 610 1596 trepidum,
642 1547 802 1596 plenum
820 1547 1040 1595 vulnerum,
1066 1560 1152 1583 cum
1170 1560 1318 1596 pavore
1334 1546 1579 1585 incidentem
1596 1547 1727 1596 portis

288 1619 504 1655 exercitum
530 1618 719 1666 viderint,
754 1631 833 1655 non
864 1619 1064 1656 fortunam
1096 1623 1165 1656 aut
1192 1633 1429 1669 quemquam
1455 1619 1630 1665 deorum,
1655 1618 1725 1656 sed

223 1690 272 1727 15
291 1689 362 1726 hos
409 1690 528 1726 duces
573 1694 833 1727 accusantem.
894 1689 975 1726 Pro
1016 1694 1122 1727 certo
1163 1703 1203 1727 se
1250 1691 1407 1738 habere,
1453 1690 1653 1728 neminem
1683 1689 1725 1727 in

289 1762 473 1799 contione
506 1766 623 1807 stare,
657 1762 726 1811 qui
754 1762 823 1799 illo
849 1761 914 1798 die
937 1775 1016 1799 non
1048 1765 1179 1811 caput,
1214 1762 1372 1799 domum
1403 1762 1662 1811 fortunasque
1678 1761 1726 1798 L.

225 1834 273 1871 16
294 1832 482 1882 Verginii
514 1847 557 1870 ac
590 1834 658 1870 Μ’.
691 1832 823 1882 Sergii
855 1834 905 1870 sit
937 1836 1163 1871 exsecratus
1196 1833 1502 1884 detestatusque.
1556 1832 1726 1870 Minime

291 1905 517 1953 convenire,
551 1905 698 1954 quibus
730 1907 853 1943 iratos
886 1905 1053 1955 quisque
1077 1905 1170 1942 deos
1196 1908 1381 1955 precatus
1397 1906 1462 1955 sit,
1494 1906 1536 1943 in
1567 1904 1622 1943 iis
1653 1918 1726 1942 sua

289 1980 496 2025 potestate,
530 1990 651 2026 quum
686 1977 804 2014 liceat
835 1980 874 2014 et
912 1980 1106 2027 oporteat,
1138 1991 1216 2014 non
1247 1977 1320 2016 uti.
1383 1977 1599 2027 Nunquam
1630 1976 1725 2014 deos

292 2048 401 2097 ipsos
432 2049 643 2086 admovere
676 2049 914 2086 nocentibus
945 2063 1103 2095 manus;
1149 2049 1243 2086 satis
1291 2063 1390 2099 esse,
1437 2049 1471 2087 si
1517 2048 1726 2086 occasione

164 2116 214 2164 12
288 2119 512 2156 ulciscendi
543 2119 658 2157 laesos
690 2124 855 2158 arment.
903 2121 980 2158 His
1007 2115 1258 2158 orationibus
1276 2121 1444 2158 incitata
1467 2120 1581 2170 plebs
1614 2120 1725 2157 denis

291 2191 468 2228 millibus
487 2192 576 2228 aeris
594 2192 727 2240 gravis
744 2206 830 2229 reos
848 2192 1097 2242 condemnat,
1115 2193 1379 2243 nequicquam
1398 2191 1538 2241 Sergio
1550 2191 1725 2230 Martem

291 2275 537 2300 communem
570 2262 666 2300 belli
690 2264 968 2314 fortunamque
988 2268 1212 2314 accusante,
1245 2264 1443 2313 Verginio
1469 2260 1725 2313 deprecante,

251 2335 273 2371 2
292 2347 341 2371 ne
372 2334 570 2371 infelicior
602 2334 709 2371 domi
740 2348 854 2384 quam
887 2336 1042 2373 militiae
1071 2339 1183 2373 esset.
1228 2336 1279 2373 In
1308 2336 1380 2373 hos
1409 2349 1524 2374 versa
1555 2335 1614 2372 ira
1652 2347 1722 2385 po-

289 2405 377 2455 puli
409 2405 673 2455 cooptationis
703 2406 956 2443 tribunorum
987 2407 1220 2457 fraudisque
1252 2411 1392 2445 contra
1421 2407 1549 2456 legem
1575 2406 1725 2444 Trebo-

289 2477 397 2514 niam
427 2477 542 2514 factae
573 2477 800 2514 memoriam
831 2478 1036 2515 obscuram
1067 2479 1175 2519 fecit.

251 2549 274 2586 3
407 2548 592 2586 Victores
622 2548 789 2597 tribuni,
822 2553 867 2585 ut
895 2553 1133 2598 praesentem
1165 2550 1384 2587 mercedem
1415 2548 1556 2586 iudicii
1586 2548 1723 2598 plebes

290 2619 465 2667 haberet,
491 2620 619 2668 legem
637 2619 831 2669 agrariam
856 2620 1125 2670 promulgant,
1149 2620 1425 2669 tributumque
1442 2620 1613 2658 conferri
1630 2633 1722 2670 pro-

249 2691 275 2727 4
293 2690 443 2741 hibent,
463 2705 583 2741 quum
599 2695 660 2729 tot
675 2690 916 2728 exercitibus
934 2690 1133 2740 stipendio
1161 2704 1259 2741 opus
1284 2694 1397 2741 esset,
1416 2704 1558 2741 resque
1575 2691 1724 2730 militia
