1821 2928
525 89 640 125 Liber
663 89 738 125 III.
788 91 851 131 (A.
878 89 942 124 Ch.
969 91 1064 132 446.)
1436 92 1515 131 195

74 231 162 256 011111
194 231 356 256 assensu
388 219 508 257 etiam
540 218 672 256 audiri
704 217 1095 264 animadvertissent,
1128 218 1222 255 deos
1253 216 1514 268 hominesque

73 292 286 340 testantes,
326 290 524 339 flagitium
558 291 702 340 ingens
733 289 840 338 fieri,
880 293 1038 340 patrum
1070 290 1266 339 primores
1299 292 1516 328 arcessunt.

74 361 174 399 Cum
208 362 257 400 iis
289 362 501 400 circumire
531 363 678 412 tribus,
710 375 839 411 orare,
871 375 920 399 ne
951 361 1167 411 pessimum
1194 361 1348 399 facinus
1371 361 1508 411 peiore
1527 362 1550 397 2

73 434 255 484 exemplo
288 434 549 472 admitterent
574 435 727 472 iudices
743 435 785 472 in
802 447 912 471 suam
930 447 1013 470 rem
1029 433 1143 471 litem
1159 434 1365 481 vertendo,
1396 446 1516 484 quum

72 505 317 555 praesertim,
348 506 505 544 etiamsi
535 508 594 544 fas
626 507 679 544 sit
711 519 847 544 curam
878 505 1136 543 emolumenti
1169 506 1230 543 sui
1261 505 1387 543 iudici
1420 518 1513 543 esse.

71 590 325 627 nequaquam
366 582 522 616 tantum
563 591 660 627 agro
702 576 995 628 intercipiendo
1035 577 1282 627 acquiratur,
1323 581 1513 627 quantum

72 650 281 687 amittatur
297 649 524 688 alienandis
540 650 692 688 iniuria
708 651 905 688 sociorum
923 649 1076 687 animis.
1102 648 1204 687 Nam
1222 649 1336 688 famae
1348 649 1507 699 quidem
1527 650 1550 687 3

71 735 117 760 ac
146 721 239 759 fidei
272 721 417 760 damna
447 722 602 761 maiora
626 735 721 769 0880,
754 735 873 772 quam
899 734 988 771 quae
1013 721 1203 759 aestimari
1220 725 1399 772 possent:
1431 722 1506 760 1100

70 795 223 845 legatos
253 794 403 831 referre
435 794 618 842 domum,
660 795 734 832 hoc
764 794 944 843 vulgari,
982 794 1056 831 hoc
1087 794 1216 831 socios
1250 794 1410 840 audire,
1442 793 1514 831 hoc

69 867 215 913 hostes,
246 879 326 917 quo
358 879 446 904 cum
478 866 615 904 dolore
646 867 730 916 hos,
763 879 842 916 quo
860 879 948 904 cum
965 864 1114 915 gaudio
1132 865 1256 904 illos?
1288 865 1504 916 Scaptione
1522 866 1547 902 4

69 939 154 986 hoc,
185 938 404 976 contionali
435 938 531 985 seni,
563 938 839 987 assignaturos
869 941 1059 988 putarent
1088 937 1282 975 finitimos
1313 938 1517 988 populos?

71 1009 234 1049 Clarum
265 1010 340 1048 hac
372 1010 458 1048 fore
488 1010 665 1060 imagine
697 1010 926 1061 Scaptium;
957 1010 1027 1048 sed
1057 1010 1254 1061 populum
1287 1010 1512 1049 Romanum

69 1082 399 1133 quadruplatoris
431 1086 471 1120 et
502 1083 785 1133 interceptoris
817 1083 901 1121 litis
933 1082 1073 1120 alienae
1096 1095 1310 1133 personam
1327 1082 1513 1120 laturum.

69 1154 195 1202 Quem
228 1154 333 1192 enim
359 1155 435 1192 1100
459 1155 629 1205 privatae
653 1154 711 1193 rei
737 1154 913 1192 iudicem
930 1155 1084 1201 fecisse,
1115 1157 1160 1192 ut
1185 1154 1266 1192 sibi
1285 1158 1512 1193 controver-
1535 1152 1558 1190 5

66 1226 211 1265 siosam
242 1225 500 1264 adiudicaret
523 1226 638 1265 rem?
679 1225 886 1277 Scaptium
903 1227 1032 1277 ipsum
1051 1226 1093 1263 id
1111 1225 1287 1276 quidem,
1320 1227 1395 1264 etsi
1412 1239 1512 1276 prae·

65 1299 214 1336 mortui
246 1299 324 1336 iam
355 1299 409 1337 sit
439 1299 625 1349 pudoris,
666 1312 746 1336 non
776 1299 988 1336 facturum.
1051 1297 1151 1335 Haec
1183 1298 1386 1346 consules,
1425 1297 1511 1336 haec
1530 1297 1555 1334 6

66 1374 201 1421 patres
232 1371 528 1417 vociferantur;
574 1370 642 1408 sed
680 1370 771 1420 plus
803 1370 1002 1420 cupiditas
1033 1372 1073 1407 et
1104 1373 1243 1408 auctor
1274 1370 1510 1420 cupiditatis

65 1441 254 1492 Scaptius
284 1442 402 1480 valet.
450 1441 615 1480 Vocatae
645 1442 775 1480 tribus
808 1442 1095 1489 iudicaverunt,
1127 1455 1266 1491 agrum
1292 1441 1501 1492 publicum

62 1514 203 1565 populi
234 1513 407 1552 Romani
439 1526 535 1552 esse.
609 1513 693 1552 Nec
725 1513 918 1552 abnuitur
948 1514 1004 1552 ita
1034 1513 1169 1561 fuisse,
1199 1514 1233 1552 si
1263 1513 1315 1552 ad
1346 1514 1500 1552 iudices
1518 1513 1540 1549 7

64 1586 166 1624 alios
197 1586 298 1624 itum
322 1586 447 1633 foret;
478 1599 584 1624 nunc
609 1585 713 1624 haud
738 1599 832 1624 sane
849 1587 1065 1636 quicquam
1083 1586 1188 1624 bono
1206 1599 1335 1624 causae
1353 1586 1510 1624 levatur

64 1657 238 1697 dedecus
264 1657 426 1705 iudicii3
460 1657 584 1708 idque
602 1671 682 1696 non
699 1658 883 1696 Aricinis
901 1657 1232 1708 Ardeatibusque
1249 1671 1367 1709 quam
1384 1659 1510 1709 patri-

63 1730 139 1769 bus
169 1729 364 1768 Romanis
395 1729 542 1768 foedius
573 1734 694 1780 atque
726 1730 909 1768 acerbius
939 1730 1080 1768 visum.
1155 1730 1375 1781 Reliquum
1415 1731 1509 1769 anni

64 1803 246 1852 quietum
279 1802 328 1840 ab
360 1802 527 1840 urbanis
558 1801 735 1840 motibus
768 1806 807 1839 et
838 1802 886 1839 ab
920 1802 1095 1841 externis
1125 1803 1286 1842 mansit.

1225 2746 1287 2778 13*
