1821 2928
672 239 763 266 Liber
779 239 818 265 x,
855 239 903 269 (A.
923 239 975 267 ch.
994 241 1067 271 2⁹⁷.)
1413 231 1496 269 213

108 369 160 395 ne
189 355 240 394 ab
272 356 399 394 altero
431 356 608 394 exercitu
637 356 794 405 integro
826 357 1057 406 int-actoque
1094 356 1190 394 fessi
1220 356 1552 406 opprimerentur.

110 423 191 464 Sed
221 425 317 479 quia
346 425 494 476 passim
524 425 566 462 in
596 424 731 474 fugam
762 424 948 475 dissipati
977 428 1082 472 sunt,
1112 425 1243 462 minor
1271 425 1402 463 eaedes
1432 438 1552 476 quam
1569 426 1620 463 21

108 507 181 544 pro
226 496 340 532 tanta
378 494 548 531 victoria
586 493 674 530 fuit.
744 492 841 531 Tria
882 493 1011 531 millia
1050 496 1089 531 et
1127 493 1413 543 quadringenti
1451 493 1555 541 eaesi,

109 563 219 614 capti
258 562 478 611 octingenti
509 562 632 600 ferme
664 566 703 599 et
731 563 917 612 triginta3
954 562 1072 610 signa
1102 561 1295 600 militaria
1327 565 1444 612 capta
1473 562 1555 600 tria

109 634 149 668 et
177 631 336 681 viginti.

223 697 475 738 Samnitibus
506 697 635 749 Apuli
665 712 706 736 se
738 702 828 736 ante
859 698 1045 749 proelium
1077 698 1395 746 coniunxissent,
1433 699 1477 737 ni
1506 698 1553 736 P.
1629 694 1684 742 15

106 767 258 807 Decius
290 767 427 806 consul
461 768 510 805 iis
542 768 593 805 ad
625 767 898 805 ‘Maleventum
930 770 1059 805 castra
1093 767 1322 814 obiecisset,
1353 772 1553 807 extractos

108 837 253 875 deinde
269 836 319 874 ad
344 840 543 874 certamen
568 836 748 874 fudisset.
807 836 873 873 Ibi
905 849 1063 886 quoque
1086 836 1178 887 plus
1199 836 1304 885 fugae
1327 837 1406 874 fuit
1431 850 1551 886 quam
1568 837 1592 873 2

108 905 248 952 caedis3
280 905 359 943 duo
383 905 514 942 millia
530 905 760 955 Apulorum
785 917 902 951 oaesa3
941 908 1156 955 spretoque
1177 919 1222 943 eo
1245 905 1371 952 hoste,
1402 905 1553 943 Decius

106 974 149 1011 in
179 972 387 1012 Samnium
433 974 609 1023 legiones
657 974 782 1011 duxit.
851 973 920 1011 Ibi
959 974 1037 1011 duo
1077 973 1306 1012 consulares
1345 974 1593 1020 exercitus,3

107 1042 278 1080 diversis
309 1042 447 1091 vagati
478 1043 682 1093 partibus,
720 1042 853 1081 omnia
883 1043 1014 1092 spatio
1047 1043 1223 1092 quinque
1253 1055 1433 1080 mensum
1464 1056 1554 1080 eva-

105 1113 276 1149 starunt.
338 1110 617 1161 Quadraginta
648 1114 688 1148 et
725 1112 901 1161 quinque
938 1111 1025 1149 loca
1063 1111 1104 1148 in
1136 1109 1299 1148 Samnio
1336 1110 1465 1158 fuere,
1509 1110 1594 1149 in4

105 1179 252 1230 quibus
269 1179 390 1218 Decii
420 1183 552 1217 castra
579 1179 752 1227 fuerunt,
783 1180 949 1217 alterius
974 1179 1150 1217 consulis
1175 1193 1243 1217 sex
1266 1183 1306 1217 et
1330 1180 1550 1229 octoginta3

104 1261 176 1286 nec
206 1248 305 1286 valli
333 1251 492 1286 ‘tantum
523 1262 568 1286 ac
600 1249 798 1287 fossarum
827 1249 997 1298 vestigia
1026 1249 1181 1295 relicta,
1213 1247 1284 1286 sed
1314 1249 1442 1287 multo
1466 1248 1549 1286 illis
1568 1248 1591 1285 5

58 1362 63 1366 ἡ
103 1316 329 1366 insigniora
359 1321 615 1355 monumenta
645 1317 850 1356 vastitatis
883 1318 988 1355 circa
1017 1317 1308 1366 regionumque
1333 1317 1551 1367 depopula-

102 1389 247 1423 tarum.
306 1385 459 1424 Fabius
492 1387 612 1424 etiam
643 1387 783 1423 urbem
801 1385 1017 1423 Cimetram
1042 1387 1158 1436 cepit.
1203 1385 1271 1423 Ibi
1287 1389 1405 1436 capta
1421 1399 1548 1424 arma-
1568 1386 1590 1422 6

104 1457 239 1492 torum
271 1453 350 1492 duo
384 1455 511 1492 millia
548 1455 761 1504 nongenti,
807 1455 898 1491 caesi
935 1459 1159 1505 pugnantes
1197 1454 1321 1492 ferme
1358 1454 1552 1503 nongenti

103 1522 286 1571 triginta.

219 1590 322 1629 Inde
353 1591 608 1629 comitiorum
640 1605 759 1629 causa
789 1590 962 1629 Romam
992 1592 1196 1642 profectus
1227 1591 1448 1629 maturavit
1464 1604 1550 1629 eam
1570 1591 1592 1627 7

104 1673 188 1697 rem
225 1673 356 1709 agere.
433 1659 565 1707 Quum
601 1661 734 1711 primo
771 1663 926 1698 vocatae
957 1659 1004 1707 Q.
1036 1660 1211 1698 Fabium
1250 1660 1453 1699 consulem
1491 1660 1550 1698 di-

105 1731 242 1766 cerent
272 1741 408 1766 omnes
441 1730 642 1777 centuriae,
673 1730 782 1780 App.
808 1729 1014 1776 Claudius,
1046 1729 1269 1767 consularis
1300 1729 1549 1774 candidatus,
1567 1729 1592 1765 8

102 1797 167 1834 vir
196 1811 287 1835 acer
318 1801 358 1835 et
388 1798 645 1846 ambitiosus,
690 1813 770 1836 non
802 1799 864 1836 sui
895 1797 1023 1847 magis
1054 1797 1218 1835 honoris
1250 1811 1386 1845 causa,
1432 1811 1552 1847 quam

103 1868 149 1902 ut
177 1865 342 1915 patricii
372 1870 658 1916 recuperarent
689 1867 767 1904 (luo
799 1867 1026 1905 consularia
1058 1867 1156 1913 loca,
1189 1879 1311 1915 quum
1343 1866 1435 1912 suis,
1465 1869 1551 1903 tum

103 1933 228 1971 totius
259 1934 487 1972 nobilitatis
517 1934 673 1972 viribus
706 1935 909 1983 incubuit,
944 1935 990 1973 m?
1021 1948 1061 1972 se
1094 1947 1182 1971 culn
1216 1933 1262 1981 Q.
1293 1934 1424 1972 Fabio
1458 1947 1549 1972 con-

103 2002 230 2040 sulem
262 2002 451 2040 dicerent.
512 2002 662 2040 Fabius
693 2003 824 2052 primo
856 2003 903 2040 de
936 2018 976 2041 se
1007 2003 1147 2041 eadem
1177 2002 1271 2049 fere,
1304 2016 1391 2052 quae
1413 2003 1548 2053 priore
1568 2003 1590 2040 9

104 2084 220 2118 anno,
253 2071 425 2108 dicendo
459 2071 644 2108 abnuere.
706 2070 977 2109 Circumstare
1010 2072 1148 2109 sellam
1181 2072 1307 2110 omnis
1338 2071 1550 2118 nobilitas3

105 2153 229 2186 orare,
260 2143 305 2177 ut
336 2154 384 2177 ex
415 2153 523 2177 caeno
557 2139 714 2189 plebeio
747 2140 997 2177 consulatum
1029 2140 1257 2178 extraheret
1286 2140 1550 2178 maiestatem-

104 2221 180 2258 que
211 2208 426 2258 pristinam
459 2221 580 2258 quum
612 2208 766 2255 honori,
802 2212 888 2245 tum
918 2209 1101 2258 patriciis
1131 2208 1320 2258 gentibus
1350 2207 1550 2246 redderet.

103 2275 270 2323 Fabius,
301 2276 464 2314 silentio
496 2277 614 2323 sacto,
645 2277 778 2314 media
796 2277 978 2315 oratione
1003 2277 1137 2315 studia
1155 2277 1361 2315 hominum
1378 2277 1547 2323 sedavit3
1569 2278 1620 2314 10

102 2346 301 2383 facturum
333 2346 439 2382 enim
472 2359 512 2382 se
543 2345 664 2382 fuisse
696 2345 813 2392 dixit,
844 2349 889 2383 ut
920 2346 1089 2384 duorum
1112 2347 1374 2396 patriciorum
1391 2345 1551 2383 nomina

102 2413 311 2464 reciperet,
353 2414 386 2450 si
427 2413 550 2450 alium
582 2427 700 2463 quam
732 2427 773 2451 se
804 2415 1004 2452 consulem
1034 2412 1122 2452 fieri
1152 2414 1322 2460 videret3
1370 2427 1476 2451 nunc
1507 2427 1546 2451 se
1567 2414 1614 2450 11

103 2495 215 2520 suam
245 2482 441 2520 rationem
473 2481 657 2528 comitiis,
689 2495 810 2531 quum
843 2486 982 2521 contra
1013 2483 1121 2532 leges
1152 2484 1331 2520 futurum
1361 2482 1431 2529 sit,
1463 2495 1547 2531 pes-

104 2550 206 2589 simo
238 2551 422 2600 exemplo
454 2564 533 2587 non
570 2549 812 2587 habiturum.
886 2550 952 2588 lta
982 2551 1027 2589 L.
1059 2551 1302 2590 Volumnius
1341 2550 1390 2588 (le
1427 2550 1542 2600 plebe
1564 2550 1612 2587 12

104 2632 193 2657 eum
208 2618 318 2670 App.
338 2618 510 2656 Claudio
543 2618 683 2655 consul
708 2621 768 2655 est
783 2618 923 2665 factus,
954 2620 1087 2669 priore
1103 2620 1198 2657 item
1216 2619 1426 2657 consulatu
1443 2619 1548 2656 inter

103 2700 144 2724 se
175 2688 408 2737 comparati.
483 2686 686 2724 Nobilitas
717 2687 919 2725 obiectare
956 2688 1104 2735 Fabio,
1134 2688 1285 2737 fugisse
1317 2700 1406 2725 eum
1436 2686 1546 2737 App.
