1821 2928
295 478 375 545 T.
451 476 904 547 MACCII
977 478 1447 548 PLAUTI

620 616 1115 665 OOMOEDIAE.

506 750 800 786 REOENSUIT
825 750 892 785 ET
916 750 1229 787 ENARRAVIT

718 845 741 885 I.
774 846 802 885 L.
834 846 855 884 U
866 846 882 885 S
893 847 909 885 S
922 846 932 884 1
943 846 962 884 N
973 848 1007 890 G,

609 924 840 951 PROFESSOR
859 924 1119 951 HAUNIENSIS.

762 1025 903 1070 VOL.
936 1026 973 1068 Ι.

442 1117 879 1154 AMPHITRUONEM
903 1118 969 1153 ΕΤ
993 1117 1294 1153 ASINARIAM

146 1183 256 1219 CUM
293 1185 703 1223 PROLEGOMENIS
740 1187 806 1221 ET
843 1186 1248 1222 COMMENTARHS
1286 1187 1589 1224 CONTINENS.

259 1345 474 1419 Criticam
490 1376 796 1420 Plautinarum
821 1377 1135 1419 comoediarum
1159 1377 1462 1420 condicionem
1490 1391 1590 1419 oon-

142 1460 230 1498 stat
259 1456 498 1499 admodum
529 1457 769 1512 simplicem
802 1472 917 1510 esse,
950 1459 1232 1513 priorumque
1257 1462 1510 1501 contextum
1535 1459 1590 1501 ab

141 1551 227 1579 uno
252 1537 342 1579 fere
367 1538 517 1580 codice
540 1538 748 1592 pendere,
781 1539 1075 1591 posteriorum
1098 1554 1124 1582 a
1148 1538 1331 1592 duobus,
1364 1539 1446 1581 nisi
1472 1539 1591 1593 quod

142 1617 289 1659 multis
334 1617 440 1660 locis
485 1618 657 1660 accedit
701 1618 1061 1673 pretiosissimum
1106 1619 1391 1662 Ambrosiam
1437 1620 1590 1674 palim-

142 1698 277 1752 psesti
308 1697 562 1740 subsidium.
622 1697 962 1753 Amphitruonis
994 1699 1127 1752 igitur
1166 1703 1209 1741 et
1239 1700 1456 1742 Asinariae
1491 1713 1592 1741 oon-

141 1782 309 1820 textum
342 1778 498 1831 editor,
530 1782 580 1820 ut
613 1779 858 1833 oportebat,
891 1779 948 1820 ad
973 1779 1136 1821 codicis
1160 1779 1591 1822 Palatino-Vaticani

141 1857 272 1900 fidem
305 1859 450 1913 exegit
478 1860 553 1911 ita,
586 1863 647 1912 ut,
682 1859 890 1913 quioquid
922 1859 975 1901 ab
1005 1873 1055 1901 eo
1081 1859 1397 1913 digrederetur,
1429 1860 1474 1900 in
1504 1860 1592 1901 imo

141 1938 334 1991 margine
367 1938 608 1990 adnotaret,
648 1939 841 1980 rationes
872 1943 1019 1981 autem
1049 1939 1117 1980 vel
1153 1942 1332 1981 mutatae
1365 1940 1592 1993 scripturae

140 2017 220 2069 vel,
253 2017 328 2059 ubi
358 2018 454 2060 aliis
487 2023 637 2060 contra
669 2019 806 2060 visum
840 2023 952 2070 erat,
986 2023 1169 2061 retentae
1200 2019 1246 2060 in
1277 2020 1590 2062 commentario

141 2097 330 2140 afferret.
395 2097 484 2141 Sed
514 2099 558 2139 in
588 2102 713 2140 textu
738 2098 1044 2140 constituendo
1068 2103 1115 2140 ut
1144 2113 1310 2141 errores
1334 2099 1592 2141 manifestos

141 2178 428 2221 removendos
461 2178 667 2221 censebat
716 2183 770 2230 et,
821 2178 1029 2233 quicquid
1077 2183 1152 2220 aut
1190 2193 1216 2221 a
1257 2179 1476 2221 sententia
1506 2179 1591 2221 loci

142 2258 333 2300 alienum
381 2263 494 2301 esset
540 2263 616 2300 aut
663 2259 794 2301 certis
840 2260 1050 2301 sermonis
1095 2259 1263 2313 legibus
1308 2264 1588 2314 repugnaret,

144 2338 478 2391 emendandum,
512 2339 547 2380 si
581 2338 829 2381 emendatio
861 2339 1100 2393 probabilis
1132 2339 1340 2390 subesset,
1375 2340 1589 2392 siminus,

142 2418 383 2460 notandum
414 2418 616 2473 putabat,
664 2420 744 2460 ita.
792 2419 866 2460 ubi
898 2420 1038 2460 minus
1072 2424 1192 2461 certa
1222 2433 1290 2461 res
1324 2424 1437 2471 erat,
1487 2419 1590 2461 dum

142 2499 273 2541 modo
316 2512 469 2541 sensus
508 2498 590 2540 loci
632 2504 885 2553 appareret.
933 2499 1078 2553 potius
1126 2499 1287 2541 codicis
1327 2500 1590 2553 scripturam

141 2579 336 2628 retinuit,
371 2593 500 2634 quam
533 2584 582 2620 ut
615 2579 871 2632 corrigendo
905 2578 1080 2620 dubium
1116 2578 1248 2620 dubio
1280 2583 1491 2631 mutaret,
1539 2593 1590 2620 ac

144 2660 329 2701 maxime
371 2660 414 2701 in
455 2673 502 2701 re
543 2659 725 2701 metrica
758 2664 910 2700 cautus
942 2658 1044 2700 fuit.
1091 2658 1230 2700 multa
1261 2672 1339 2700 nos
1373 2662 1416 2700 et
1447 2658 1589 2700 adhuc
