1821 2928
268 149 346 186 158
652 145 765 179 Liber
791 145 864 180 111.
891 146 953 188 (A.
980 156 1014 179 u.
1041 156 1072 180 ο.
1097 146 1305 190 303—304.)

266 288 405 324 parum
452 273 552 313 ausi.
600 271 907 311 obsecundando
955 274 1111 311 mollire
1157 273 1348 323 impetum
1393 275 1696 323 aggrediuntur.

269 345 531 383 Comitiorum
550 344 613 382 illi
630 344 915 393 habendorum,
947 345 1104 395 quando
1130 346 1316 382 minimus
1340 347 1435 383 natu
1459 345 1524 395 sit,
1556 359 1698 386 munus

228 417 461 455 Sconsensu
493 416 718 465 iniungunt.
806 416 888 454 Ars
930 417 1012 454 haec
1053 420 1148 463 erat,
1195 429 1244 454 ne
1284 421 1407 455 semet
1445 417 1531 467 ipse
1562 431 1698 457 creare

266 493 412 538 posset,
459 488 564 538 quod
611 491 759 538 praeter
804 489 990 526 tribunos
1037 488 1146 539 plebi
1185 488 1241 538 (et
1279 488 1320 525 id
1357 488 1487 538 ipsum
1525 491 1698 540 pessimo

268 561 468 610 exemplo)
499 573 611 597 nemo
642 573 816 610 unquam
849 561 1020 599 fecisset.
1096 560 1174 598 Ille
1205 560 1420 609 enimvero,
1462 562 1569 610 quod
1599 562 1700 600 bene

267 635 410 678 vertat,
457 632 684 669 habiturum
725 646 766 669 se
805 632 969 670 comitia
1007 633 1217 682 professus,
1264 632 1593 682 impedimentum
1623 646 1697 684 pro

234 704 482 742 9occasione
514 704 704 754 arripuit,
736 705 982 754 deiectisque
1014 705 1164 742 honore
1195 717 1266 754 per
1296 704 1511 742 coitionem
1543 705 1699 744 duobus

268 775 483 825 Quinctiis,
517 775 748 826 Capitolino
777 780 815 813 et
840 776 1092 823 Cincinnato,
1125 780 1163 813 et
1186 779 1330 827 patruo
1357 790 1427 814 suo
1453 776 1494 814 C.
1519 775 1702 825 Claudio,

268 848 587 886 constantissimo
629 848 714 886 viro
755 849 795 884 in
828 848 1078 897 optimatium
1125 861 1252 895 causa,
1299 852 1338 886 et
1383 848 1476 885 aliis
1522 847 1699 887 eiusdem

267 920 419 969 fastigii
451 920 616 967 civibus,
656 933 909 969 nequaquam
941 919 1154 969 splendore
1184 921 1277 957 vitae
1308 933 1424 970 pares
1455 919 1701 958 decemviros

205 990 256 1028 10
273 996 394 1041 creat,
426 1005 466 1029 se
498 992 538 1029 in
569 992 721 1042 primis,
754 992 859 1041 quod
877 992 984 1029 haud
1002 1005 1113 1030 secus
1130 993 1276 1030 factum
1293 992 1577 1042 improbabant
1591 992 1699 1043 boni,

208 1061 255 1099 11
276 1077 391 1113 quam
422 1077 536 1102 nemo
566 1065 695 1102 facere
727 1076 915 1101 ausurum
947 1064 1186 1103 crediderat.
1263 1063 1397 1102 Creati
1437 1076 1526 1102 cum
1568 1076 1614 1101 eo
1645 1063 1700 1103 M.

270 1135 477 1172 Cornelius
515 1122 820 1185 Maluginensis,
853 1136 907 1173 M.
940 1135 1115 1184 Sergius,
1145 1136 1193 1175 L.
1226 1135 1438 1181 Minucius,
1471 1134 1517 1182 Q.
1549 1134 1702 1173 Fabius

269 1206 512 1254 Vibulanus,
544 1208 593 1255 Q.
627 1208 830 1253 Poetelius,
864 1207 907 1245 T.
940 1207 1146 1246 Antonius
1176 1207 1385 1255 Merenda,
1417 1208 1469 1246 K.
1502 1208 1700 1259 Duillius,

269 1278 337 1329 Sp.
371 1278 525 1329 Oppius
557 1279 766 1329 Cornicen,
799 1279 864 1317 Μ’.
895 1278 1128 1318 Rabuleius.

159 1348 214 1394 36
409 1352 484 1388 Ille
514 1351 604 1389 finis
627 1351 764 1402 Appio
796 1352 937 1389 alienae
968 1365 1147 1402 personae
1172 1352 1347 1390 ferendae
1371 1353 1457 1390 fuit.
1518 1352 1599 1391 Suo
1623 1354 1701 1391 iam

268 1423 360 1460 inde
392 1424 527 1461 vivere
559 1424 719 1472 ingenio
751 1426 873 1474 coepit
903 1437 1104 1474 novosque
1136 1424 1323 1474 collegas,
1357 1425 1433 1462 iam
1468 1425 1702 1475 priusquam

231 1494 254 1530 2
274 1495 423 1532 inirent
448 1496 736 1544 magistratum,
768 1498 808 1533 in
833 1509 924 1534 suos
948 1510 1075 1534 mores
1091 1497 1276 1534 formare.
1337 1495 1527 1543 Quotidie
1543 1497 1705 1535 coibant

268 1568 432 1605 remotis
465 1568 647 1614 arbitris;
694 1568 787 1605 inde
826 1568 1111 1618 impotentibus
1152 1568 1337 1606 instructi
1379 1568 1570 1616 consiliis,
1615 1581 1704 1619 quae

269 1642 422 1676 secreto
453 1639 502 1676 ab
534 1640 628 1676 aliis
653 1641 887 1689 coquebant,
921 1640 999 1676 iam
1023 1639 1130 1676 haud
1151 1640 1444 1678 dissimulando
1461 1640 1702 1690 superbiam,

269 1710 351 1747 rari
384 1710 525 1757 aditus,
558 1712 878 1760 colloquentibus
910 1710 1106 1756 difficiles,
1138 1710 1188 1748 ad
1220 1710 1310 1748 idus
1341 1711 1470 1748 Maias
1500 1725 1584 1749 rem
1614 1725 1703 1762 per-

232 1780 434 1820 3duxere.
510 1782 608 1820 Idus
651 1786 735 1820 tum
775 1783 895 1820 Maiae
937 1783 1148 1820 sollemnes
1186 1782 1371 1821 ineundis
1402 1783 1702 1832 magistratibus

66 1849 263 1916 ἶῑῑὲίῗὲᾆ
275 1857 398 1891 erant.
459 1854 568 1892 Inito
600 1855 725 1904 igitur
756 1855 992 1904 magistratu
1024 1854 1196 1904 primum
1227 1854 1390 1892 honoris
1422 1855 1525 1892 diem
1551 1854 1713 1905 denua-¹

272 1926 438 1964 tiatione
476 1927 649 1976 ingentis
689 1927 856 1965 terroris
903 1926 1099 1976 insignem
1137 1926 1278 1966 fecere.
1353 1925 1455 1965 Nam
1494 1939 1615 1976 quum
1646 1927 1704 1966 ita

271 1998 426 2047 priores
457 1999 670 2036 decemviri
701 2002 938 2044 servassent,
985 2000 1029 2035 ut
1066 2010 1167 2035 unus
1205 1998 1331 2035 fasces
1361 1997 1529 2036 haberet
1558 2002 1598 2037 et
1627 1999 1703 2037 hoc

270 2070 428 2119 insigne
458 2071 614 2120 regium
646 2071 686 2108 in
718 2071 868 2118 orbem,
913 2084 1025 2108 suam
1057 2070 1249 2119 cuiusque
1280 2069 1419 2117 vicem,
1464 2083 1536 2120 per
1567 2083 1702 2109 omnes
1758 2092 1762 2095 «

231 2139 363 2187 4iret,
394 2141 526 2179 subito
558 2156 690 2180 omnes
722 2156 811 2180 cum
843 2143 1037 2180 duodenis
1067 2142 1243 2180 fascibus
1273 2141 1472 2192 prodiere.
1535 2141 1703 2180 Centum

269 2213 415 2261 viginti
445 2213 604 2252 lictores
650 2215 776 2252 forum
815 2215 1077 2265 impleverant
1121 2217 1160 2251 et
1207 2226 1295 2251 cum
1334 2214 1508 2252 fascibus
1545 2226 1704 2252 secures

272 2284 449 2332 illigatas
473 2286 755 2334 praeferebant3
787 2300 859 2324 nec
888 2286 1096 2323 attinuisse
1121 2285 1227 2322 demi
1251 2298 1439 2332 securem,
1469 2298 1592 2335 quum
1618 2285 1704 2323 sine

230 2353 553 2405 5provocatione
584 2358 709 2394 creati
742 2362 883 2406 essent,
926 2357 1304 2407 interpretabantur.
1379 2356 1533 2395 Decem
1563 2369 1702 2407 regum

271 2428 424 2477 species
455 2432 551 2473 erat,
591 2429 961 2478 multiplicatusque
999 2433 1130 2466 terror
1159 2442 1239 2466 non
1270 2428 1417 2466 infimis
1447 2429 1588 2479 solum,
1634 2428 1704 2466 sed

273 2500 515 2549 primoribus
545 2503 718 2550 patrum,
748 2501 846 2537 ratis
879 2500 999 2538 caedis
1030 2513 1187 2538 causam
1219 2513 1263 2538 ac
1293 2500 1534 2551 principium
1565 2501 1703 2549 quaeri,

273 2574 329 2617 ut,
367 2572 401 2609 si
431 2572 519 2621 quis
560 2585 770 2609 memorem
808 2571 1008 2608 libertatis
1045 2585 1181 2610 vocem
1213 2574 1282 2609 aut
1311 2572 1352 2609 in
1383 2574 1522 2609 senatu
1561 2572 1630 2609 aut
1660 2570 1703 2608 in

275 2643 423 2692 populo
449 2644 632 2690 misisset,
664 2643 798 2681 statim
830 2642 955 2691 virgae
981 2655 1218 2692 securesque
1247 2643 1369 2680 etiam
1400 2642 1450 2679 ad
1482 2644 1702 2680 ceterorum

225 2713 250 2750 6
266 2718 413 2752 metum
445 2715 746 2765 expedirentur.
807 2713 909 2751 Nam
939 2716 1206 2764 praeterquam
1229 2713 1336 2763 quod
1358 2713 1400 2751 in
1427 2713 1576 2763 populo
1600 2712 1703 2751 nihil
