1821 2928
255 123 306 159 64
473 101 482 108 ’
704 117 817 152 Liber
842 116 893 152 11.
943 118 1004 160 (A.
1030 128 1066 152 u.
1094 128 1123 152 c.
1150 118 1241 159 ⁶245.)

254 246 301 285 L.
336 245 544 295 Tarquini,
583 257 740 282 remove
772 248 931 284 metum.
993 244 1261 289 Meminimus,
1292 245 1484 282 fatemur:
1527 243 1684 281 eiecisti

256 331 388 366 reges3
434 317 596 354 absolve
628 315 864 354 beneficium
904 319 1029 362 tuum,
1076 316 1187 353 aufer
1224 315 1317 353 hinc
1347 317 1502 365 regium
1532 327 1687 353 nomen.

255 389 337 426 Res
369 392 457 425 tuas
489 387 566 425 tibi
597 401 676 425 non
700 388 827 426 solum
844 387 1013 425 reddent
1031 387 1137 424 cives
1154 387 1225 436 tui,
1257 390 1417 425 auctore
1435 400 1508 436 me,
1541 387 1621 433 sed,
1653 386 1688 424 si

257 459 356 509 quid
376 458 496 505 deest,
523 458 709 497 munifice
733 449 948 508 augebunt.
998 459 1165 496 Amicus
1183 459 1267 505 abi3
1294 471 1466 497 exonera
1482 458 1689 497 civitatem

255 544 357 568 vano
401 531 569 568 forsitan
611 534 737 576 metu3
789 531 845 568 ita.
882 543 1113 580 persuasum
1155 533 1214 568 est
1253 530 1407 578 animis,
1452 542 1541 568 cum
1571 532 1690 579 gente

215 601 240 637 8
258 602 480 652 Tarquinia
510 615 673 652 regnum
706 602 798 640 hinc
830 602 1070 640 abiturum.“
1121 600 1286 639 Consuli
1315 602 1444 651 primo
1473 605 1554 639 tam
1576 614 1690 640 novae

257 675 315 711 rei
348 687 393 712 ac
424 674 566 711 subitae
597 673 808 712 admiratio
841 673 1059 711 incluserat
1088 686 1243 719 vocem3
1276 673 1406 711 dicere
1430 672 1574 711 deinde
1592 672 1690 710 inci-

259 747 436 796 pientem
453 745 651 795 primores
670 746 842 784 civitatis
860 744 1172 795 circumsistunt,
1198 745 1334 783 eadem
1351 745 1490 782 multis
1505 743 1691 794 precibus

216 819 238 854 9
260 821 386 855 orant.
431 817 485 855 Et
517 818 637 856 ceteri
669 817 831 867 quidem
863 816 1076 854 movebant
1105 817 1251 863 minus;
1282 820 1494 866 postquam
1525 813 1593 866 Sp.
1611 815 1691 853 Lu·

261 889 421 936 cretius,
452 889 578 926 maior
610 892 726 926 aetate
753 903 797 927 ac
823 888 1032 938 dignitate,
1065 901 1176 926 socer
1192 892 1386 938 praeterea
1402 889 1540 939 ipsius,
1573 900 1692 937 agere

257 961 365 998 varie
402 961 582 1010 rogando
624 960 789 998 alternis
826 960 1107 1011 suadendoque
1139 960 1271 1010 coepit,
1314 963 1361 997 ut
1389 960 1498 998 vinci
1529 973 1570 998 se
1600 972 1691 997 con·

191 1033 241 1069 10
259 1045 375 1070 sensu
407 1033 582 1070 civitatis
608 1036 823 1082 pateretur,
853 1033 1001 1070 timens
1019 1032 1167 1078 consul,
1199 1045 1248 1069 ne
1264 1031 1516 1082 postmodum
1532 1031 1693 1081 privato

259 1103 335 1141 sibi
367 1103 503 1142 eadem
535 1104 606 1142 illa
638 1117 725 1142 cum
757 1105 951 1143 bonorum
969 1105 1183 1142 amissione
1200 1104 1418 1154 additaque
1435 1103 1516 1141 alia
1531 1103 1693 1152 insuper

260 1175 480 1223 ignominia
519 1175 756 1226 acciderent,
800 1176 1002 1214 abdicavit
1040 1189 1080 1213 se
1121 1176 1342 1225 consulatu,
1381 1175 1582 1224 rebusque
1611 1174 1695 1212 suis

190 1248 236 1284 11
260 1247 443 1284 omnibus
460 1246 675 1284 Lavinium
705 1248 912 1285 translatis
943 1248 1104 1286 civitate
1123 1247 1253 1285 cessit.
1301 1247 1451 1285 Brutus
1468 1260 1516 1285 ex
1533 1249 1694 1284 senatus

261 1318 441 1356 consulto
475 1319 524 1356 ad
557 1319 749 1368 populum
780 1320 886 1366 tulit,
916 1322 962 1356 ut
983 1332 1119 1357 omnes
1136 1319 1371 1369 Tarquiniae
1388 1318 1520 1369 gentis
1537 1318 1696 1356 exsules

262 1394 409 1437 essent;
445 1390 638 1440 collegam
669 1390 746 1428 sibi
779 1390 948 1428 comitiis
980 1391 1213 1429 centuriatis
1240 1391 1391 1429 creavit
1405 1390 1451 1428 P.
1469 1390 1692 1436 Valerium,

263 1475 340 1512 quo
372 1461 556 1500 adiutore
586 1475 699 1511 reges
731 1462 912 1500 eiecerat.

378 1534 512 1582 Quum
538 1534 644 1572 haud
673 1535 857 1584 cuiquam
882 1534 924 1571 in
951 1534 1071 1572 dubio
1090 1538 1203 1580 esset,
1231 1534 1381 1572 bellum
1398 1534 1448 1572 ab
1465 1532 1698 1583 Tarquiniis

265 1607 486 1652 imminere,
511 1606 552 1642 id
577 1605 739 1655 quidem
767 1619 834 1655 spe
853 1606 1027 1643 omnium
1045 1606 1171 1644 serius
1187 1606 1285 1652 fuit3
1319 1609 1504 1652 ceterum,
1529 1604 1571 1642 id
1587 1604 1696 1654 quod

266 1691 344 1716 non
367 1677 575 1724 timebant,
606 1691 677 1727 per
704 1677 838 1715 dolum
863 1691 907 1715 ao
932 1677 1198 1727 proditionem
1221 1689 1344 1726 prope
1368 1676 1534 1714 libertas
1551 1677 1697 1715 amissa

227 1751 250 1787 2
270 1756 338 1788 est.
387 1750 514 1787 Erant
545 1750 586 1786 in
616 1749 798 1787 Romana
829 1749 1035 1787 iuventute
1066 1749 1336 1787 adolescentes
1368 1748 1532 1797 aliquot,
1564 1760 1635 1786 nec
1666 1747 1696 1784 ii

265 1822 377 1859 tenui
401 1821 490 1859 loco
515 1821 607 1870 orti,
641 1834 805 1870 quorum
840 1821 882 1857 in
908 1834 1030 1869 regno
1055 1820 1180 1858 libido
1205 1820 1375 1858 solutior
1391 1820 1534 1866 fuerat,
1566 1832 1697 1869 aequa-

267 1894 323 1931 les
355 1893 591 1943 sodalesque
624 1893 935 1931 adolescentium
967 1892 1290 1941 Tarquiniorum,
1320 1891 1467 1930 assueti
1497 1903 1606 1928 more
1635 1903 1697 1928 re·

226 1966 249 2003 3
269 1966 332 2014 gio
364 1965 510 2003 vivere.
571 1965 671 2002 Eam
702 1969 798 2011 tum,
836 1968 991 2014 aequato
1024 1966 1108 2001 iure
1140 1963 1325 2010 omnium,
1352 1962 1559 2000 licentiam
1589 1975 1697 2012 quae-

266 2040 413 2083 rentes,
437 2036 667 2074 libertatem
694 2037 865 2074 aliorum
892 2037 933 2073 in
958 2049 1068 2073 suam
1091 2035 1260 2074 vertisse
1286 2035 1518 2072 servitutem
1534 2034 1639 2072 inter
1654 2046 1697 2072 se

269 2108 638 2158 conquerebantur:
663 2121 800 2157 regem,
823 2108 1021 2146 hominem
1047 2121 1143 2157 esse,
1170 2121 1193 2145 a
1219 2120 1295 2157 quo
1314 2106 1515 2156 impetres,
1536 2105 1607 2144 ubi
1625 2105 1698 2152 ius,

268 2180 336 2217 ubi
377 2179 525 2217 iniuria
567 2192 665 2229 opus
697 2180 766 2225 sit,
811 2192 895 2217 esse
925 2180 1068 2228 gratiae
1099 2179 1241 2226 locum,
1288 2191 1373 2216 esse
1402 2176 1613 2223 benefici03
1659 2180 1699 2214 et

269 2251 387 2288 irasci
412 2255 451 2288 et
477 2251 683 2300 ignoscere
707 2264 841 2301 posse3
874 2252 976 2289 inter
1003 2251 1172 2289 amicum
1197 2254 1317 2300 atque
1340 2249 1544 2287 inimicum
1560 2247 1698 2286 discri-

227 2323 252 2359 4
272 2336 357 2367 men
382 2335 519 2370 nosse3
551 2323 658 2371 leges
682 2336 765 2360 rem
789 2323 961 2371 surdam,
995 2322 1283 2360 inexorabilem
1309 2334 1406 2371 esse,
1437 2319 1697 2358 salubriorem

271 2395 554 2444 melioremque
586 2394 697 2443 inopi
729 2407 846 2443 quam
878 2394 1050 2444 potenti,
1090 2393 1191 2430 nihil
1223 2392 1441 2431 laxamenti
1471 2404 1544 2429 nec
1573 2390 1699 2429 veniae

270 2466 428 2513 habere,
459 2466 493 2503 si
519 2465 677 2502 modum
705 2466 938 2510 excesseris3
970 2465 1237 2514 periculosum
1263 2476 1344 2501 esse
1368 2463 1410 2500 in
1432 2466 1494 2501 tot
1515 2461 1699 2500 humanis

230 2536 253 2574 5
273 2538 477 2576 erroribus
519 2538 603 2575 sola
635 2536 865 2573 innocentia
895 2537 1042 2573 vivere.
1103 2535 1168 2573 Ita
1199 2536 1278 2573 iam
1309 2547 1380 2572 sua
1409 2536 1551 2584 sponte
1579 2531 1699 2581 aegris

274 2611 426 2657 animis,
457 2610 579 2658 legati
610 2608 658 2645 ab
689 2606 853 2656 regibus
880 2606 1178 2655 superveniunt,
1210 2606 1294 2642 sine
1319 2604 1521 2642 mentione
1542 2602 1698 2640 reditus

271 2683 379 2720 bona
415 2684 569 2719 tantum
610 2682 846 2729 repetentes.
907 2676 1056 2714 Eorum
1095 2677 1217 2714 verba
1247 2679 1456 2726 postquam
1487 2674 1528 2712 in
1559 2677 1699 2713 senatu
