1821 2928
774 132 892 168 Liber
916 133 947 168 I.
1530 139 1581 177 13

138 262 353 302 concordia
383 274 513 312 posse.
571 260 709 298 Facile
740 262 1008 311 impetratum.
1054 261 1156 301 Inde
1189 266 1330 301 contra
1362 263 1583 302 Crustumi·
1603 265 1628 302 3

138 347 211 373 nos
241 335 444 385 profectus
475 333 624 371 bellum
656 333 885 371 inferentes.
939 333 1007 370 Ibi
1039 334 1170 372 minus
1201 335 1335 383 etiam,
1369 336 1478 386 quod
1509 337 1585 375 ali-

136 406 222 444 enis
247 406 430 444 cladibus
459 406 692 444 ceciderant
716 405 851 452 animi,
875 405 1105 443 certaminis
1130 407 1217 444 fuit.
1265 407 1449 458 Utroque
1476 409 1580 446 colo·
1599 403 1625 440 4

136 479 215 517 niae
246 479 397 525 missae3
442 478 580 528 plures
620 477 790 526 inventi,
838 478 908 528 qui
938 481 1104 528 propter
1135 479 1360 518 ubertatem
1392 484 1511 519 terrae
1542 481 1584 519 in

139 551 442 590 Crustuminum
475 550 637 588 nomina
668 549 821 589 darent.
869 550 923 587 Et
939 549 1109 588 Romam
1137 551 1232 589 inde
1263 552 1496 602 frequenter
1512 554 1584 590 mi-

138 627 297 674 gratum
330 627 401 670 est,
433 637 456 661 a
485 621 723 673 parentibus
755 623 926 660 maxime
959 636 1003 661 ac
1035 624 1275 674 propinquis
1305 628 1524 674 raptarum.

251 696 524 734 Novissimum
549 695 598 732 ab
625 692 790 732 Sabinis
815 695 965 733 bellum
991 699 1135 742 ortum,
1163 696 1370 746 multoque
1396 697 1438 734 id
1456 697 1581 735 maxi·
1601 692 1625 730 5

142 782 249 807 mum
281 768 374 815 fuit3
421 767 525 805 nihil
572 767 680 806 enim
712 780 785 817 per
816 767 917 805 iram
949 771 1019 806 aut
1049 768 1313 818 cupiditatem
1346 772 1479 807 actum
1512 773 1583 817 est,

134 854 207 879 nec
231 840 494 878 ostenderunt
517 839 671 878 bellum
695 839 806 889 prius
831 853 951 889 quam
975 840 1212 880 intulerunt.
1256 840 1435 879 Consilio
1462 842 1581 879 etiam
1599 841 1623 878 6

138 913 302 952 additus
342 913 470 951 dolus.
533 911 600 963 Sp.
633 911 831 962 Tarpeius
862 911 1055 950 Romanae
1086 917 1260 963 praeerat
1291 913 1386 950 arci.
1446 913 1582 951 Huius

133 984 260 1023 filiam
290 985 489 1034 virginem
520 998 618 1022 auro
650 984 875 1034 corrumpit
905 983 1058 1031 Tatius,
1095 989 1141 1022 ut
1171 988 1346 1023 armatos
1377 985 1419 1022 in
1450 999 1582 1023 arcem

136 1057 328 1108 accipiat;
375 1071 519 1108 aquam
564 1057 668 1095 forte
714 1069 760 1094 ea
804 1059 891 1094 tum
929 1057 1054 1094 sacris
1087 1060 1200 1094 extra
1231 1057 1378 1094 moenia
1408 1057 1581 1107 petitum

136 1130 252 1169 ierat.
300 1129 473 1180 Accepti
496 1129 681 1167 obrutam
706 1129 827 1167 armis
851 1142 1056 1177 necavere,
1085 1143 1155 1167 seu
1178 1132 1224 1167 ut
1247 1129 1288 1167 vi
1311 1131 1428 1180 capta
1445 1129 1581 1179 potius
1601 1128 1623 1164 7

136 1215 210 1240 arx
240 1201 460 1249 videretur,
497 1215 567 1240 seu
598 1200 798 1252 prodendi
829 1202 1005 1252 exempli
1037 1215 1167 1248 causa,
1199 1216 1248 1240 ne
1280 1201 1380 1252 quid
1410 1215 1581 1251 usquam

133 1273 258 1312 fidum
288 1274 490 1325 proditori
521 1277 636 1312 esset.
683 1273 866 1312 Additur
889 1274 1038 1322 fabula,
1070 1274 1178 1324 quod
1202 1274 1324 1323 vulgo
1345 1273 1489 1312 Sabini
1513 1286 1579 1310 au·
1598 1276 1623 1313 8

135 1359 224 1384 reas
252 1346 432 1385 armillas
456 1346 593 1395 magni
609 1346 801 1396 ponderis
817 1346 985 1384 brachio
1002 1347 1103 1384 laevo
1120 1350 1419 1396 gemmatosque
1436 1358 1580 1394 magna

135 1419 270 1469 specie
296 1419 435 1457 anulos
459 1418 692 1468 habuerint,
717 1418 921 1468 pepigisse
947 1431 1045 1466 eam,
1069 1418 1177 1469 quod
1202 1419 1243 1455 in
1261 1418 1437 1456 sinistris
1454 1418 1578 1455 mani-

134 1490 210 1529 bus
243 1491 458 1538 haberent;
490 1504 535 1528 eo
567 1494 679 1528 scuta
710 1491 775 1528 illi
806 1504 879 1541 pro
912 1490 1044 1529 aureis
1076 1490 1190 1528 donis
1216 1493 1418 1539 congesta.
1467 1488 1580 1536 Sunt,
1599 1493 1622 1529 9

107 1596 110 1601 .
135 1563 206 1613 qui
237 1576 322 1601 eam
356 1576 403 1600 ex
435 1566 554 1614 pacto
584 1562 785 1608 tradendi,
826 1562 934 1613 quod
965 1563 1006 1600 in
1037 1562 1213 1600 sinistris
1245 1562 1432 1600 manibus
1463 1566 1578 1612 esset,

133 1634 286 1673 directo
318 1648 428 1673 arma
458 1635 608 1685 petisse
639 1635 787 1682 dicant,
819 1638 858 1672 et
889 1635 1029 1673 fraude
1052 1635 1180 1674 visam
1208 1648 1328 1685 agere
1352 1647 1424 1672 sua
1449 1635 1579 1684 ipsam

131 1710 380 1758 peremptam
412 1708 606 1745 mercede.

247 1779 431 1818 Tenuere
476 1783 612 1818 tamen
657 1793 788 1817 arcem
820 1778 978 1827 Sabini3
1029 1782 1150 1830 atque
1180 1780 1273 1818 inde
1304 1782 1467 1830 postero
1500 1778 1576 1829 die,

133 1865 256 1902 quum
272 1852 478 1891 Romanus
495 1853 694 1890 exercitus
712 1852 944 1899 instructus,
961 1853 1070 1903 quod
1088 1853 1192 1890 inter
1209 1852 1439 1890 Palatinum
1458 1850 1581 1902 Capi-

131 1924 384 1975 tolinumque
415 1924 557 1963 collem
582 1924 714 1975 campi
740 1928 810 1972 est,
842 1925 1090 1976 complesset,
1122 1939 1201 1963 non
1226 1926 1338 1975 prius
1366 1923 1581 1962 descende-

134 2000 230 2034 runt
260 1997 301 2034 in
334 2009 502 2047 aequum,
549 2010 679 2047 quam,
726 1997 787 2036 ira
833 2000 873 2035 et
903 1997 1125 2048 cupiditate
1155 1997 1444 2048 recuperandae
1476 1996 1580 2034 arcis

133 2069 366 2107 stimulante
398 2070 566 2118 animos,
611 2069 653 2107 in
685 2069 896 2108 adversum
927 2069 1102 2108 Romani
1133 2070 1302 2108 subiere.
1363 2068 1574 2119 Principes
1593 2067 1616 2103 2

133 2141 326 2191 utrinque
357 2154 534 2192 pugnam
566 2141 726 2180 ciebant
758 2142 807 2180 ab
830 2141 994 2181 Sabinis
1019 2142 1189 2180 Mettius
1214 2141 1391 2189 Curtius,
1422 2141 1473 2179 ab
1493 2141 1577 2178 Ro-

134 2213 262 2252 manis
294 2212 466 2251 Hostius
497 2213 710 2252 Hostilius.
757 2214 837 2252 Hic
869 2229 953 2253 rem
983 2214 1207 2253 Romanam
1239 2214 1379 2264 iniquo
1410 2214 1498 2251 loco
1529 2213 1580 2251 ad

133 2286 266 2336 prima
297 2286 412 2336 signa
443 2286 574 2324 animo
607 2290 726 2337 atque
757 2288 927 2326 audacia
957 2287 1194 2326 sustinebat.
1236 2286 1294 2325 Ut
1318 2286 1487 2324 Hostius
1519 2283 1620 2323 ‹ze-3

134 2358 247 2409 cidit,
280 2358 488 2397 confestim
511 2358 697 2397 Romana
727 2360 946 2398 inclinatur
977 2361 1082 2398 acies
1112 2360 1280 2410 fusaque
1311 2362 1383 2398 est.
1426 2357 1494 2396 Ad
1515 2370 1578 2394 ve-

132 2433 261 2469 terem
292 2436 449 2482 portam
466 2430 618 2469 Palatii
634 2431 831 2470 Romulus
862 2436 902 2470 et
932 2433 1018 2483 ipse
1043 2432 1163 2471 turba
1187 2431 1428 2481 fugientium
1454 2432 1578 2476 actus,

134 2516 244 2541 arma
269 2503 319 2541 ad
346 2504 487 2542 caelum
513 2503 674 2554 tollens,
711 2504 937 2555 „Iuppiter,
968 2504 1074 2543 tuis“
1103 2504 1237 2555 inquit
1256 2503 1411 2551 „iussus
1437 2500 1578 2538 avibus
1595 2498 1620 2535 4

133 2574 198 2613 hic
224 2575 265 2613 in
282 2575 444 2614 Palatio
468 2576 601 2627 prima
626 2577 720 2616 urbi
746 2577 1008 2615 fundamenta
1028 2577 1117 2616 ieci.
1164 2575 1313 2614 Arcem
1332 2574 1410 2611 iam
1427 2572 1577 2610 scelere

134 2651 310 2699 emptam
335 2647 478 2688 Sabini
503 2648 673 2697 habent;
700 2649 794 2687 inde
822 2649 899 2687 huc
927 2649 1084 2696 armati,
1109 2650 1297 2698 superata
1314 2645 1446 2683 media
1462 2643 1579 2692 valle,

131 2721 326 2770 tendunt3
372 2724 414 2760 at
443 2724 501 2770 tn,
548 2726 665 2773 pater
696 2721 814 2760 deum
845 2721 1144 2770 hominumque,
1192 2718 1286 2756 hinc
1318 2717 1459 2755 saltem
1490 2716 1622 2755 arce5

1668 1778 1719 1826 12
