1821 2928
513 126 625 162 Liber
649 125 722 160 111.
771 127 833 169 (A.
861 126 926 161 Ch.
951 127 1048 169 460.)
1419 125 1494 163 141

52 271 186 304 nerva,
226 256 297 294 alii
329 256 372 294 di
411 256 575 306 deaeque
615 255 869 302 obsidentur3
908 258 1039 293 castra
1077 266 1281 291 servorum
1315 251 1498 302 publicos

51 334 205 370 vestros
235 332 399 379 penates
431 331 586 374 tenent3
627 328 710 365 haec
742 327 854 366 vobis
885 328 1012 365 forma
1043 339 1149 364 sanae
1181 325 1355 363 civitatis
1386 323 1497 360 vide-

50 401 148 440 tur?
193 401 368 439 Tantum
399 400 573 439 hostium
606 414 684 438 non
716 400 846 438 solum
880 400 984 437 intra
1001 412 1135 436 muros
1156 401 1226 447 est,
1259 397 1329 435 sed
1348 397 1388 434 in
1407 394 1539 433 arce4

52 488 173 526 supra
202 474 332 512 forum
366 473 616 524 curiamque3
651 473 812 511 comitia
842 472 1003 510 interim
1028 471 1068 508 in
1094 471 1180 509 foro
1199 474 1302 516 sunt,
1333 472 1495 507 senatus

53 548 92 585 in
131 548 242 586 curia
282 550 361 593 est;
401 546 512 584 velut
544 559 665 595 quum
699 545 823 583 otium
855 549 1030 595 superat.
1063 545 1225 581 senator
1255 541 1496 579 sententiam

52 620 164 665 dicit,
195 619 267 657 alii
295 618 480 666 Quirites
513 617 748 667 suffragium
782 617 933 656 ineunt.
982 616 1084 663 Non,
1118 614 1312 666 quicquid
1337 618 1496 664 patrum
1516 611 1539 650 5

50 692 264 743 plebisque
311 695 381 738 est,
429 691 624 737 consules,
669 690 869 737 tribunos,
915 689 1009 726 deos
1054 687 1314 737 hominesque
1365 699 1499 724 omnes

50 768 224 804 armatos
256 777 370 814 opem
401 763 521 812 ferre,
554 763 595 800 in
613 762 857 813 Capitolium
891 775 1061 808 currere,
1093 760 1268 798 liberare
1293 772 1338 797 ac
1356 772 1500 808 pacare

51 836 375 887 augustissimam
403 836 516 874 illam
542 836 702 874 domum
720 835 830 873 Iovis
856 834 999 885 optimi
1027 833 1189 871 maximi
1207 830 1370 870 decuit?
1416 831 1497 869 Ro-
1517 832 1539 868 6

55 910 160 947 mule
206 912 332 959 pater,
376 912 422 946 tu
453 912 622 946 mentem
653 914 776 947 tuam.
824 921 902 958 qua
941 906 1146 957 quondam
1185 917 1315 942 arcem
1357 903 1408 941 ab
1439 902 1501 940 his

53 981 194 1020 iisdem
211 980 374 1020 Sabinis
391 995 488 1019 auro
515 985 672 1032 captam
705 980 903 1031 recepisti,
934 979 985 1016 da
1015 978 1134 1028 stirpi
1159 982 1256 1024 tuae;
1290 976 1383 1014 iube
1400 976 1501 1013 hanc

54 1054 212 1104 ingredi
250 1054 368 1100 viam,
414 1067 531 1104 quam
573 1058 617 1091 tu
648 1053 740 1102 dux,
789 1066 907 1103 quam
938 1056 1030 1089 tuus
1063 1051 1268 1100 ingressus
1300 1049 1500 1087 exercitus

52 1130 123 1164 est.
180 1126 342 1164 Primus
374 1140 422 1164 en
455 1140 527 1176 ego
561 1126 709 1172 consul,
741 1129 934 1175 quantum
966 1123 1147 1161 mortalis
1180 1123 1298 1160 deum
1329 1134 1502 1172 possum,

52 1204 91 1237 te
123 1212 168 1237 ac
199 1199 261 1237 tui
293 1199 465 1249 vestigia
496 1202 678 1249 sequar.‘·‘
738 1197 937 1236 Ultimum
969 1195 1164 1234 orationis
1194 1195 1282 1240 fuit,
1315 1207 1356 1231 se
1389 1207 1500 1232 arma
1521 1194 1543 1230 7

53 1285 210 1323 capere,
241 1285 386 1310 vocare
404 1285 538 1309 omnes
557 1270 737 1319 Quirites
754 1271 805 1308 ad
823 1283 949 1315 arma;
981 1269 1016 1306 si
1035 1269 1103 1319 qui
1131 1267 1337 1318 impediat,
1365 1266 1443 1303 iam
1461 1278 1502 1303 se

53 1343 273 1382 consularis
305 1344 477 1394 imperii,
509 1344 586 1381 iam
617 1343 846 1381 tribuniciae
873 1341 1086 1392 potestatis
1103 1344 1431 1389 sacratarumque
1448 1338 1501 1375 le-

54 1430 146 1465 gum
179 1416 364 1462 oblitum,
398 1416 585 1466 quisquis
617 1416 685 1453 ille
717 1415 782 1461 sit,
812 1414 1041 1463 ubicunque
1060 1413 1123 1458 sit,
1157 1413 1196 1449 in
1215 1411 1429 1463 Capitolio,
1461 1412 1501 1448 in

54 1489 155 1536 foro,
173 1501 246 1538 pro
266 1489 377 1525 hoste
395 1489 636 1526 habiturum.
667 1487 861 1524 Iuberent
876 1486 1043 1534 tribuni,
1061 1485 1250 1535 quoniam
1263 1485 1304 1521 in
1315 1484 1499 1534 Appium
1516 1482 1541 1519 8

53 1560 306 1598 Herdonium
332 1564 526 1607 vetarent,
557 1560 598 1598 in
615 1559 662 1598 P.
681 1559 892 1597 Valerium
918 1558 1119 1596 consulem
1146 1557 1249 1595 sumi
1275 1570 1401 1603 arma;
1436 1570 1502 1594 au-

54 1645 189 1671 surum
205 1646 246 1670 se
265 1633 305 1670 in
323 1633 510 1681 tribunis,
536 1632 642 1682 quod
659 1632 846 1682 princeps
863 1631 1028 1669 familiae
1046 1644 1126 1668 suae
1145 1643 1263 1667 ausus
1279 1630 1321 1667 in
1337 1629 1501 1678 regibus

54 1710 167 1743 esset.
214 1704 307 1742 Vim
338 1705 519 1742 ultimam
551 1704 773 1755 apparebat
798 1704 972 1742 futuram
999 1703 1308 1754 spectaculoque
1335 1701 1498 1739 seditio·
1517 1701 1540 1737 9

55 1791 141 1815 nem
173 1777 396 1815 Romanam
436 1777 620 1815 hostibus
661 1778 758 1817 fore.
820 1776 904 1815 Nec
944 1776 1008 1814 lex
1047 1779 1180 1813 tamen
1211 1775 1308 1812 ferri
1339 1788 1411 1812 uec
1445 1774 1502 1812 ire

54 1850 94 1888 in
127 1848 369 1900 Capitolium
419 1850 556 1888 consul
598 1850 751 1900 potuit;
797 1863 878 1887 nox
919 1848 1139 1888 certamina
1178 1850 1309 1897 coepta
1340 1860 1501 1897 oppres-

56 1923 126 1968 sit;
164 1922 322 1960 tribuni
353 1935 504 1960 cessere
536 1923 659 1971 nocti,
698 1923 884 1960 timentes
917 1921 1122 1960 consulum
1155 1933 1276 1958 arma.
1335 1919 1498 1957 Amotis
1520 1918 1571 1956 10

57 1994 150 2033 inde
181 1994 396 2033 seditionis
423 1995 668 2042 auctoribus,
700 2000 834 2046 patres
859 1993 1071 2032 circumire
1087 1992 1246 2043 plebem
1263 1992 1501 2029 inserentes-

56 2079 133 2117 que
165 2080 205 2105 se
236 2067 278 2106 in
310 2068 482 2106 circulos
513 2081 713 2106 sermones
743 2067 917 2118 tempori
948 2070 1062 2117 aptos
1093 2078 1242 2111 serere3
1273 2064 1501 2113 admonere,

56 2143 101 2176 ut
143 2139 341 2188 viderent,
386 2141 427 2178 iu
473 2139 580 2191 quod
625 2140 842 2178 discrimen
888 2152 970 2177 rem
1012 2137 1215 2188 publicam
1247 2136 1502 2175 adducerent.

56 2209 147 2250 Non
178 2212 284 2250 inter
315 2217 449 2263 patres
480 2225 525 2250 ac
556 2212 715 2262 plebem
747 2217 947 2250 certamen
980 2223 1078 2260 esse,
1116 2209 1186 2248 sed
1216 2210 1335 2248 simul
1365 2214 1501 2260 patres
1523 2208 1570 2245 11

56 2283 307 2335 plebemque,
355 2297 484 2322 arcem
524 2284 649 2331 urbis,
701 2285 852 2334 templa
894 2284 1069 2333 deorum,
1116 2287 1280 2334 penates
1318 2282 1502 2333 publicos

57 2355 316 2407 privatosque
354 2357 539 2395 hostibus
577 2356 683 2397 dedi.
746 2356 857 2395 Dum
897 2357 981 2394 haec
1013 2356 1054 2394 in
1085 2356 1172 2394 foro
1203 2355 1389 2393 sedandae
1422 2355 1500 2392 dis·
1523 2353 1571 2390 12

57 2428 202 2466 cordiae
233 2443 354 2467 causa
380 2433 567 2478 aguntur,
599 2429 782 2467 consules
799 2429 973 2478 interim,
1006 2442 1054 2466 ne
1072 2427 1215 2465 Sabini
1235 2440 1332 2466 neve
1351 2426 1501 2464 Veiens

57 2498 181 2538 hostis
212 2505 452 2547 moveretur,
486 2502 592 2539 circa
623 2505 760 2551 portas
792 2513 1005 2551 murosque
1037 2500 1317 2538 discesserant.

172 2571 326 2611 Eadem
355 2578 471 2612 nocte
494 2573 713 2612 Tusculum
745 2573 793 2612 de
824 2586 914 2611 arce
945 2575 1064 2623 capta
1081 2570 1361 2622 Capitolioque
1387 2582 1499 2607 occu·
1578 2566 1629 2614 18

58 2646 153 2693 pato
185 2647 225 2682 et
255 2645 335 2683 alio
366 2645 537 2684 turbatae
569 2646 680 2684 urbis
710 2650 817 2684 statu
848 2645 979 2683 nuntii
998 2644 1178 2682 veniunt..
1223 2642 1269 2680 L.
1294 2641 1500 2679 Mamilius
1519 2642 1542 2678 2

58 2713 228 2754 Tusculi
263 2720 348 2755 tum
386 2717 560 2756 dictator
599 2721 697 2758 erat.
758 2718 812 2764 Is,
857 2717 1065 2756 confestim
1104 2717 1320 2753 convocato
1361 2717 1502 2752 senatu
