1821 2928
207 138 234 176 8
845 133 961 170 Liber
985 134 1016 169 Ι.

96 259 120 307 7
202 261 351 301 Remus
383 261 630 300 Aventinum
662 261 712 299 ad
743 261 1065 311 inaugurandum
1095 263 1246 312 templa
1276 263 1451 313 capiunt.
1505 264 1644 304 Priori

205 334 334 373 Remo
366 334 576 383 augurium
602 333 759 371 venisse
775 334 913 382 fertur,
944 348 1012 372 sex
1039 334 1237 382 vultures3
1270 335 1426 385 iamque
1451 337 1641 375 nuntiato

207 407 377 455 augurio
395 419 518 455 quum
539 405 688 455 duplex
705 418 892 443 numerus
908 405 1082 443 Romulo
1104 419 1144 444 se
1164 407 1414 458 ostendisset,
1426 410 1640 459 utrumque

210 490 344 527 regem
370 490 441 515 sua
464 477 682 515 multitudo
710 477 1047 516 consalutaverat:
1080 480 1257 528 tempore
1276 478 1340 516 illi
1356 482 1569 530 praecepto,
1601 483 1643 518 at

167 547 191 584 2
210 549 252 586 hi
284 562 447 587 numero
479 549 612 587 avium
642 562 809 598 regnum
839 548 1066 588 trahebant.
1127 549 1229 586 Inde
1262 563 1350 587 cum
1381 550 1645 590 altercatione

210 621 415 670 congressi
447 621 663 659 certamine
695 621 845 658 irarum
878 620 928 658 ad
959 620 1107 659 caedem
1123 624 1355 669 vertuntur3
1386 622 1446 660 ibi
1467 622 1508 660 in
1524 623 1645 662 turba

207 693 311 730 ictus
337 692 487 730 Remus
519 692 672 730 cecidit.
721 692 938 741 Vulgatior
969 693 1073 731 fama
1104 697 1174 744 est,
1207 693 1384 732 ludibrio
1408 694 1543 733 fratris
1565 695 1644 733 Re-

205 778 313 802 mum
343 777 468 802 novos
498 764 750 802 transiluisse
782 777 932 810 muros;
967 764 1062 802 inde
1093 766 1142 803 ab
1176 765 1276 803 irato
1307 765 1491 813 Romulo,
1523 780 1645 816 quum

205 836 340 874 verbis
352 849 511 886 quoque
525 837 768 886 increpitans
782 836 1011 874 adiecisset:
1026 835 1117 887 „Sic
1131 837 1290 887 deinde,
1303 837 1531 888 quicunque
1542 838 1645 876 alius

165 908 189 946 3
208 908 410 945 transiliet
441 909 587 946 moenia
612 912 738 955 mea“,
771 908 1034 946 interfectum.
1080 909 1146 946 Ita
1172 909 1279 947 solus
1306 909 1458 959 potitus
1475 909 1644 960 imperio

206 978 422 1026 Romulus;
456 981 618 1018 condita
647 981 744 1018 urbs
775 980 994 1019 conditoris
1024 981 1186 1019 nomine
1217 981 1430 1032 appellata.

321 1051 526 1089 Palatium
571 1053 759 1103 primum,
807 1053 848 1089 in
896 1066 976 1102 quo
1008 1053 1092 1103 ipse
1125 1057 1210 1091 erat
1241 1053 1445 1098 educatus,
1487 1052 1644 1091 muniit.

209 1122 331 1161 Sacra
362 1123 423 1162 dis
454 1124 544 1161 aliis
576 1124 740 1162 Albano
773 1125 866 1172 ritu,
912 1123 1052 1162 Graeco
1084 1124 1265 1172 Herculi,
1296 1128 1340 1162 ut
1371 1124 1420 1162 ab
1452 1123 1644 1161 Euandro

164 1190 391 1233 4instituta
423 1200 548 1246 erant,
591 1196 699 1235 facit.
762 1196 978 1234 Herculem
1011 1198 1050 1234 in
1083 1210 1129 1235 ea
1161 1197 1260 1243 loca,
1307 1195 1492 1245 Geryone
1522 1195 1645 1232 inter-

212 1269 357 1316 empto,
401 1267 522 1305 boves
554 1269 654 1306 mira
685 1269 817 1318 specie
849 1269 1029 1319 abegisse
1061 1271 1294 1316 memorant,
1340 1281 1385 1305 ac
1417 1281 1544 1318 prope
1575 1266 1644 1304 Ti-

204 1339 332 1376 berim
362 1338 539 1387 fluvium,
572 1353 650 1389 qua
680 1353 763 1390 prae
794 1354 835 1378 se
868 1344 1089 1378 armentum
1116 1353 1234 1389 agens
1259 1339 1391 1378 nando
1417 1340 1644 1389 traiecerat,

204 1410 294 1447 loco
325 1410 510 1461 herbido,
544 1416 589 1449 ut
614 1412 748 1462 quiete
767 1416 806 1450 et
821 1413 970 1463 pabulo
987 1413 1078 1450 laeto
1095 1411 1277 1449 reficeret
1291 1412 1425 1458 boves,
1457 1414 1498 1448 et
1513 1411 1645 1461 ipsum

165 1483 189 1521 5
206 1482 352 1520 fessum
382 1483 449 1520 via
479 1484 753 1532 procubuisse.
798 1484 861 1524 Ibi
894 1498 1016 1535 quum
1034 1497 1121 1522 eum
1139 1484 1227 1521 cibo
1245 1483 1419 1532 vinoque
1436 1485 1645 1531 gravatum

206 1567 325 1604 sopor
351 1555 626 1605 oppressisset,
649 1559 786 1605 pastor
808 1556 943 1594 accola
969 1556 1054 1594 eius
1072 1556 1161 1602 loci,
1186 1556 1345 1593 nomine
1365 1553 1503 1601 Cacus,
1527 1554 1643 1591 ferox

204 1626 371 1673 viribus,
397 1630 538 1677 captus
564 1627 865 1677 pulchritudine
888 1628 1009 1665 boum
1027 1641 1147 1678 quum
1165 1630 1345 1665 avertere
1362 1639 1447 1663 eam
1463 1624 1643 1675 praedam

206 1698 340 1745 vellet,
383 1699 489 1748 quia,
529 1699 565 1736 si
597 1698 754 1748 agendo
786 1702 1009 1736 armentum
1040 1699 1080 1736 in
1112 1699 1342 1749 speluncam
1373 1697 1644 1747 compulisset,

206 1770 294 1819 ipsa
323 1770 493 1819 vestigia
521 1775 764 1821 quaerentem
792 1771 995 1808 (lominum
1020 1784 1064 1808 eo
1090 1771 1310 1808 deductura
1327 1772 1450 1816 erant,
1483 1781 1643 1806 aversos

203 1841 335 1889 boves,
367 1842 556 1880 eximium
588 1856 784 1893 quemque
816 1842 1130 1892 pulchritudine,
1173 1841 1309 1880 caudis
1340 1841 1381 1878 in
1412 1841 1643 1891 speluncam

166 1914 343 1952 6traxit,
403 1913 600 1951 Hercules
646 1914 696 1951 ad
740 1915 908 1964 primam
955 1928 1137 1951 auroram
1170 1927 1305 1951 somno
1337 1913 1489 1950 excitus
1521 1925 1642 1962 quum

207 1999 370 2035 gregem
399 1986 683 2036 perlustrasset
707 1986 834 2024 oculis
862 1989 901 2024 et
924 1989 1076 2036 partem
1102 1987 1238 2024 abesse
1256 1997 1422 2022 numero
1440 1984 1642 2034 sensisset,

205 2058 341 2107 pergit
380 2057 432 2095 ad
469 2058 693 2108 proximam
724 2059 966 2108 speluncam,
1004 2058 1039 2095 si
1069 2059 1170 2095 forte
1202 2071 1247 2095 eo
1277 2056 1451 2104 vestigia
1480 2056 1642 2092 ferrent.

208 2127 305 2175 Quae
337 2129 407 2166 ubi
439 2131 572 2167 omnia
602 2130 709 2168 foras
740 2144 855 2168 versa
886 2129 990 2167 vidit
1021 2142 1093 2167 nec
1124 2129 1167 2166 in
1198 2131 1354 2179 partem
1385 2127 1505 2165 aliam
1527 2126 1646 2173 ferre,

208 2201 395 2238 confusus
428 2205 548 2250 atque
578 2202 754 2240 incertus
786 2201 908 2238 animi
934 2215 981 2239 ex
1006 2201 1093 2238 loco
1119 2201 1263 2238 infesto
1290 2212 1407 2248 agere
1433 2211 1553 2248 porro
1579 2210 1646 2235 ar-

166 2276 189 2313 7
209 2276 386 2309 mentum
412 2273 578 2323 occepit.
610 2273 712 2310 Inde
731 2287 850 2323 quum
870 2276 967 2310 actae
984 2272 1105 2310 boves
1124 2271 1305 2322 quaedam
1322 2270 1372 2308 ad
1389 2269 1643 2318 desiderium,

206 2347 252 2382 ut
281 2344 338 2391 fit,
372 2344 606 2382 relictarum
637 2345 872 2393 mugissent,
911 2344 1071 2381 reddita
1102 2343 1347 2381 inclusarum
1378 2355 1426 2379 ex
1456 2341 1646 2392 spelunca

206 2416 326 2453 boum
371 2429 449 2453 vox
481 2416 698 2453 Herculem
744 2415 953 2454 convertit.
1015 2415 1141 2462 Quem
1181 2427 1302 2464 quum
1333 2413 1384 2451 ad
1414 2412 1645 2463 speluncam

209 2488 421 2526 vadentem
439 2487 566 2525 Cacus
597 2487 636 2524 vi
666 2487 880 2536 prohibere
913 2491 1076 2525 conatus
1108 2489 1222 2532 esset,
1252 2486 1354 2523 ictus
1371 2485 1496 2530 clava,
1526 2482 1646 2520 fidem

167 2557 194 2596 8
211 2563 415 2610 pastorum
432 2558 697 2608 nequicquam
714 2558 913 2604 invocans,
931 2561 1098 2595 mortem
1115 2557 1312 2596 occubuit.
1357 2553 1546 2593 Euander
1560 2557 1646 2591 tum

209 2645 266 2682 ea,
300 2631 495 2682 profugus
527 2643 576 2668 ex
593 2629 885 2680 Peloponneso,
916 2628 1155 2666 auctoritate
1177 2628 1304 2677 magis
1329 2639 1448 2676 quam
1471 2624 1645 2675 imperio

205 2703 376 2752 regebat
424 2703 525 2749 loca,
569 2700 812 2739 venerabilis
843 2700 904 2738 vir
935 2699 1129 2737 miraculo
1160 2699 1399 2745 litterarum,
1444 2697 1504 2735 rei
1533 2708 1647 2735 novae
