1821 2928
684 233 775 259 Liber
792 234 828 258 x.
866 233 913 262 (A.
934 234 986 260 cu.
1006 235 1077 263 293.)
1462 226 1543 263 243

161 362 283 399 quum
315 348 422 399 apud
454 348 628 386 infensos
661 349 739 386 iam
763 363 833 387 sua
857 354 999 400 sponte
1016 350 1168 387 milites
1185 350 1451 397 disseruisset,
1482 351 1602 388 simul

162 417 311 455 divinae
342 417 604 467 humanaeque
650 417 735 467 spei
776 418 886 468 pleni
927 418 1100 456 clamore
1132 419 1396 457 consentienti
1426 432 1602 469 pugnam

162 489 349 536 poscunt3
379 486 556 536 paenitet,
590 486 631 523 in
662 491 865 536 posterum
889 487 995 524 diem
1013 487 1185 524 dilatum
1201 491 1419 535 certamen,
1451 501 1601 526 moram

159 553 241 591 diei
271 555 482 604 noctisque
513 555 694 592 oderunt.
755 554 894 592 Tertia
924 555 1067 605 vigilia
1098 556 1239 602 noctis,
1271 556 1348 594 iam
1379 556 1518 594 relatis
1535 556 1640 593 lit-2

158 623 257 662 teris
288 637 309 661 a
342 624 508 673 collega,
539 623 732 673 Papirius
763 624 926 661 silentio
952 624 1085 673 surgit
1102 627 1139 661 et
1156 625 1377 675 pullarium
1401 625 1443 662 in
1467 625 1599 675 auspi-

159 692 263 730 cium
294 692 433 730 mittit.
492 691 658 730 Nullum
691 695 776 729 erat
799 705 924 741 genus
949 692 1157 730 hominum
1183 693 1225 731 in
1243 693 1385 731 castris
1402 694 1596 732 intactum
1615 693 1638 731 3

161 760 385 810 cupiditate
418 773 580 810 pugnae:
613 760 755 797 summi
789 760 996 810 infimique
1027 774 1138 811 aeque
1170 762 1317 799 intenti
1350 765 1481 807 erant;
1519 761 1599 799 dux

158 829 343 876 militum,
374 830 490 867 miles
529 829 644 866 ducis
683 829 868 867 ardorem
908 830 1126 879 spectabat.
1186 830 1228 868 Is
1267 831 1386 868 ardor
1424 830 1644 868 omnium4

157 898 278 935 etiam
309 898 360 936 ad
391 911 469 945 eos,
502 898 572 948 qui
604 897 786 947 auspicio
819 898 1056 946 intererant,
1097 899 1302 949 pervenit3
1348 913 1438 936 nam
1477 913 1599 949 quum

154 967 260 1017 pulli
289 980 368 1004 non
395 970 663 1017 pascerentur,
694 967 890 1016 pullarius
913 967 1138 1017 auspicium
1154 967 1318 1005 ment-iri
1335 981 1454 1006 ausus
1470 968 1597 1018 tripu-

159 1035 269 1072 dium
300 1035 537 1073 solistimum
569 1035 723 1073 consuli
755 1035 969 1073 nuntiavit.
1031 1035 1180 1073 Consul
1211 1036 1338 1084 laetus,
1370 1037 1595 1086 auspicium
1615 1035 1638 1073 5

157 1104 361 1153 egregium
408 1117 491 1141 esse
531 1108 569 1141 et
611 1104 696 1141 deis
738 1104 970 1141 auctoribus
1000 1118 1082 1142 rem
1115 1109 1308 1154 gesturos,
1352 1105 1599 1155 pronuntiat,

156 1172 394 1222 signumque
439 1185 582 1223 pugnae
623 1172 824 1222 proponit.
899 1172 1075 1210 Exeunti
1120 1173 1198 1210 iam
1244 1173 1348 1211 forte
1386 1173 1426 1210 in
1469 1174 1637 1212 aciem6

156 1241 315 1278 nuntiat
344 1242 526 1292 perfuga,
556 1241 706 1291 viginti
738 1241 921 1278 cohortes
953 1240 1191 1279 Samnitium
1227 1242 1596 1292 (quadringenariae

155 1309 277 1347 ferme
309 1312 438 1360 erant)
473 1310 701 1348 Cominium
731 1310 942 1360 profectas
989 1309 1107 1357 Quod
1131 1324 1180 1347 ue
1207 1311 1411 1359 ignoraret
1430 1311 1597 1360 collega,

154 1378 352 1428 extemplo
398 1379 582 1416 nuntium
625 1378 766 1424 mittit3
814 1378 898 1428 ipse
944 1378 1059 1427 signa
1107 1379 1215 1417 ocius
1261 1380 1434 1429 proferri
1473 1379 1597 1417 iubet.

155 1444 348 1484 Subsidia
374 1447 455 1484 suis
487 1460 655 1497 quaeque
687 1446 786 1484 locis
819 1449 857 1484 et
888 1447 1097 1496 praefectos
1125 1447 1319 1485 subsidiis
1336 1448 1597 1494 attribuerat,

153 1514 293 1552 dextro
325 1529 447 1553 cornu
478 1515 524 1553 L.
557 1515 831 1562 Volumnium,
862 1515 1027 1553 sinistro
1054 1516 1099 1553 L.
1116 1514 1358 1566 Scipionem,
1391 1516 1596 1566 equitibus
1615 1517 1637 1553 7

153 1582 307 1637 legatos
339 1584 453 1631 alios,
494 1584 535 1621 C.
568 1583 789 1621 Caedicium
822 1587 861 1621 et
893 1580 939 1622 T.
973 1583 1239 1631 Trebonium,
1280 1585 1480 1635 praefecit-3
1527 1583 1638 1635 Sp.8

152 1651 345 1689 Nautium
378 1652 518 1699 mulos,
552 1652 744 1690 detractis
777 1653 958 1701 clitellis,
997 1667 1084 1691 cum
1117 1654 1351 1692 cohortibus
1383 1653 1521 1692 alariis
1553 1654 1595 1691 iu

153 1720 347 1757 tumulum
381 1725 634 1771 conspectum
665 1734 836 1771 propere
878 1722 1176 1760 circumducere
1207 1722 1320 1760 iubet
1351 1726 1470 1772 atque
1502 1722 1594 1760 inde

155 1788 259 1826 inter
290 1789 418 1838 ipsam
450 1789 760 1837 dimicationem,
807 1793 956 1840 quanto
998 1791 1171 1828 maximo
1203 1794 1339 1841 posset
1369 1795 1475 1829 moto
1506 1791 1594 1840 pul-

150 1869 253 1904 vere,
284 1858 504 1895 ostendere.
551 1858 661 1895 Dum
693 1858 757 1895 his
789 1859 964 1897 intentus
997 1859 1217 1909 imperator
1248 1863 1350 1906 erat,
1383 1859 1593 1897 altercatio
1613 1859 1636 1895 9

155 1924 271 1961 inter·
291 1925 486 1974 pullarios
518 1930 606 1963 orta
637 1926 686 1963 de
718 1927 899 1976 auspicio
927 1927 1012 1964 eius
1030 1927 1111 1964 diei
1130 1927 1398 1977 exauditaque
1415 1928 1465 1965 ab
1484 1928 1594 1977 equi-

154 1992 263 2030 tibus
293 1992 506 2041 Romanis,
547 1994 615 2043 qui
654 2008 736 2031 rem
767 1994 874 2031 haud
907 1994 1173 2044 spernendam
1203 1996 1282 2033 rati
1315 1994 1383 2046 Sp.
1415 1996 1595 2046 Papirio,

152 2061 291 2099 fratris
307 2061 390 2099 filio
409 2062 595 2108 consulis,
613 2062 765 2112 ambigi
784 2062 833 2100 de
850 2063 1031 2113 auspicio
1049 2063 1392 2102 renuntiaverunt.
1429 2063 1593 2103 Iuvenis
1613 2064 1664 2101 10

152 2133 244 2167 ante
290 2130 511 2168 doctrinam
558 2130 652 2168 deos
698 2134 951 2180 spernentem
993 2135 1110 2169 natus
1141 2146 1223 2169 rem
1255 2133 1501 2183 inquisitam,
1546 2147 1594 2171 ne

153 2198 250 2248 quid
267 2198 555 2249 incompertum
576 2199 761 2238 deferret.
779 2200 830 2237 ad
849 2201 1047 2237 consulem
1065 2200 1221 2238 detulit.
1284 2200 1359 2239 Cui
1379 2202 1467 2238 ille:
1505 2201 1592 2250 „Tu
1613 2200 1658 2237 11

151 2267 313 2316 quidem
330 2271 458 2305 macte
474 2268 624 2305 virtute
652 2267 948 2318 diligentiaque
977 2272 1076 2314 esto:
1109 2272 1295 2317 ceterum,
1325 2269 1394 2319 qui
1412 2269 1592 2319 auspicio

152 2334 277 2381 adest,
310 2335 343 2372 si
377 2336 474 2385 quid
506 2336 596 2373 falsi
629 2336 798 2383 nuntiat,
831 2337 869 2373 in
895 2338 1164 2388 semetipsum
1179 2338 1418 2387 religionem
1435 2338 1592 2388 recipit.

151 2403 257 2440 Mihi
290 2403 452 2453 quidem
485 2404 707 2454 tripudium
740 2405 978 2445 nuntiatum.
1011 2406 1160 2456 populo
1177 2406 1361 2444 Romano
1380 2406 1591 2444 exercitui-

152 2485 227 2522 que
245 2472 450 2521 egregium
469 2473 702 2522 auspicium.
727 2476 822 2510 est.“
873 2473 1186 2512 Centurionibus
1204 2475 1349 2512 deinde
1368 2474 1590 2524 imperavit,
1612 2474 1660 2511 12

150 2540 211 2578 uti
241 2541 438 2590 pullarios
471 2541 574 2578 iuter
605 2542 734 2592 prima
767 2542 882 2590 signa
914 2543 1216 2580 constituerent.
1277 2542 1519 2580 Promovent
1553 2547 1589 2580 et

150 2607 350 2647 Samnites
382 2610 517 2659 sig11a;
550 2610 774 2659 insequitur
807 2611 911 2648 acies
944 2616 1082 2648 ornata
1116 2615 1364 2660 armataque,
1411 2614 1451 2648 ut
1485 2611 1590 2648 hosti

151 2690 308 2728 quoque
340 2677 594 2727 magnificum
643 2679 913 2727 spectaculum
961 2683 1073 2716 esset.
1151 2679 1389 2728 Priusquam
1439 2680 1588 2716 clamor
1609 2680 1658 2716 13

1254 2757 1309 2789 16*
