1821 2928
528 206 617 231 Liber
636 205 704 230 vll.
742 204 790 233 (A.
812 204 862 230 ch.
886 207 1042 233 346—343.)
1392 195 1442 230 77

66 323 247 373 equitum
280 322 317 359 ei
335 322 382 369 Q.
401 321 552 359 Fabius
570 321 792 358 Ambustus
810 320 925 358 datus
949 324 1018 357 est.
1064 319 1154 357 Non
1184 319 1316 357 tribus
1346 323 1499 357 tantum

65 391 337 441 supplicatum
372 390 428 427 ire
452 390 616 439 placuit,
647 389 715 426 sed
740 389 933 426 finitimos
958 389 1079 425 etiam
1110 388 1292 438 populos,
1323 389 1500 438 ordoque

70 459 132 505 iis,
163 472 240 509 quo
272 458 441 508 quisque
473 458 538 495 die
569 458 855 507 supplicarent,
886 460 1068 495 statutus.
1128 456 1289 494 Iudicia
1320 470 1365 494 eo
1397 459 1541 495 3111109

68 528 207 578 populi
238 528 374 564 tristia
407 527 448 564 in
479 526 721 563 feneratores
753 527 868 572 facta,
908 525 1055 575 quibus
1086 525 1136 563 ab
1166 525 1359 562 aedilibus
1392 525 1498 563 dicta

69 596 155 634 (lies
187 601 299 643 esset,
330 597 560 640 t1·a‹luntur;
592 598 629 632 et
661 608 734 641 res,
765 595 870 632 haud
902 595 985 631 ulla
1018 594 1169 643 insigni
1187 594 1238 631 ad
1270 594 1500 631 memoriam

70 678 198 711 causa,
240 665 290 702 ad
325 665 596 713 interregnum
628 663 765 700 rediit.
824 663 885 700 Ex
929 663 1170 712 interregnO,
1210 667 1255 700 ut
1297 663 1337 700 id
1368 667 1499 700 actum
1522 663 1571 700 10

68 733 199 770 videri
231 737 376 783 posset,
408 732 524 770 ambo
556 731 722 782 patricii
740 732 920 769 consules
953 731 1076 768 creati
1109 735 1210 777 sunt,
1240 731 1295 768 M.
1313 731 1503 769 Valerius
1522 730 1708 790 ἷζυωξζὲῑ

66 802 223 840 Corvus
253 802 428 847 tertium,
460 801 511 838 A.
544 800 753 837 Cornelius
786 800 941 837 Cossus.

182 870 341 908 Maiora
367 870 444 908 iam
467 869 561 907 hinc
585 869 692 906 bella
709 873 748 905 et
763 869 920 906 viribus
943 868 1118 905 hostium
1142 872 1181 905 et
1204 868 1499 917 longinquitate
1580 864 1635 911 29

66 940 132 977 vel
171 939 379 988 regionum
420 938 482 975 vel
522 942 746 987 temporum
789 938 970 988 {spatio}
1012 937 1158 986 quibus
1199 937 1392 974 bellatum
1435 942 1503 975 est.

70 1008 264 1045 dicentur.
311 1007 491 1056 Namque
523 1019 567 1043 eo
600 1020 702 1044 anno
720 1006 908 1044 adversus
926 1005 1136 1052 Samnites,
1168 1010 1324 1055 gentem
1357 1005 1502 1055 opibus

65 1076 270 1126 armisque
309 1075 495 1122 validam,
541 1078 647 1111 mota
689 1089 814 1120 ar111a;
861 1073 1104 1112 Samnitium
1144 1074 1294 1111 bellum
1327 1074 1539 1123 ancipiti?

68 1144 200 1182 Marte
231 1148 385 1193 gestum
417 1144 596 1192 Pyrrhus
627 1143 764 1189 hostis,
795 1143 996 1191 Pyrrhum
1013 1143 1130 1180 Poeni
1162 1143 1298 1180 secuti.
1343 1143 1502 1190 Quanta

69 1227 200 1250 rerum
232 1213 372 1250 moles!
411 1213 568 1262 quoties
600 1212 641 1249 in
674 1216 850 1249 extrema
880 1212 1151 1262 periculorum
1181 1216 1355 1257 ventum,
1385 1216 1429 1248 ut
1462 1211 1502 1247 111

66 1282 171 1319 113110
189 1281 520 1330 magnitudinem,
547 1294 634 1330 quae
650 1281 720 1318 vix
739 1281 968 1327 sustinetur,
1001 1281 1104 1329 erigi
1123 1281 1336 1330 imperium
1353 1280 1504 1329 posset!

41 1351 45 1353 ’
70 1349 177 1387 Belli
208 1354 339 1387 autem
370 1364 489 1388 causa
527 1364 614 1387 cum
647 1348 895 1387 Samnitibus
925 1349 1130 1395 Romanis,
1162 1362 1282 1398 quum
1313 1348 1544 1385 societate3

67 1419 330 1468 amicitiaque
374 1419 500 1456 11111011
533 1422 673 1464 essent,
714 1419 960 1455 extrinsecus
991 1418 1112 1464 venit,
1153 1432 1232 1455 non
1274 1420 1361 1454 orta.
1402 1416 1505 1453 inti-r

71 1488 178 1537 ipsos
211 1491 279 1524 est.
325 1485 524 1524 Samnites
541 1485 739 1524 Sidicinis
770 1487 919 1524 iniusta
951 1501 1072 1532 arma,
1103 1486 1198 1536 quia
1227 1486 1382 1523 viribus
1412 1485 1502 1535 plus
1521 1485 1546 1521 4

70 1560 268 1605 poterant,
314 1569 436 1605 quum
479 1555 720 1602 intulissent,
767 1555 894 1593 coacti
939 1556 1078 1605 inopes
1117 1555 1168 1592 ad
1209 1554 1505 1604 opulentiorum

67 1624 266 1662 auxilium
291 1625 503 1672 confugere
520 1625 734 1674 Campanis
751 1638 834 1661 sese
852 1624 1112 1672 coniungunt.
1158 1623 1353 1673 Campani
1376 1622 1503 1671 magis
1523 1621 1545 1659 5

70 1706 211 1730 nomen
244 1693 294 1730 acl
332 1693 564 1742 praesidium
597 1693 795 1730 sociorum
827 1706 944 1741 quam
975 1693 1082 1729 vires
1113 1705 1235 1741 quum
1267 1691 1506 1735 attulissent.

67 1761 235 1799 fluentes
266 1762 364 1799 luxu
397 1762 445 1798 ab
478 1761 632 1798 duratis
664 1775 736 1798 usu
763 1774 963 1798 armorum
996 1761 1038 1798 111
1055 1760 1240 1798 Sidicino
1270 1760 1378 1810 pulsi
1409 1772 1504 1808 agro

71 1831 112 1867 in
136 1844 176 1867 se
200 1829 346 1868 deinde
371 1830 513 1867 molem
532 1844 685 1867 omnem
710 1829 806 1866 belli
830 1833 1048 1867 verterunt.
1093 1830 1274 1879 Namque
1293 1827 1506 1866 Samnites,
1523 1829 1546 1864 6

68 1899 230 1936 omissis
261 1897 457 1936 Sidicinis
490 1899 616 1948 ipsam
647 1912 777 1935 arcem
815 1898 1077 1935 finitimorum
1109 1898 1331 1947 Campanos
1362 1896 1505 1934 adorti.

70 1967 174 2004 unde
191 1980 301 2016 aeque
317 1967 450 2004 facilis
465 1967 650 2014 victoria,
672 1967 816 2017 praedae
835 1970 954 2016 atque
969 1967 1108 2015 gloriae
1125 1966 1215 2015 plus
1232 1970 1344 2012 esset,
1359 1964 1506 2002 Tifata.

72 2036 324 2073 imminentes
356 2034 502 2085 Capuae
534 2035 668 2082 colles,
708 2049 829 2085 quum
860 2035 1052 2086 praesidio
1091 2034 1204 2072 firmo
1236 2038 1505 2084 occupassent.

71 2104 319 2141 descendunt
351 2103 444 2141 inde
476 2103 672 2154 quadrato
705 2104 865 2153 agmine
898 2104 938 2141 in
969 2104 1192 2154 planitiem,
1223 2116 1309 2153 quae
1327 2102 1504 2153 Capuam

69 2171 288 2222 Tifataque
321 2172 544 2209 interiacet.
589 2172 656 2209 Ibi
688 2186 825 2209 rursus
857 2173 942 2210 acie
974 2172 1226 2218 dimicatum3
1259 2173 1505 2221 adversoque
1526 2174 1547 2207 7

71 2241 220 2291 proelio
240 2240 434 2291 Campani
467 2241 573 2278 intra
591 2241 736 2279 moenia
753 2241 959 2291 compulsi,
990 2254 1111 2291 quum
1126 2241 1271 2279 robore
1288 2241 1506 2278 iuventutis

72 2322 151 2346 suae
178 2310 310 2347 acciso
335 2309 447 2347 nulla
469 2310 697 2360 propinqua
721 2323 810 2360 spes
834 2313 947 2356 esset,
976 2310 1104 2348 coacti
1136 2314 1229 2347 sunt
1244 2309 1294 2347 ab
1311 2309 1505 2346 Romani>-

70 2381 206 2427 petere
237 2377 445 2415 auxilium.
503 2377 649 2427 Legati
692 2378 911 2416 introducti
953 2379 993 2416 111
1033 2382 1213 2416 senatum
1252 2377 1426 2415 maxime
1459 2377 1498 2413 in
1574 2372 1632 2420 30

75 2446 178 2483 hanc
210 2447 448 2484 sententiam
480 2447 605 2485 locuti
637 2451 739 2484 sunt.
789 2446 995 2497 „Populus
1025 2461 1097 2485 nos
1114 2447 1338 2496 Campanus
1355 2445 1507 2493 legatos

73 2514 124 2551 ad
166 2528 248 2561 vos,
292 2518 426 2564 patres
467 2516 696 2565 conscripti,
742 2515 864 2561 misit,
908 2516 1129 2553 amicitiam
1174 2515 1216 2552 in
1258 2518 1505 2564 perpetuum.

73 2583 272 2620 auxilium
302 2597 476 2633 praesens
507 2598 528 2622 a
558 2584 673 2622 vobis
705 2584 886 2634 petitum.
946 2585 1074 2632 Quam
1106 2584 1138 2621 si
1169 2582 1354 2621 secundis
1385 2581 1503 2618 rebus
1523 2582 1544 2617 ·.>

73 2651 221 2688 nostris
250 2651 498 2700 petissemus,
529 2652 631 2690 sicut
663 2657 792 2702 coepta
822 2653 1002 2700 celerius,
1035 2653 1091 2690 ita
1125 2652 1342 2689 infirmiore
1373 2650 1506 2687 vinclo
