1821 2928
375 215 454 252 180
826 211 913 249 111111>1
931 224 984 249 IX.
1021 224 1068 252 (A.
1088 232 1115 249 u.
1135 232 1160 249 c.
1179 226 1249 255 444.)

317 338 458 388 putes?
518 338 645 386 Quem
691 339 793 376 clavi
838 339 988 388 figendi
1025 342 1092 376 aut
1131 339 1315 376 ludorum
1354 353 1472 378 causa
1503 341 1741 380 dictatorem

253 409 300 444 13
318 408 506 445 audacter
537 406 831 454 creesffiQuam
855 408 921 444 isti
943 407 1112 444 stolidos
1139 420 1182 444 ac
1207 409 1391 446 socordes
1416 409 1544 447 videri
1571 410 1736 448 creditis

317 489 394 522 eos,
425 475 494 525 qui
525 475 630 512 intra
659 475 889 512 vicesimum
915 475 1028 521 diem,
1061 475 1292 524 ingentibus
1314 468 1432 514 rebus
1456 477 1591 526 gestis,
1615 478 1739 517 dicta—

318 555 407 581 tura
424 557 464 581 36
480 543 778 590 abdicaverunt,
809 547 877 580 aut
900 543 968 592 qui
985 543 1083 580 vitio
1117 544 1240 581 creati
1264 545 1449 583 abierunt
1470 545 1742 594 magistratu?

252 611 302 648 14
319 612 426 660 Quid
467 625 538 661 ego
577 611 741 661 antiqua
781 610 984 660 repetam?
1043 611 1180 660 Nuper
1221 611 1328 650 intra
1366 613 1500 650 decem
1541 627 1665 652 annos
1697 615 1739 653 C.

316 681 484 717 Maenius
517 679 699 725 dictator,
730 679 835 729 quia,
867 693 987 729 quum
1019 679 1257 728 quaestiones
1288 682 1472 728 severius,
1503 695 1622 731 quam
1653 683 1740 732 qui-

317 748 485 785 busdam
517 748 747 797 potentibus
778 751 908 784 tutum
940 751 1035 794 erat,
1067 751 1275 795 exerceret,
1307 749 1490 799 contagio
1507 750 1603 797 eius,
1634 751 1740 800 quod

317 817 519 866 quaerebat
549 816 644 865 ipse,
676 816 853 861 criminis
879 816 1075 853 obiectata
1101 816 1151 853 ab
1179 817 1352 854 inimicis
1379 821 1448 864 est,
1487 821 1532 855 ut
1557 818 1739 868 privatus

252 882 300 919 15
319 885 474 923 obviam
505 885 581 922 iret
611 883 778 929 crimini,
810 883 1010 921 dictatura
1041 897 1080 920 se
1113 884 1326 922 abdicavit.
1385 885 1488 924 Nolo
1519 899 1591 935 ego
1622 887 1740 924 istam

317 954 358 991 in
386 958 426 990 te
457 952 707 998 modestiam
753 964 801 988 ne
833 951 1136 1001 degeneraveris
1174 966 1195 989 a
1227 952 1380 990 familia
1417 954 1740 1004 imperiosissima

317 1026 356 1059 et
385 1021 685 1071 superbissima,
716 1033 795 1057 non
826 1019 901 1066 die,
932 1033 1010 1057 non
1040 1020 1138 1057 hora
1168 1021 1299 1068 citius,
1330 1035 1448 1071 quam
1478 1035 1638 1060 necesse
1670 1026 1739 1071 631,

253 1087 300 1123 16
318 1090 555 1139 magistratu
586 1088 755 1134 abieris,
794 1088 911 1125 modo
942 1102 991 1125 ne
1023 1088 1188 1125 excedas
1219 1089 1375 1126 finitum
1404 1092 1572 1140 tempus.
1633 1089 1740 1128 Satis

318 1162 376 1195 est
406 1162 474 1195 aut
505 1157 608 1193 diem
634 1160 701 1194 aut
718 1170 889 1193 mensem
906 1169 1079 1193 censurae
1096 1156 1296 1194 adiicere?
1327 1157 1571 1206 Triennium,
1599 1158 1742 1208 inquit,

318 1230 355 1263 et
386 1239 453 1262 sex
483 1238 636 1262 menses
658 1225 776 1271 ultra,
808 1238 925 1274 quam
953 1225 1045 1262 licet
1061 1225 1228 1262 AEmilia
1244 1225 1342 1274 lege,
1373 1239 1579 1264 censuram
1595 1240 1741 1276 geram,

252 1291 358 1330 1761
402 1293 508 1330 301113
554 1306 699 1341 geram.
758 1291 846 1329 Hoc
892 1293 1052 1342 quidem
1099 1293 1174 1329 iam
1211 1306 1334 1342 regno
1376 1294 1505 1332 simile
1542 1297 1612 1332 est.
1671 1294 1740 1332 An

319 1362 513 1409 collegam
549 1360 797 1408 subrogabis
843 1374 957 1410 quem
1002 1375 1050 1398 ne
1095 1361 1136 1398 in
1175 1362 1371 1399 demortui
1410 1362 1570 1411 quidem
1610 1361 1740 1400 10611111

254 1428 302 1465 18
320 1428 531 1477 subrogari
547 1429 606 1465 fas
624 1428 712 1465 est?
743 1429 917 1466 Paenitet
939 1430 1054 1475 enim,
1081 1430 1188 1478 quod
1212 1429 1531 1479 antiquissimum
1552 1429 1742 1467 sollemne

319 1503 357 1534 et
387 1498 512 1535 solum
544 1497 592 1534 ab
623 1497 721 1546 ipso,
753 1497 816 1533 cui
848 1497 902 1544 fit,
924 1498 1150 1535 institutum
1176 1498 1260 1545 deo,
1291 1499 1339 1535 ab
1362 1497 1623 1536 nobilissimis
1639 1497 1740 1535 anti-

318 1566 476 1602 stitibus
508 1566 590 1602 eius
621 1565 724 1601 sacri
755 1565 805 1602 ad
836 1579 1037 1603 servorum
1069 1566 1330 1603 ministerium
1360 1566 1574 1616 religiosus
1605 1578 1743 1603 censor

256 1632 302 1667 19
322 1634 533 1679 deduxisti,
549 1646 644 1681 gens
662 1633 864 1682 antiquior
881 1634 1102 1682 originibus
1119 1635 1229 1671 urbis
1246 1635 1373 1681 huius,
1389 1634 1562 1684 hospitio
1579 1633 1742 1671 deorum

320 1701 600 1738 immortalium
631 1705 776 1747 sancta,
820 1705 983 1751 propter
1012 1704 1051 1738 te
1082 1715 1126 1738 ac
1164 1705 1274 1738 tuam
1305 1715 1509 1739 censuram
1539 1702 1646 1740 intra
1675 1715 1741 1739 an-

319 1783 411 1807 num
442 1769 492 1806 ab
524 1769 646 1818 stirpe
677 1770 871 1806 exstincta
902 1774 971 1815 est,
1001 1769 1079 1806 nisi
1109 1770 1334 1807 universam
1359 1783 1442 1806 rem
1466 1770 1666 1819 publicam
1698 1781 1742 1806 eo

319 1837 469 1875 nefario
501 1836 773 1884 obstrinxeris,
815 1838 920 1886 quod
952 1837 1119 1874 ominari
1157 1837 1275 1874 etiam
1314 1837 1548 1876 reformidat
1577 1837 1743 1875 animus.

252 1905 305 1940 20
323 1906 428 1943 Urbs
461 1919 505 1943 eo
537 1905 660 1942 lustro
693 1911 809 1955 capta
839 1909 917 1953 est,
958 1919 1056 1955 quo,
1098 1905 1304 1942 demortuo
1337 1905 1520 1955 [collega]
1563 1903 1605 1942 C.
1636 1903 1742 1941 Iulio

321 1987 491 2020 censore,
521 1973 566 2010 L.
597 1973 784 2023 Papirius
816 1972 974 2020 Cursor,
1004 1987 1053 2010 ne
1083 1974 1212 2011 abiret
1242 1973 1489 2022 magistratu,
1518 1973 1574 2010 M.
1599 1971 1744 2010 Corne-

253 2041 302 2077 21
323 2043 419 2079 1111111
436 2042 753 2091 Maluginensem
769 2041 964 2091 collegam
981 2041 1226 2090 subrogavit.
1284 2041 1337 2079 Et
1367 2045 1515 2091 quanto
1531 2040 1747 2078 modestior

320 2111 427 2147 illius
458 2110 655 2159 cupiditas
693 2109 771 2146 fuit
808 2123 924 2159 quam
961 2112 1042 2155 tua,
1087 2109 1228 2159 Appi?
1271 2109 1354 2148 Nec
1399 2109 1507 2147 solus
1537 2122 1610 2146 nec
1639 2108 1745 2145 ultra

320 2179 476 2216 finitum
521 2178 608 2227 lege
651 2181 808 2227 tempus
853 2177 899 2214 L.
939 2177 1127 2226 Papirius
1173 2191 1378 2215 censuram
1423 2177 1568 2227 gessit;
1611 2180 1745 2214 tamen

321 2246 518 2284 neminem
548 2246 716 2291 invenit,
754 2246 824 2295 qui
854 2259 894 2283 se
924 2248 1062 2294 postea
1091 2248 1291 2283 auctorem
1322 2248 1572 2295 sequeretur3
1611 2257 1746 2282 omnes

322 2314 507 2363 deinceps
547 2327 726 2351 censores
766 2317 857 2363 post
892 2317 1058 2350 mortem
1095 2313 1257 2362 collegae
1295 2326 1335 2351 se
1365 2313 1604 2362 magistratu
1634 2311 1746 2350 abdi·

254 2383 306 2418 22
324 2386 472 2419 carunt.
531 2380 587 2418 Te
626 2395 699 2419 nec
736 2382 842 2431 quod
883 2381 966 2419 dies
999 2381 1096 2418 exiit
1126 2394 1312 2428 censurae,
1353 2394 1424 2418 nec
1455 2380 1562 2430 quod
1592 2380 1746 2430 collega

325 2450 563 2498 magistratu
594 2449 702 2496 abiit,
732 2463 803 2486 nec
828 2450 891 2486 lex
909 2463 980 2486 nec
996 2449 1126 2499 pudor
1142 2452 1316 2495 coercet;
1345 2448 1537 2486 virtutem
1553 2448 1745 2498 insuper·

323 2518 399 2564 bia,
443 2518 483 2554 in
528 2516 705 2564 audacia,
749 2517 789 2553 in
834 2520 1063 2566 contemptu
1107 2517 1270 2554 deorum
1307 2517 1588 2566 hominumque
1617 2516 1746 2566 ponis.

257 2587 309 2623 23
325 2584 412 2633 Ego
433 2589 484 2631 te,
514 2584 625 2634 Appi
643 2584 796 2630 Claudi,
827 2597 898 2633 pro
924 2585 1039 2622 istius
1065 2585 1321 2634 magistratus
1347 2585 1551 2622 maiestate
1576 2597 1621 2622 ac
1636 2597 1745 2622 vere-

326 2653 480 2699 cundia,
510 2666 626 2702 quem
645 2652 826 2702 gessisti,
857 2666 934 2689 non
965 2652 1080 2690 modo
1109 2666 1226 2691 manu
1241 2652 1446 2700 violatum,
1475 2651 1545 2690 sed
1560 2665 1610 2690 116
1624 2652 1745 2690 verbo
