1821 2928
562 216 653 242 Liber
670 217 707 242 x.
749 216 796 246 (A.
816 218 869 244 011.
888 219 1044 248 295-294.)
1383 210 1464 248 233

91 334 326 380 intulerunt,
357 332 528 382 agimus;
559 334 599 368 et
628 345 677 370 ne
705 336 767 371 tot
790 345 983 371 annorum
1006 333 1141 372 clades
1163 335 1371 385 utriusque
1393 336 1522 385 gentis
1542 337 1588 375 11

91 403 326 452 laboresque
351 404 462 439 actos
488 414 593 438 nunc
609 400 789 448 referam,
821 401 968 452 quibus
991 403 1247 453 nequiverint
1268 407 1401 442 tamen
1424 405 1524 443 dura

90 471 164 509 illa
192 475 354 521 pectora
383 469 506 518 vinci,
534 469 717 520 proximo
748 483 851 508 anno
883 468 1082 509 Samnites
1114 471 1156 508 in
1180 471 1380 510 Sentinati
1411 486 1521 522 agro,
1544 475 1591 511 12

90 539 288 589 Pelignis,
320 539 371 577 ad
388 538 608 586 Tifernum,
640 537 878 576 Stellatibus
902 539 1062 589 campis,
1094 541 1174 577 suis
1190 541 1268 590 ipsi
1285 541 1523 590 legionibus,

90 607 209 646 mixti
239 607 393 655 alienis,
426 607 476 645 ab
508 610 698 658 quattuor
729 607 988 655 exercitibus,
1021 611 1212 658 quattuor
1243 609 1412 648 ducibus
1442 610 1522 648 Ro-

90 677 219 715 manis
250 677 340 714 caesi
370 675 545 722 fuerant3
577 676 858 726 imperatorem
889 676 1153 714 clarissimum
1177 678 1307 726 gentis
1331 691 1411 715 suae
1428 679 1524 716 ami-

89 749 238 792 serant3
272 745 399 783 socios
429 745 540 792 belli,
570 745 772 792 Etruscos,
806 745 991 792 Imbros,
1024 743 1175 794 Gallos,
1207 746 1248 783 in
1279 746 1414 784 eadem
1444 748 1523 785 for·
1544 748 1593 786 13

87 817 187 851 tuna
215 813 421 861 videbant,
453 827 531 864 qua
564 814 643 864 ipsi
674 818 805 859 erant;
842 826 915 851 11θο
947 814 1030 851 suis
1061 827 1132 851 nec
1165 815 1339 852 externis
1369 816 1524 854 viribus

87 882 167 919 iam
197 885 303 920 stare
334 886 538 933 poterant3
582 886 715 920 tamen
759 882 868 920 bello
906 896 986 920 non
1023 882 1296 930 abstinebant3
1343 884 1441 922 adeo
1472 898 1522 922 ne
1543 885 1592 922 14

88 950 304 991 infeliciter
345 952 509 1002 quidem
550 951 721 989 defensae
761 951 962 988 libertatis
991 951 1167 989 taedebat
1198 955 1237 989 et
1264 952 1374 991 vinci
1406 967 1525 1003 quam

87 1032 168 1057 non
197 1023 353 1057 tentare
369 1020 580 1058 victoriam
595 1019 808 1057 malebant.
869 1018 1042 1066 Quinam
1065 1020 1117 1057 sit
1140 1020 1222 1068 ille,
1254 1035 1371 1071 quem
1386 1022 1524 1072 pigeat
1544 1021 1593 1059 15

87 1087 399 1138 longinquitatis
428 1089 627 1126 bellorum
659 1088 870 1126 scribendo
910 1088 1174 1138 legendoque,
1215 1103 1303 1139 quae
1341 1095 1524 1140 gerentes

89 1170 168 1194 non
199 1157 497 1206 fatigaverunt?

202 1225 248 1272 Q.
280 1226 469 1273 Fabium,
515 1225 561 1263 P.
599 1225 774 1263 Decium
811 1225 856 1262 L.
894 1225 1126 1264 Postumius
1163 1227 1362 1276 Megellus
1401 1232 1440 1266 et
1468 1228 1523 1266 M.
1598 1223 1658 1271 32

57 1340 60 1343 Ι
87 1292 242 1332 Atilius
259 1295 440 1344 Regulus
472 1295 654 1333 consules
686 1295 811 1332 secuti
841 1298 945 1332 sunt.
991 1294 1199 1333 Samnium
1230 1296 1423 1334 ambobus
1455 1296 1520 1334 de·
1538 1283 1730 1345 ἓξὲξξξὲζ

86 1365 194 1400 creta
226 1364 435 1413 provincia
465 1367 534 1411 est,
568 1363 662 1413 quia
689 1368 771 1401 tres
798 1363 969 1413 scriptos
994 1364 1170 1401 hostium
1195 1365 1412 1412 exercitus,
1443 1379 1523 1404 uno
1540 1366 1565 1402 2

85 1431 304 1478 Etruriam,
336 1433 461 1469 altero
492 1432 774 1482 populationes
797 1431 1025 1481 Campaniae
1050 1432 1192 1482 repeti,
1221 1433 1387 1471 tertium
1412 1438 1525 1472 tuen-

86 1500 149 1538 dis
179 1500 313 1550 parari
343 1500 506 1548 finibus,
546 1501 650 1538 fama
689 1504 783 1538 erat.
843 1500 1095 1538 Postumium
1132 1501 1320 1540 valetudo
1359 1503 1566 1541 adversa-3

87 1568 225 1607 Romae
273 1569 420 1615 tenuit;
466 1568 624 1607 Atilius
671 1569 870 1619 extemplo
918 1569 1140 1619 profectus,
1185 1573 1231 1607 ut
1278 1571 1320 1608 in
1360 1569 1526 1609 Samnio

88 1637 220 1676 hostes
252 1636 329 1691 (ita
360 1639 463 1676 enim
495 1639 701 1689 placuerat
731 1638 934 1688 patribus)
974 1638 1150 1675 nondum
1182 1651 1360 1687 egressos
1392 1640 1525 1690 oppri-

86 1711 220 1744 meret.
280 1706 407 1745 Velut
437 1721 484 1744 ex
517 1707 736 1757 composito
767 1707 827 1744 ibi
859 1707 1020 1744 obvium
1050 1707 1227 1745 habuere
1257 1708 1422 1755 hostem,
1452 1709 1524 1746 ubi
1542 1707 1567 1745 4

87 1779 126 1814 et
155 1778 310 1814 vastare
341 1776 420 1827 ipsi
443 1774 687 1813 Samnitium
712 1789 851 1825 agrum
874 1775 1185 1826 prohiberentur
1208 1780 1248 1814 et
1271 1777 1409 1827 egredi
1432 1776 1525 1814 inde

88 1844 131 1882 in
160 1848 302 1894 pacata
332 1845 611 1894 sociorumque
641 1845 784 1894 populi
814 1844 987 1882 Romani
1018 1843 1116 1881 fines
1141 1843 1360 1882 Samnitem
1389 1845 1524 1894 prohi-

85 1913 237 1950 berent.
297 1911 430 1959 Quum
461 1916 590 1950 castra
621 1913 763 1950 castris
795 1913 943 1950 collata
974 1916 1115 1952 essent.
1147 1913 1255 1962 quod
1285 1913 1354 1951 vix
1378 1913 1524 1951 Roma-
1543 1911 1566 1950 5

89 1994 162 2018 nus
192 1981 312 2018 toties
343 1981 474 2018 victor
505 1980 682 2027 auderet,
713 1981 798 2018 ausi
830 1979 1030 2018 Samnites
1061 1985 1154 2018 sunt
1185 1982 1356 2029 (tantum
1388 1981 1524 2032 despe-

85 2049 190 2087 ratio
222 2049 366 2086 ultima
394 2048 635 2086 temeritatis
667 2048 778 2097 facit)
819 2053 947 2087 castra
984 2048 1167 2087 Romana
1197 2063 1448 2100 oppugnare,
1487 2054 1526 2087 et

87 2131 316 2169 quanquam
346 2130 426 2155 non
455 2117 566 2154 venit
603 2117 654 2154 ad
691 2116 807 2153 finem
846 2121 927 2154 tam
967 2117 1097 2154 audax
1137 2118 1354 2168 inceptum,
1392 2123 1524 2156 tamen

86 2186 194 2224 haud
226 2186 386 2224 omnino
417 2199 562 2223 vanum
593 2185 680 2222 fuit.
742 2184 899 2222 Nebula
926 2189 1011 2222 erat
1034 2186 1084 2223 ad
1109 2187 1278 2224 multum
1302 2187 1383 2225 diei
1400 2187 1522 2225 densa
1539 2188 1562 2225 6

89 2255 198 2302 adeo,
230 2258 275 2292 ut
305 2255 406 2292 lucis
437 2267 551 2291 usum
582 2254 765 2303 eriperet,
797 2266 873 2290 non
905 2259 1117 2304 prospectu
1150 2255 1267 2294 modo
1299 2260 1414 2293 extra
1438 2256 1519 2294 val-

89 2324 172 2362 lum
202 2322 399 2373 adempto,
445 2323 513 2360 sed
543 2323 769 2373 propinquo
801 2322 920 2359 etiam
951 2323 1299 2372 congredientium
1339 2324 1442 2361 inter
1480 2337 1521 2361 se

87 2395 313 2442 conspectu.
392 2391 482 2429 Hac
527 2392 639 2429 velut
688 2390 844 2428 latebra
891 2391 1127 2429 insidiarum
1174 2392 1268 2430 freti
1316 2391 1517 2430 Sanmites
1542 2394 1564 2429 7

87 2460 252 2498 vixdum
283 2459 380 2497 satis
412 2463 519 2497 certa
550 2459 649 2507 luce,
679 2462 718 2496 et
749 2472 834 2496 eam
864 2459 991 2509 ipsam
1022 2464 1226 2510 premente
1258 2460 1442 2509 caligine,
1476 2462 1526 2499 ad

87 2529 300 2567 stationem
318 2528 538 2566 Romanam
571 2528 612 2565 in
643 2531 760 2578 porta
790 2528 966 2576 segniter
996 2533 1178 2577 agentem
1202 2528 1364 2577 vigilias
1388 2543 1524 2579 perve-

87 2598 215 2635 niunt.
284 2597 509 2647 Improviso
551 2596 752 2647 oppressis
792 2609 863 2633 nec
895 2597 1018 2634 animi
1048 2597 1146 2634 satis
1178 2597 1228 2634 ad
1259 2597 1566 2635 resistendumss

85 2679 157 2704 nec
186 2666 334 2704 virium
364 2667 452 2704 fuit.
509 2665 577 2703 Ab
608 2671 721 2713 tergo
752 2667 972 2702 castrorum
1005 2665 1225 2704 decumana
1255 2671 1372 2715 porta
1404 2666 1524 2717 impe-
