1821 2928
372 183 450 218 1138
779 192 868 217 Liber
887 192 940 217 ix.
978 192 1024 219 (A.
1044 200 1072 217 u.
1092 200 1116 218 ο.
1137 194 1291 222 (κη-440.)

311 306 485 343 hostium
511 306 694 351 turbant;
721 309 760 343 et
784 306 823 343 in
847 310 1037 355 tempore,
1062 311 1271 357 postquam
1289 307 1472 345 ardentia
1487 308 1628 358 procul
1642 309 1747 347 vidit

313 378 441 410 castra
472 373 662 422 magister
694 374 871 422 equitum
890 374 948 422 (id
967 380 1205 412 convenerat
1228 376 1413 424 signum),
1440 376 1612 413 hostium
1633 379 1748 426 terga

315 441 479 478 invadit.
539 441 604 478 Ita
637 441 894 479 circumventi
921 440 1129 488 Samnites,
1164 457 1242 492 qua
1267 446 1398 492 potest
1414 443 1596 493 quisque,
1613 444 1745 493 fugam

248 510 296 546 16
315 523 385 559 per
409 508 565 546 diversa
591 512 749 558 petunt3
782 509 920 557 ingens
944 510 1160 547 multitudo
1187 511 1226 547 in
1249 524 1370 548 unum
1388 514 1493 548 metu
1511 511 1748 561 conglobata

248 579 356 614 lVac
404 580 525 614 semet
571 577 695 626 ipsam
740 578 859 614 turba
904 577 1123 627 impediens
1169 578 1210 614 in
1250 579 1379 616 medio
1421 592 1531 617 caesa.
1606 579 1747 618 Castra

312 645 484 682 hostium
516 648 632 694 capta
664 645 913 694 direptaque,
945 659 1113 694 quorum
1144 646 1280 694 praeda
1306 651 1490 684 onustum
1513 647 1681 685 militem
1706 647 1747 685 in

311 712 494 750 Romana
535 715 663 750 castra
704 712 876 750 dictator
913 713 1080 759 reducit,
1119 713 1427 764 haudquaquam
1464 719 1546 753 tam
1576 715 1748 753 victoria

312 780 445 816 laetum
475 793 593 829 quam
625 781 743 829 quod,
773 785 918 830 praeter
949 781 1131 830 exiguam
1163 781 1423 819 deformatam
1449 783 1633 821 incendio
1657 797 1747 833 par-

310 852 400 894 tem,
433 851 562 885 cetera
593 852 730 885 contra
761 862 869 898 spem
900 850 1011 887 salva
1042 850 1204 886 invenit.

179 910 237 956 '24
426 915 495 953 Ad
528 915 668 953 Soram
701 916 794 954 inde
824 916 1017 963 reditunn
1048 917 1222 967 novique
1254 918 1434 955 consules
1459 917 1514 956 Μ.
1539 918 1747 966 Poetelius,

106 981 291 1041 jtffigsgffi·
313 982 354 1020 (ἲ
387 982 590 1032 Sulpicius
631 985 847 1022 exercitum
884 985 933 1021 ab
966 985 1161 1022 dictatore
1193 985 1321 1023 Fabio
1353 986 1565 1034 accipiunt,
1601 998 1746 1038 magna

312 1055 423 1100 parte
452 1056 631 1088 veterum
661 1053 835 1090 militum
867 1052 1030 1090 dimissa
1053 1053 1244 1102 novisque
1272 1053 1503 1091 cohortibus
1531 1054 1571 1091 in
1589 1054 1746 1104 supple-

270 1120 487 1157 2mentum
524 1119 719 1157 adductis.
794 1121 979 1158 Ceterum
1021 1134 1141 1170 quum
1180 1125 1345 1171 propter
1386 1121 1591 1159 difficilem
1631 1122 1746 1160 urbis

312 1187 432 1223 situm
464 1201 534 1224 nec
567 1188 825 1237 oppugnandi
855 1188 951 1225 satis
984 1191 1092 1225 certa
1122 1189 1225 1226 ratio
1258 1189 1439 1235 iniretur,
1481 1193 1520 1226 et
1551 1194 1620 1227 aut
1647 1193 1745 1227 tem-

272 1255 294 1291 3
314 1269 409 1304 pore
451 1255 671 1304 longinqua
709 1259 777 1292 aut
813 1269 989 1305 praeceps
1020 1256 1197 1304 periculo
1227 1257 1397 1293 victoria
1428 1261 1538 1304 esset,
1570 1256 1746 1295 Soranus

310 1324 517 1372 transfuga
549 1324 648 1361 clam
680 1337 726 1361 ex
757 1324 906 1373 oppido
937 1325 1150 1374 profectus⁷
1188 1338 1307 1373 quum
1346 1324 1396 1362 ad
1425 1325 1570 1373 vigiles
1600 1325 1746 1363 Roma-

312 1404 382 1428 nos
413 1396 670 1441 penetrasset,
709 1391 801 1428 duci
843 1405 883 1429 se
916 1392 1114 1441 extemplo
1154 1393 1204 1429 ad
1237 1393 1414 1429 consules
1446 1393 1568 1440 iubet,
1600 1393 1744 1431 deduc-

272 1459 455 1508 4tusque
485 1459 729 1496 traditurum
760 1460 898 1497 urbem
930 1461 1140 1509 promit-tit.
1202 1459 1323 1497 Visus
1354 1460 1458 1507 inde⁷
1489 1474 1619 1510 quum,
1652 1474 1747 1510 quo-

311 1541 401 1564 nam
440 1527 557 1564 modo
600 1528 642 1565 id
683 1531 944 1577 praestaturus
984 1530 1096 1575 esset,
1127 1531 1406 1577 percontantes
1437 1527 1607 1575 doceret,
1638 1528 1746 1565 haud

309 1607 411 1631 vana
443 1594 592 1641 afferre,
624 1595 813 1645 perpulit,
844 1609 967 1645 prope
985 1595 1171 1632 adiuncta
1196 1596 1392 1633 moenibus
1408 1595 1589 1634 Romana
1619 1599 1747 1633 castra

271 1660 294 1697 5
312 1667 354 1698 ut
386 1676 452 1699 sex
482 1663 609 1699 millia
640 1663 689 1700 ab
722 1663 867 1711 oppido
900 1666 1214 1700 removerentur:
1246 1663 1342 1710 fore,
1367 1667 1412 1700 ut
1436 1665 1564 1701 minus
1582 1664 1745 1701 intentae

312 1730 350 1765 in
376 1729 593 1767 custodiam
621 1731 734 1767 urbis
758 1731 911 1767 diurnae
938 1731 1128 1767 stationes
1154 1735 1418 1768 acnocturnae
1435 1731 1589 1779 vigiliae
1607 1736 1747 1769 essent.

310 1797 403 1847 Ipse
435 1798 659 1847 insequenti
690 1801 815 1844 nocte,
847 1797 920 1835 sub
948 1797 1095 1847 oppido
1122 1798 1371 1835 silvestribus
1398 1799 1494 1836 locis
1518 1799 1746 1836 cohortibus

311 1864 482 1902 insidere
522 1865 649 1912 iussis⁷
688 1866 822 1903 decem
864 1866 1012 1902 milites
1051 1865 1225 1903 delectos
1264 1879 1394 1903 secum
1433 1880 1505 1916 per
1545 1866 1671 1904 ardua
1701 1880 1745 1903 ao

310 1947 433 1982 prope
464 1933 573 1971 invia
604 1934 645 1970 in
676 1947 805 1971 arcem
838 1933 959 1980 ducit,
990 1933 1173 1983 pluribus
1205 1947 1323 1983 quam
1353 1947 1425 1984 pro
1453 1947 1615 1971 numero
1641 1934 1745 1972 viro-

273 2002 400 2036 Grum
433 2000 649 2039 missilibus
679 2002 772 2039 telis
804 2015 848 2039 eo
881 2002 1056 2047 collatis;
1088 2001 1139 2038 ad
1170 2001 1243 2039 hoc
1275 2015 1369 2039 saxa
1400 2006 1513 2039 erant
1538 2006 1576 2039 et
1597 2006 1747 2039 temere

311 2068 493 2114 iacentia,
530 2074 575 2105 ut
611 2069 655 2105 fit
697 2069 737 2106 in
769 2069 950 2119 asp1·eti5‚
983 2073 1022 2106 et
1052 2069 1101 2106 de
1133 2069 1332 2106 industria
1363 2069 1493 2116 etiam,
1525 2083 1602 2119 quo
1634 2070 1746 2107 locus

277 2136 439 2171 7tutior
472 2140 583 2183 esset,
614 2137 661 2173 ab
695 2137 905 2187 oppidanis
937 2140 1134 2185 congesta.
1201 2137 1284 2174 Ubi
1323 2150 1442 2186 quum
1474 2137 1745 2175 constituisset

310 2203 510 2240 Romanos
541 2204 801 2253 semitamque
833 2209 1041 2253 angustam
1073 2209 1111 2242 et
1141 2205 1307 2241 arduam
1334 2209 1503 2241 erectam
1527 2218 1573 2241 ex
1597 2204 1743 2254 oppido

313 2270 352 2307 in
385 2284 514 2308 arcem
545 2273 794 2319 ostendisset,
829 2273 942 2318 „Hoc
967 2273 1128 2321 quidem
1155 2273 1370 2309 adscensu*
1399 2272 1528 2321 inquit
1557 2272 1743 2318 „veltres

268 2337 293 2374 8
311 2339 452 2375 armati
477 2339 698 2387 quamlibet
720 2340 1017 2377 multitudinem
1045 2340 1264 2385 arcuerint3
1294 2353 1363 2377 vos
1381 2343 1419 2376 et
1434 2339 1568 2376 decem
1581 2352 1743 2376 numero

311 2410 359 2451 et,
391 2407 499 2454 quod
526 2406 613 2455 plus
641 2412 709 2452 est,
735 2407 909 2444 Roman}
926 2408 1277 2456 Romanorumque
1302 2407 1511 2444 fortissimi
1533 2407 1614 2444 viri
1639 2407 1744 2444 estis.

310 2473 361 2509 Et
394 2474 502 2510 locus
534 2487 606 2522 pro
636 2474 749 2511 vobis
781 2479 822 2511 et.
849 2489 927 2512 nox
958 2475 1042 2521 erit,
1074 2488 1160 2524 quae
1189 2475 1322 2511 omnia
1347 2488 1393 2511 ex
1417 2475 1569 2511 incerto
1593 2473 1744 2511 maiora

308 2541 458 2577 territis
490 2546 674 2579 ostentat.
733 2542 820 2590 Ego
853 2543 929 2579 iam
959 2547 1112 2579 terrore
1143 2542 1275 2579 omnia
1301 2541 1492 2591 implebo;
1520 2555 1590 2579 vos
1613 2554 1743 2578 arcem

270 2607 293 2643 9
312 2607 455 2645 intenti
491 2612 658 2645 tenetef
721 2608 912 2646 Decurrit
944 2609 1047 2656 inde,
1086 2614 1232 2658 quanto
1263 2609 1435 2647 maximo
1466 2612 1624 2658 poterat
1655 2622 1742 2645 cum
