1821 2928
730 280 926 334 Liber
981 278 1012 334 Ι.

137 453 237 515 Iam
270 476 444 526 primum
469 475 646 513 omnium
672 475 771 513 satis
796 477 966 525 constat,
999 473 1122 512 Troia
1153 478 1272 524 capta
1298 473 1340 510 in
1357 474 1511 510 ceteros
1528 482 1598 508 sae-

138 551 267 589 vitum
300 562 386 586 esse
417 547 627 595 Troianos,
667 547 837 598 duobus⁷
870 547 1011 584 AEneae
1042 544 1338 596 Antenorique,
1368 548 1409 582 et
1439 543 1590 582 vetusti

139 622 228 660 iure
258 620 441 670 hospitii,
475 623 515 658 et
541 621 637 671 quia
662 620 775 670 pacis
799 619 1097 669 reddendaeque
1123 617 1293 655 Helenae
1320 631 1475 667 semper
1499 629 1590 655 auc-

136 698 246 732 tores
292 694 465 739 fuerant,
513 706 629 730 omne
670 692 733 730 ius
771 692 872 730 belli
905 691 1090 730 Achivos
1122 689 1385 736 abstinuisse3
1434 689 1634 727 casibus2

134 765 286 804 deinde
318 765 442 803 variis
473 764 725 803 Antenorem
758 778 847 802 cum
879 763 1140 801 multitudine
1165 762 1355 809 Enetum,
1386 762 1457 812 qui
1488 761 1591 799 sedi-

135 838 249 876 tione
274 851 324 875 ex
341 837 628 887 Paphlagonia
653 837 762 888 pulsi
790 840 828 875 et
852 836 967 874 sedes
992 839 1031 873 et
1049 835 1204 885 ducem,
1236 849 1331 885 rege
1362 834 1593 884 Pylaemene

135 911 188 948 ad
206 909 370 948 Troiam
403 909 564 960 amisso,
598 910 849 960 quaerebant,
880 909 1036 947 venisse
1069 908 1110 945 in
1142 908 1328 945 intimum
1359 906 1594 945 Hadriatici

138 982 260 1020 maris
293 982 436 1030 sinum,
475 981 777 1032 Euganeisque,
816 981 888 1032 qui
920 981 1029 1018 inter
1059 994 1167 1019 mare
1199 980 1410 1031 Alpesque
1442 978 1591 1017 incole·
1612 972 1636 1010 3

136 1054 247 1102 bant,
270 1054 398 1105 pulsis
415 1054 567 1093 Enetos
585 1054 865 1104 Troianosque
883 1067 949 1091 eas
966 1054 1142 1091 tenuisse
1159 1057 1300 1091 terras.
1347 1052 1398 1090 Ei
1414 1052 1455 1090 in
1474 1065 1592 1103 quem

136 1126 312 1178 primum
346 1127 495 1176 egressi
527 1131 621 1165 sunt
652 1127 798 1177 locum,
832 1126 958 1164 Troia
988 1130 1168 1173 vocatur,
1198 1138 1383 1176 pagoque
1416 1124 1592 1163 Troiano

138 1199 236 1237 inde
282 1212 426 1236 nomen
473 1202 550 1246 est;
598 1213 696 1249 gens
741 1199 932 1237 universa
963 1198 1113 1238 Veneti
1153 1198 1362 1249 appellati.
1423 1193 1638 1234 AEneam4

138 1271 189 1310 ab
222 1271 347 1309 simili
379 1271 493 1309 clade
525 1271 643 1309 domo
676 1273 906 1322 profugum,
939 1271 1010 1309 sed
1042 1271 1092 1308 ad
1123 1271 1278 1308 maiora
1308 1283 1443 1307 rerum
1476 1269 1595 1306 initia

138 1343 385 1381 ducentibus
416 1343 522 1391 fatis,
554 1344 684 1394 primo
716 1345 757 1381 in
775 1344 1058 1382 Macedoniam
1089 1343 1258 1389 venisse,
1290 1342 1383 1379 inde
1417 1343 1457 1379 in
1491 1340 1593 1380 Sici-

138 1415 237 1454 liam
269 1419 516 1466 quaerentem
547 1416 663 1454 sedes
696 1416 886 1463 delatum,
918 1416 968 1454 ab
1002 1414 1150 1453 Sicilia
1182 1415 1308 1452 classe
1339 1415 1389 1452 ad
1415 1415 1593 1453 Lauren-

142 1492 224 1526 tem
269 1501 410 1537 agrum
455 1487 642 1525 tenuisse.
702 1487 836 1526 Troiae
883 1491 922 1525 et
966 1487 1061 1526 huic
1099 1488 1187 1526 loco
1220 1500 1364 1525 nomen
1396 1491 1467 1525 est.
1527 1484 1635 1526 Ibi5

143 1559 298 1610 egressi
330 1558 510 1609 Troiani,
557 1563 602 1597 ut
648 1561 794 1610 quibus
840 1560 891 1598 ab
938 1561 1132 1597 immenso
1163 1573 1290 1610 prope
1322 1573 1458 1597 errore
1490 1560 1594 1598 nihil

143 1635 291 1682 praeter
309 1644 418 1669 arma
435 1636 474 1669 et
489 1644 609 1669 naves
627 1635 866 1683 superesset,
892 1645 1015 1682 quum
1027 1632 1205 1682 praedam
1225 1646 1273 1670 ex
1290 1632 1399 1682 agris
1418 1636 1594 1682 agerent,

143 1703 314 1742 Latinus
359 1717 430 1741 rex
461 1702 808 1755 Aboriginesque,
857 1705 927 1755 qui
971 1708 1057 1742 tum
1097 1719 1142 1742 ea
1172 1705 1367 1743 tenebant
1395 1706 1497 1756 loca,
1544 1705 1595 1744 ad

141 1775 357 1814 arcendam
402 1776 483 1813 vim
529 1776 775 1815 advenarum
816 1778 963 1815 armati
995 1791 1044 1815 ex
1076 1777 1175 1815 urbe
1207 1781 1328 1828 atque
1360 1779 1469 1827 agris
1502 1792 1593 1816 con-

142 1851 322 1886 currunt.
367 1847 534 1898 Duplex
565 1849 659 1887 inde
693 1850 799 1887 fama
830 1852 901 1886 est.
946 1848 1036 1887 Alii
1067 1850 1211 1900 proelio
1234 1850 1386 1888 victum
1404 1850 1595 1889 Latinum
1615 1850 1638 1887 6

142 1933 282 1971 pacem
313 1934 401 1958 cum
433 1921 575 1971 AEnea,
624 1921 769 1959 deinde
802 1921 1042 1960 affinitatem
1073 1922 1254 1960 iunxisse
1285 1923 1475 1970 tradunt;
1507 1924 1591 1974 alii,
1615 1923 1637 1960 7

142 2006 265 2044 quum
297 1992 503 2031 instructae
535 1993 640 2031 acies
673 1994 960 2044 constitissent,
992 1994 1226 2046 priusquam
1260 1995 1375 2044 signa
1393 1999 1593 2044 canerent,

140 2065 383 2117 processisse
399 2065 591 2102 Latinum
622 2066 728 2104 inter
758 2067 958 2116 primores
990 2067 1212 2117 ducemque
1238 2067 1483 2106 advenarum
1502 2083 1594 2107 evo-

140 2151 252 2177 casse
278 2138 327 2175 ad
353 2138 616 2188 colloquium3
647 2142 929 2189 percontatum
956 2139 1118 2190 deinde,
1152 2140 1222 2190 qui
1239 2141 1429 2179 mortales
1450 2145 1594 2189 essent,

141 2211 248 2248 unde
280 2214 349 2248 aut
381 2223 458 2260 quo
492 2223 585 2248 casu
615 2211 787 2261 profecti
815 2210 931 2250 domo
959 2212 1106 2262 quidve
1135 2217 1361 2263 quaerentes
1386 2214 1427 2252 in
1452 2228 1593 2264 agrum

142 2281 386 2321 Laurentem
405 2282 592 2333 exissent,
618 2286 832 2334 postquam
857 2284 1046 2334 audierit,
1074 2285 1376 2324 multitudinem
1393 2287 1594 2326 Troianos
1613 2289 1638 2326 8

142 2368 241 2405 esse,
275 2355 414 2392 ducem
432 2354 615 2405 AEneam,
632 2354 760 2393 filium
777 2355 969 2394 Anchisae
996 2360 1035 2394 et
1053 2357 1238 2410 Veneris,
1266 2364 1442 2398 cremata
1458 2361 1594 2410 patria

142 2427 262 2466 domo
288 2427 481 2478 profugos
505 2427 638 2465 sedem
665 2427 965 2479 condendaeque
989 2430 1082 2468 urbi
1105 2431 1235 2469 locum
1254 2445 1446 2482 quaerere,
1469 2436 1508 2469 et
1525 2446 1592 2470 no·

141 2499 343 2537 bilitatem
367 2499 609 2538 admiratum
634 2501 768 2549 gentis
784 2501 945 2552 virique
963 2505 1002 2540 et
1019 2503 1198 2541 animum
1215 2504 1279 2542 vel
1297 2504 1403 2542 bello
1422 2504 1485 2541 vel
1503 2505 1594 2554 paci

143 2576 343 2624 paratum,
371 2572 511 2610 dextra
536 2571 632 2610 data
648 2572 768 2610 fidem
785 2574 931 2612 futurae
949 2575 1142 2613 amicitiae
1160 2576 1352 2614 sanxisse.
1400 2576 1501 2613 Inde
1519 2577 1590 2614 foe-
1612 2575 1635 2613 9

144 2645 218 2683 dus
231 2645 353 2682 ictum
365 2644 470 2682 inter
483 2644 615 2692 duces,
624 2645 730 2684 inter
739 2647 942 2685 exercitus
961 2647 1250 2685 salutationem
1259 2649 1592 2688 factamAEneam

144 2717 253 2767 apud
268 2717 459 2755 Latinum
476 2717 599 2756 fuisse
616 2718 657 2756 in
673 2719 871 2769 hospitio;
900 2719 960 2757 ibi
976 2720 1170 2758 Latinum
1187 2720 1295 2770 apud
1310 2725 1478 2771 penates
1496 2722 1592 2761 deos

1343 2795 1384 2828 1·

1705 465 1728 513 1
