1821 2928
289 139 373 176 278
739 135 856 171 Liber
880 134 925 169 V.
975 136 1036 178 (A.
1061 147 1098 170 u.
1124 146 1154 169 c.
1179 137 1274 179 358.)

293 262 371 300 iam
403 262 451 300 ab
484 263 657 300 externis
689 263 861 300 oraculis
888 262 1080 312 proditos,
1111 263 1189 300 iam
1215 263 1257 300 in
1280 266 1436 313 partem
1467 264 1615 314 praedae
1640 276 1722 302 suae

295 337 454 372 vocatos
472 334 578 380 deos,
609 333 708 371 alios
740 334 842 372 votis
875 347 921 371 ex
952 334 1049 371 urbe
1075 348 1145 371 sua
1169 339 1351 373 evocatos
1378 337 1549 375 hostium
1572 335 1723 386 templa

291 419 491 455 novasque
522 406 633 443 sedes
665 410 858 455 spectare,
903 419 1022 455 seque
1068 406 1254 444 ultimum
1300 407 1414 444 illum
1453 407 1560 445 diem
1592 420 1723 458 agere,

250 480 273 513 ⁴3
292 477 394 514 nihil
427 478 555 514 minus
580 478 764 514 timentes
790 491 919 528 quam,
947 478 1123 514 subrutis
1140 478 1325 516 cuniculo
1354 479 1561 525 moenibus,
1592 491 1723 516 arcem

291 549 366 585 iam
398 549 553 598 plenam
586 548 761 586 hostium
794 563 887 595 esse,
933 549 973 586 in
1020 563 1154 587 muros
1193 563 1264 599 pro
1311 564 1351 588 se
1383 552 1551 600 quisque
1582 550 1726 588 armati

249 621 269 654 7
291 620 530 667 discurrunt,
563 621 764 668 mirantes,
795 621 982 670 quidnam
1021 621 1062 658 id
1095 625 1206 668 esset,
1239 623 1357 671 quod,
1403 636 1520 672 quum
1563 625 1625 660 tot
1654 634 1726 672 per

293 692 376 729 dies
408 706 522 730 nemo
555 706 595 730 se
636 693 684 730 ab
724 693 962 730 stationibus
993 693 1197 730 Romanus
1225 695 1440 741 'movisset‚
1487 699 1569 731 tum
1614 693 1726 730 velut

248 763 273 798 S
290 765 500 813 repentino
534 765 602 801 icti
627 765 760 801 furore
779 765 994 814 improvidi
1021 768 1224 802 currerent
1247 766 1297 802 ad
1323 779 1465 804 muros.
1526 765 1725 803 Inseritur

297 835 388 872 huic
405 836 493 873 loco
525 836 672 883 fabula,
706 837 935 873 immolante
959 850 1052 885 rege
1069 836 1301 874 Veientium
1319 851 1455 875 vocem
1481 836 1719 886 haruspicis,

297 907 479 954 dicentis,
512 909 580 958 qui
612 909 693 946 eius
724 909 865 946 hostiae
898 913 988 945 exta
1017 909 1296 958 prosecuisset,
1329 909 1365 946 ei
1395 909 1604 947 victoriam
1630 908 1729 954 dari,

296 980 521 1017 exauditam
553 981 596 1018 in
627 981 811 1018 cuniculo
843 981 1010 1017 movisse
1032 980 1235 1018 Romanos
1267 981 1424 1028 milites,
1455 984 1499 1018 ut
1529 979 1722 1029 adaperto

194 1102 201 1105 ἣ
255 1052 277 1088 9
296 1053 479 1089 cuniculo
512 1057 603 1091 exta
627 1056 813 1102 raperent
837 1057 876 1090 et
899 1052 948 1088 ad
967 1052 1202 1089 dictatorem
1226 1052 1386 1090 ferrent.
1439 1051 1518 1090 Sed
1544 1052 1584 1089 in
1609 1051 1728 1089 rebus

291 1127 371 1160 tam
403 1124 592 1174 antiquis,
625 1125 668 1171 si,
700 1138 787 1174 quae
819 1124 967 1161 similia
993 1125 1100 1162 veris
1126 1125 1214 1170 sint,
1242 1138 1314 1174 pro
1338 1124 1445 1162 veris
1469 1125 1728 1174 accipiantur,

297 1196 393 1233 satis
425 1195 613 1242 habeam;
660 1196 744 1232 haec
782 1196 832 1233 ad
878 1196 1181 1233 ostentationem
1214 1209 1339 1233 seenae
1371 1196 1580 1244 gaudentis
1611 1195 1728 1233 mira-

301 1268 400 1305 culis
433 1268 588 1317 aptiora
619 1281 737 1317 quam
768 1268 818 1304 ad
848 1267 965 1304 fidem
1003 1281 1130 1318 neque
1163 1267 1361 1305 affirmare
1391 1281 1519 1318 neque
1549 1267 1733 1305 refellere

227 1341 278 1378 10
297 1353 428 1390 operae
459 1340 632 1389 pretium
664 1344 735 1378 est.
798 1339 1016 1377 Cuniculus
1048 1340 1211 1377 delectis
1248 1339 1446 1377 militibus
1477 1353 1522 1377 eo
1552 1342 1731 1389 tempore

292 1413 436 1463 plenus
468 1412 510 1448 in
542 1412 665 1449 aedem
688 1410 866 1458 Iunonis,
898 1424 985 1461 quae
1010 1412 1050 1448 in
1068 1411 1295 1449 Veientana
1323 1425 1412 1449 arce
1429 1415 1526 1458 erat,
1556 1414 1730 1449 armatos

293 1488 459 1534 repente
492 1483 629 1530 edidit,
662 1486 699 1520 et
729 1497 821 1533 pars
852 1496 1009 1521 aversos
1034 1484 1076 1520 in
1100 1484 1224 1521 muris
1250 1483 1445 1521 invadunt
1459 1483 1604 1530 hostes,
1633 1495 1727 1533 pars

294 1556 467 1593 claustra
498 1559 702 1605 portarum
719 1555 932 1600 revellunt,
963 1569 1068 1605 pars,
1099 1569 1220 1606 quum
1237 1569 1285 1593 ex
1308 1556 1426 1592 tectis
1451 1569 1547 1593 saxa
1561 1554 1725 1603 tegulae-

225 1629 244 1664 1
255 1628 273 1664 1
294 1641 370 1678 que
387 1641 409 1664 a
423 1627 660 1664 mulieribus
677 1641 721 1664 ac
738 1627 915 1665 servitiis
932 1627 1170 1674 iacerentur,
1200 1627 1378 1664 inferunt
1393 1628 1518 1677 ignes.
1566 1625 1726 1664 Clamor

295 1699 426 1737 omnia
441 1699 564 1736 variis
590 1699 824 1735 terrentium
852 1712 895 1735 ac
918 1699 1147 1748 paventium
1164 1698 1339 1745 vocibus,
1363 1699 1487 1736 mixto
1513 1698 1726 1735 mulierum

223 1772 273 1808 12
291 1784 335 1809 ac
367 1783 582 1821 puerorum
607 1771 777 1820 ploratu,
809 1770 990 1820 complet.
1037 1770 1242 1807 Momento
1273 1770 1462 1820 temporis
1495 1768 1659 1807 deiectis
1675 1782 1725 1806 ex

290 1856 401 1880 muro
431 1842 608 1892 undique
639 1842 802 1880 armatis
825 1842 1116 1892 patefactisque
1146 1842 1287 1891 portis,
1319 1855 1439 1890 quum
1469 1841 1542 1878 alii
1566 1841 1725 1889 agmine

290 1916 501 1961 irruerent,
527 1914 597 1952 alii
624 1914 800 1951 desertos
826 1914 1065 1951 scanderent
1088 1926 1232 1959 muros,
1259 1913 1356 1950 urbs
1380 1913 1561 1950 hostibus
1584 1912 1723 1962 imple-

227 1987 277 2023 13
295 1990 380 2032 tur;
413 1986 597 2023 omnibus
627 1986 726 2023 locis
756 1989 976 2036 pugnatur;
1009 1985 1165 2031 deinde,
1197 1985 1322 2021 multa
1352 1985 1431 2022 iam
1464 1984 1570 2022 edita
1601 1983 1721 2030 caede,

291 2058 460 2095 senescit
499 2070 643 2107 pugna,
690 2061 727 2094 et
766 2057 938 2094 dictator
983 2069 1185 2107 praecones
1231 2056 1386 2093 edicere
1416 2056 1538 2102 iubet,
1581 2060 1628 2093 ut
1671 2054 1723 2093 ab

226 2130 276 2166 14
295 2129 435 2166 inermi
453 2129 712 2166 abstineatur.
758 2128 800 2166 Is
830 2128 920 2166 finis
952 2128 1159 2177 sanguinis
1182 2128 1271 2166 fuit.
1318 2127 1428 2165 Dedi
1443 2126 1536 2164 inde
1553 2127 1724 2164 inermes

291 2201 423 2250 coepti,
455 2203 493 2238 et
524 2200 575 2238 ad
605 2200 780 2249 praedam
805 2200 916 2237 miles
932 2200 1128 2249 permissu
1151 2199 1359 2237 dictatoris
1383 2198 1584 2237 discurrit.
1624 2197 1724 2246 Quae

292 2285 412 2321 quum
444 2275 536 2308 ante
569 2271 702 2308 oculos
735 2272 817 2308 eius
849 2271 1098 2321 aliquantum
1129 2284 1198 2320 spe
1229 2274 1349 2320 atque
1379 2270 1568 2320 opinione
1597 2268 1726 2306 maior

291 2343 533 2392 maiorisque
578 2343 699 2392 pretii
742 2356 876 2380 rerum
905 2342 1087 2389 ferretur,
1128 2342 1274 2379 dicitur
1321 2354 1460 2379 manus
1488 2340 1553 2377 'ad
1584 2339 1725 2378 caelum

226 2416 275 2452 15
292 2415 436 2452 tollens
467 2417 651 2464 precatus
697 2428 798 2460 esse,
830 2417 893 2460 ut,
924 2414 958 2451 si
1001 2415 1064 2451 cui
1097 2413 1260 2451 deorum
1289 2413 1572 2463 hominumque
1601 2409 1726 2448 nimia

291 2499 362 2523 sua
405 2486 565 2523 fortuna.
595 2485 815 2535 populique
845 2485 1018 2522 Romani
1061 2485 1276 2530 videretur,
1307 2488 1352 2521 ut
1396 2497 1480 2521 eam
1525 2481 1722 2521 invidiam

291 2557 417 2595 lenire
448 2570 565 2607 quam
588 2556 750 2594 minimo
766 2569 836 2594 suo
862 2556 1018 2605 privato
1046 2555 1294 2594 incommodo
1319 2554 1558 2605 publicoque
1581 2551 1722 2602 populi

226 2630 274 2667 16
291 2628 465 2666 Romani
494 2629 644 2666 liceret.
717 2626 1024 2665 Convertentem
1062 2641 1103 2664 se
1148 2627 1254 2664 inter
1292 2626 1393 2663 hanc
1423 2624 1719 2662 venerationem

291 2699 467 2738 traditur
488 2696 686 2738 memoriae
711 2699 941 2749 prolapsum
967 2698 1180 2745 cecidisse3
1212 2697 1332 2747 idque
1349 2694 1463 2734 'omen
1479 2694 1723 2746 pertinuisse
