1821 2928
718 154 832 190 Liber
857 155 885 189 I.
1469 160 1523 199 57

82 291 155 329 per
186 280 342 329 ignotas
374 294 419 318 ea
449 284 685 331 tempestate
709 286 849 328 terras,
882 283 1083 332 ignotiora
1108 285 1232 323 maria
1257 285 1297 322 in
1324 285 1523 324 Graeciam

82 351 204 390 misit.
251 351 369 391 Titus
401 357 440 391 et
470 353 630 391 Arruns
662 354 853 405 profecti:
888 368 1017 393 comes
1051 356 1098 393 iis
1131 356 1292 395 additus
1310 357 1356 397 L.
1375 358 1518 396 Iunius
1539 361 1561 396 7

83 421 246 473 Brutus,
279 424 515 475 Tarquinia,
547 439 680 464 sorore
705 427 825 476 regis,
858 430 987 476 uatus,
1014 428 1167 466 iuvenis
1196 429 1312 478 longe
1337 430 1440 468 alius
1465 431 1523 467 in-

83 495 203 544 genii,
237 510 356 546 quam
388 498 501 535 cuius
532 498 831 537 simulationem
863 499 1058 537 induerat.
1105 499 1147 538 Is
1180 514 1300 550 quum
1326 502 1523 552 primores

81 567 270 618 civitatis,
305 570 346 607 in
377 570 522 620 quibus
549 571 710 608 fratrem
738 584 852 609 suum
876 571 926 609 ab
951 571 1148 609 avunculo
1176 573 1432 612 interfectum
1456 587 1524 612 au-

83 638 218 686 disset,
250 654 378 692 neque
410 642 451 680 in
476 642 608 680 animo
635 655 704 680 suo
732 643 947 694 quicquam
971 644 1057 692 regi
1081 643 1300 682 timendum
1330 659 1456 695 neque
1482 647 1524 684 in

81 710 243 750 fortuna
262 714 624 764 concupiscendum
641 711 869 765 relinquere
897 716 1052 762 statuit,
1077 719 1387 766 contemptuque
1412 722 1523 756 tutus

83 796 179 831 esse,
220 785 290 823 ubi
331 786 371 823 in
410 787 496 824 iure
536 799 677 836 parum
709 788 891 837 praesidii
922 791 1036 826 esset.
1099 787 1208 836 Ergo
1241 801 1289 826 ex
1323 789 1563 829 industriass

81 855 212 894 factus
243 857 293 895 ad
325 858 590 896 imitationem
623 859 819 909 stultitiae,
852 872 976 910 quum
1008 873 1048 897 se
1080 872 1229 909 suaque
1261 860 1407 910 praedae
1440 875 1523 900 esse

81 928 169 977 regi
201 928 359 975 sineret,
384 929 504 968 Bruti
530 944 687 982 quoque
716 931 823 970 haud
851 932 992 970 abnuit
1010 944 1240 981 cognomen,
1266 934 1311 969 ut
1337 932 1412 970 sub
1439 933 1523 970 eius

82 999 250 1038 obtentu
274 1003 522 1051 cognominis
548 1004 742 1041 liberator
769 1004 838 1041 ille
863 1004 1003 1053 populi
1029 1003 1204 1042 Romani
1221 1003 1378 1041 animus
1394 1005 1523 1042 latens

83 1073 340 1123 opperiretur
370 1078 549 1125 tempora
580 1089 662 1114 sua.
710 1076 752 1113 Is
783 1079 867 1113 tum
901 1076 950 1114 ab
982 1075 1217 1125 Tarquiniis
1249 1075 1392 1114 duetus
1423 1075 1521 1114 Del·
1541 1078 1564 1115 9

80 1144 193 1194 phos,
217 1145 439 1184 ludibrium
464 1147 597 1185 verius
624 1161 742 1198 quam
767 1161 910 1197 comes,
938 1161 1102 1185 aureum
1126 1148 1314 1185 baculum
1328 1148 1524 1186 inclusum

82 1230 226 1255 corneo
265 1221 403 1257 cavato
442 1219 493 1257 ad
533 1220 574 1257 id
613 1220 756 1258 baculo
788 1220 927 1258 tulisse
959 1219 1108 1258 donum
1142 1220 1331 1269 Apollini
1363 1219 1523 1267 dicitur,

80 1303 153 1340 per
183 1289 373 1340 ambages
404 1291 578 1342 effigiem
609 1293 762 1341 ingenii
792 1293 868 1331 sui.
916 1291 1004 1339 Quo
1035 1295 1248 1342 postquam
1265 1294 1426 1328 ventum
1453 1295 1523 1343 est,
1547 1294 1597 1332 10

82 1362 272 1412 perfectis
302 1364 428 1413 patris
455 1363 664 1411 mandatis,
697 1364 845 1413 cupido
871 1364 1035 1401 incessit
1058 1364 1212 1401 animos
1237 1363 1424 1402 iuvenum
1447 1362 1524 1401 soi-

79 1435 266 1485 scitandi,
308 1435 360 1474 ad
392 1448 511 1485 quem
542 1449 678 1474 eorum
709 1449 876 1485 regnum
908 1435 1131 1473 Romanum
1165 1438 1267 1474 esset
1298 1438 1524 1473 venturum.

81 1505 144 1544 Ex
175 1506 311 1545 infimo
343 1521 463 1558 specu
494 1521 631 1547 vocem
656 1507 859 1546 redditam
874 1508 1028 1547 ferunt:
1066 1507 1311 1558 „Imperium
1327 1520 1523 1545 summum

81 1578 221 1616 Romae
246 1579 423 1629 habebit,
449 1581 519 1630 qui
542 1583 716 1618 vestrum
735 1580 901 1630 primus,
928 1593 950 1618 o
982 1580 1158 1629 iuvenes,
1192 1579 1371 1617 osculum
1403 1578 1523 1617 matri

80 1651 259 1690 tulerit.“
307 1651 534 1701 Tarquinii,
568 1655 611 1690 ut
628 1650 784 1698 Sextus,
817 1652 887 1701 qui
918 1651 1057 1689 Romae
1087 1651 1255 1689 relictus
1286 1651 1430 1700 fuerat,
1464 1651 1522 1700 ig·
1545 1650 1592 1687 ll

80 1736 202 1762 narus
225 1724 406 1774 responsi
431 1737 654 1774 expersque
682 1724 842 1774 imperii
866 1727 979 1771 esset,
1009 1737 1094 1761 rem
1117 1736 1272 1761 summa
1298 1736 1372 1774 ope
1396 1723 1523 1761 taceri

80 1795 238 1841 iubent;
264 1796 343 1846 ipsi
368 1796 473 1834 inter
497 1809 550 1843 se,
573 1800 663 1834 uter
688 1797 811 1846 prior,
838 1809 960 1846 quum
976 1795 1146 1834 Romam
1162 1795 1372 1841 redissent,
1398 1795 1519 1833 matri

80 1868 261 1906 osculum
293 1868 418 1915 daret,
456 1869 554 1907 sorti
592 1868 843 1919 permittunt.
901 1868 1054 1906 Brutus
1086 1867 1167 1906 alio
1199 1870 1310 1906 ratus
1342 1871 1523 1918 spectare
1545 1865 1595 1903 12

80 1939 290 1989 Pythicam
321 1953 468 1987 vocem,
500 1941 612 1979 velut
642 1941 678 1978 si
710 1941 920 1991 prolapsus
953 1939 1173 1987 cecidisset,
1204 1943 1353 1977 terram
1385 1939 1522 1977 osculo

80 2012 262 2062 contigit,
294 2012 449 2050 scilicet
480 2013 587 2062 quod
619 2025 665 2051 ea
696 2012 918 2051 eommunis
948 2015 1075 2062 mater
1099 2012 1273 2049 omnium
1292 2012 1522 2049 mortalium

80 2087 196 2123 esset.
256 2084 446 2122 Reditum
492 2084 584 2122 inde
614 2085 795 2132 Romam,
840 2085 910 2123 ubi
942 2083 1133 2122 adversus
1164 2084 1340 2122 Rutulos
1371 2083 1522 2121 bellum
1546 2082 1593 2120 13
1627 2114 1633 2119 .

78 2169 230 2194 summa
260 2157 300 2194 vi
331 2155 559 2206 parabatur.

196 2228 376 2266 Ardeam
410 2227 553 2266 Rutuli
585 2228 799 2275 habebant,
840 2242 949 2278 gens,
980 2231 1025 2265 ut
1058 2228 1099 2265 in
1131 2241 1177 2265 ea
1210 2227 1374 2276 regione
1406 2230 1526 2277 atque
1609 2223 1659 2272 57

81 2300 123 2338 in
153 2295 199 2338 e'a
231 2303 358 2346 aetate,
393 2300 546 2337 divitiis
578 2301 835 2351 praepollens3
879 2312 1005 2349 eaque
1037 2300 1124 2350 ipsa
1156 2312 1274 2337 causa
1306 2299 1401 2337 belli
1427 2299 1521 2360 rfuit,

79 2373 189 2422 quod
220 2385 290 2410 rex
307 2371 512 2409 Romanus
544 2384 665 2420 quum
698 2373 784 2423 ipse
815 2372 952 2419 ditari,
983 2371 1198 2410 exhaustus
1218 2370 1522 2420 magnificentia

82 2443 337 2494 publicorum
369 2456 547 2493 operum,
586 2447 670 2481 tum
702 2444 838 2494 praeda
869 2444 1048 2482 delenire
1078 2443 1337 2493 popularium
1369 2442 1522 2480 animos

79 2515 277 2562 studebat,
310 2518 456 2566 praeter
486 2515 608 2553 aliam
639 2502 869 2566 superbiam
900 2528 1025 2565 regno
1058 2515 1223 2553 infestos
1249 2515 1380 2562 etiam,
1414 2512 1522 2562 quod
1540 2514 1563 2549 2

80 2600 123 2625 se
153 2588 195 2625 in
225 2587 431 2626 fabrorum
455 2587 689 2626 ministeriis
713 2601 760 2626 ac
787 2587 924 2626 servili
949 2590 1030 2624 tam
1057 2587 1129 2624 diu
1152 2586 1308 2624 habitos
1326 2597 1445 2635 opere
1470 2584 1519 2622 ab

81 2671 172 2708 rege
213 2659 542 2709 indignabantur.
602 2658 775 2698 Tentata
813 2673 875 2698 res
908 2663 979 2706 est,
1019 2659 1052 2696 si
1083 2658 1214 2708 primo
1250 2657 1400 2706 impetu
1432 2656 1564 2706 capi3

79 2730 221 2769 Ardea
250 2735 405 2782 posset3
446 2731 515 2769 ubi
547 2731 590 2769 id
622 2744 763 2781 parum
795 2731 1002 2780 processit,
1042 2729 1254 2767 obsidione
1287 2728 1519 2766 munitioni-
