1821 2928
364 184 414 220 96
752 191 842 216 Liber
861 190 946 215 vm.
983 190 1030 219 (A.
1049 198 1077 215 u.
1097 197 1121 215 c.
1141 192 1295 220 413—41-1.)

267 309 289 345 9
309 307 495 345 adversus
527 304 727 343 Sidicinos
757 305 968 355 petierunt,
1009 318 1096 355 quae
1128 318 1167 343 se
1198 319 1242 343 eo
1275 305 1416 342 iustius
1447 308 1593 355 petere,
1625 305 1730 354 quod

306 380 342 413 et
376 376 415 412 in
447 374 663 412 amicitiam
694 375 835 424 populi
866 374 1038 411 Romani
1069 374 1251 411 secundis
1282 373 1362 410 suis
1393 374 1522 420 rebus,
1553 386 1644 410 non·
1663 373 1731 410 ad-

306 444 442 490 versis,
474 448 517 480 ut
536 442 738 492 Campani,
769 443 980 489 venissent,
1012 445 1049 479 et
1081 441 1270 479 adversus
1301 440 1501 479 Sidicinos
1532 444 1732 479 sumerent

305 526 425 559 arma,
466 525 555 549 suos
587 524 739 560 semper
769 511 912 556 hostes,
953 510 1091 560 populi
1121 509 1293 547 Romani
1332 524 1534 560 nunquam
1576 509 1733 557 amicos

240 582 290 618 10
309 581 377 630 qui
416 593 498 626 nec,
539 583 581 616 ut
613 578 822 625 Samnites,
863 579 903 616 in
942 592 1039 628 pace
1079 578 1293 616 amicitiam
1333 592 1415 626 nec,
1455 582 1500 616 ut
1531 577 1734 627 Campani,

307 648 501 685 auxilium
547 647 586 684 in
631 647 736 684 bello
789 647 999 696 petissent,
1054 660 1125 684 nec
1171 646 1211 683 in
1255 646 1332 683 fide
1377 646 1517 696 populi
1561 645 1734 684 Romani

195 713 222 759 2
311 730 381 753 nec
429 716 468 753 in
521 715 677 752 dicione
729 718 868 752 essent.
957 714 1089 761 Quum
1141 714 1188 751 de
1240 715 1450 764 postulatis
1495 713 1733 752 Samnitium

307 785 351 822 T.
396 784 585 821 AEmilius
640 787 785 833 praetor
839 787 1016 820 senatum
1073 783 1354 830 consuluisset,
1407 782 1733 831 reddendumque

306 853 355 890 iis
396 853 523 889 foedus
568 856 701 902 patres
741 852 995 897 censuissent,
1039 855 1186 901 praetor
1227 850 1474 889 Samnitibus
1518 850 1735 900 respondit,

266 922 288 958 2
309 935 396 966 nec,
457 935 533 970 quo
588 920 716 957 minus
770 923 962 970 perpetua
1018 933 1103 956 cum
1159 920 1213 957 eis
1268 920 1443 957 amicitia
1488 922 1607 966 esset,
1664 932 1735 968 per

306 990 497 1040 populum
528 989 752 1026 Romanum
792 989 958 1034 stetisse,
1003 1002 1073 1025 nec
1114 989 1346 1035 contradici,
1392 988 1501 1037 quin,
1545 987 1735 1037 quoniam

308 1059 415 1107 ipsos
454 1057 551 1095 belli
583 1057 698 1107 culpa
729 1071 799 1094 sua
831 1057 1025 1094 contracti
1065 1056 1230 1093 taedium
1272 1056 1433 1106 ceperit,
1477 1055 1655 1094 amicitia
1686 1054 1734 1092 de

268 1127 291 1163 3
311 1127 464 1175 integro
496 1125 795 1171 reconciliem-3
827 1125 933 1174 quod
964 1125 1015 1162 ad
1039 1123 1239 1162 Sidicinos
1270 1125 1450 1171 attineat,
1480 1124 1585 1161 nihil
1615 1124 1736 1161 inter-

310 1194 408 1240 cedi,
451 1207 530 1242 quo
561 1194 689 1231 minus
722 1192 895 1230 Samniti
934 1193 1082 1242 populo
1123 1193 1234 1243 pacis
1265 1192 1441 1241 bellique
1472 1193 1644 1230 liberum
1674 1205 1735 1229 ar-

266 1262 473 1300 4bitrium
505 1262 567 1299 sit.
612 1261 778 1299 Foedere
810 1262 890 1298 icto
915 1274 1035 1309 quum
1053 1261 1212 1298 domum
1241 1261 1508 1307 revertissent,
1539 1259 1734 1310 extemplo

307 1330 398 1367 inde
438 1330 633 1367 exercitus
664 1329 868 1367 Romanus
908 1329 1113 1376 deductus,
1153 1343 1283 1367 annuo
1315 1328 1513 1379 stipendio
1545 1331 1584 1365 et
1612 1327 1736 1365 trium

307 1413 482 1437 mensum
512 1399 710 1436 frumento
742 1401 923 1447 accepto,
955 1399 1061 1447 quod
1092 1398 1300 1448 pepigerat
1330 1397 1478 1443 consul,
1508 1400 1552 1434 ut
1580 1399 1736 1446 tempus

308 1468 476 1505 indutiis
507 1467 630 1513 daret,
663 1466 794 1516 quoad
826 1466 948 1514 legati
978 1466 1186 1503 redissent.

267 1536 292 1572 5
424 1534 623 1573 Samnites
655 1535 781 1584 copiis
812 1534 966 1581 iisdem,
997 1534 1142 1584 quibus
1172 1533 1282 1572 usuri
1309 1533 1495 1571 adversus
1511 1532 1736 1569 Romanum

310 1605 458 1641 bellum
490 1604 658 1649 fuerant,
697 1606 834 1640 contra
866 1601 1065 1639 Sidicinos
1103 1602 1272 1652 profecti
1304 1601 1411 1638 haud
1442 1601 1484 1638 in
1516 1600 1639 1638 dubia
1669 1613 1737 1649 spe

269 1673 424 1710 {ierant
463 1675 616 1709 mature
655 1672 767 1708 urbis
807 1671 981 1707 hostium
1029 1670 1243 1720 potiundae.
1313 1669 1413 1706 Tum
1453 1668 1503 1706 ab
1545 1667 1738 1706 Sidicinis

310 1740 463 1777 deditio
504 1739 617 1789 prius
658 1740 708 1777 ad
738 1739 940 1776 Romanos
973 1741 1098 1787 coepta
1138 1738 1226 1775 fieri
1258 1741 1332 1783 est;
1378 1737 1483 1783 dein,
1526 1739 1738 1786 postquam

309 1812 440 1858 patres
471 1812 515 1844 ut
546 1821 672 1844 seram
697 1821 781 1844 eam
812 1807 1034 1856 ultimaque
1063 1805 1225 1843 tandem
1255 1805 1490 1843 necessitate
1513 1817 1737 1853 expressam

312 1877 638 1926 aspernabantur,
678 1876 729 1912 ad
759 1875 936 1920 Latinos,
978 1874 1055 1910 iam
1087 1887 1157 1910 sua
1198 1877 1338 1924 sponte
1378 1873 1421 1910 in
1451 1886 1560 1910 arma
1599 1874 1738 1918 motos,

273 1945 415 1981 7facta
456 1947 524 1981 est.
597 1943 657 1980 Ne
698 1943 891 1993 Campani
934 1942 1096 1991 quidem
1144 1942 1259 1990 (adeo
1301 1941 1460 1979 iniuriae
1500 1939 1739 1978 Samnitium

313 2025 430 2060 quam
462 2011 647 2048 beneficii
678 2011 949 2048 Romanorum
981 2011 1170 2047 memoria
1207 2010 1441 2059 praesentior
1472 2011 1573 2058 erat)
1604 2009 1667 2046 his
1699 2022 1738 2046 se

271 2081 297 2117 8
317 2080 434 2117 armis
466 2080 704 2117 abstinuere.
763 2079 823 2116 Ex
855 2079 916 2115 his
947 2082 1007 2115 tot
1046 2078 1206 2128 populis
1237 2091 1338 2115 unus
1369 2077 1509 2126 ingens
1540 2077 1738 2114 exercitus

315 2148 413 2185 duce
444 2147 591 2184 Latino
632 2147 728 2184 fines
760 2146 999 2184 Samnitium
1040 2147 1238 2195 ingressus
1278 2147 1368 2196 plus
1409 2145 1738 2195 populationibus

313 2229 430 2266 quam
461 2215 613 2265 proeliis
645 2215 817 2252 cladium
848 2215 957 2260 fecit,
990 2218 1028 2251 et
1051 2228 1277 2264 quanquam
1308 2214 1532 2264 superiores
1558 2212 1738 2250 certami-

314 2284 433 2322 nibus
449 2284 588 2321 Latini
620 2286 742 2329 erant,
772 2282 878 2319 haud
910 2282 1039 2328 inviti,
1071 2296 1118 2319 ne
1150 2283 1294 2331 saepius
1325 2281 1597 2330 dimicandum
1627 2281 1739 2327 foret,

275 2353 412 2400 9agro
451 2351 625 2388 hostium
657 2364 869 2387 excessere.
928 2350 978 2387 Id
1018 2350 1191 2399 spatium
1223 2348 1473 2387 Samnitibus
1514 2348 1650 2386 datum
1681 2351 1740 2386 est

315 2420 484 2457 Romam
524 2419 674 2468 legatos
715 2418 918 2464 mittendi,
960 2419 1029 2468 qui
1062 2432 1181 2467 quum
1213 2418 1388 2455 adissent
1419 2420 1608 2463 senatum,
1649 2429 1738 2454 con-

315 2489 456 2538 questi,
502 2487 638 2525 eadem
679 2500 718 2523 se
760 2485 972 2523 foederatos
1012 2486 1109 2535 pati,
1154 2500 1240 2535 quae
1281 2486 1413 2523 hostes
1452 2488 1583 2522 essent
1621 2484 1738 2534 passi,

254 2557 304 2592 10
322 2556 504 2605 precibus
536 2554 683 2591 infimis
713 2554 874 2603 petiere,
905 2558 946 2590 ut
978 2555 1074 2591 satis
1106 2554 1296 2591 ducerent
1325 2553 1497 2591 Romani
1527 2552 1738 2589 victoriam

318 2622 570 2660 Samnitibus
601 2636 647 2660 ex
664 2622 865 2671 Campano
892 2620 1152 2671 Sidicinoque
1183 2621 1294 2658 hoste
1325 2621 1536 2671 eripuisse3
1566 2634 1614 2658 ne
1630 2619 1739 2658 vinci
