1821 2928
487 60 596 95 Liber
620 59 689 95 IV.
739 62 797 103 (A.
826 60 890 94 Ch.
915 60 1123 103 422—423.)
1436 64 1514 101 231

80 191 171 229 dam
207 189 364 228 tribuni
396 188 570 226 militum
610 187 971 237 proficiscerentur,
1013 188 1317 238 consulariaque
1356 188 1520 226 comitia

80 263 334 301 haberentur.
393 260 574 298 Profecti
605 259 714 310 App.
742 259 966 307 Claudium,
997 260 1125 298 filium
1159 259 1384 306 decemviri,
1414 273 1514 310 prae-
1534 259 1557 297 5

29 366 34 371 .
80 335 226 372 fectum
256 333 367 371 urbis
397 332 642 382 relinquunt,
681 331 898 382 impigrum
939 332 1122 370 iuvenem
1166 337 1205 370 et
1235 332 1313 370 iam
1344 331 1436 370 inde
1467 331 1518 370 ab

80 405 331 444 incunabulis
377 403 575 442 imbutum
622 403 712 441 odio
756 403 1012 442 tribunorum
1057 404 1276 454 plebisque.
1345 403 1520 441 Tribuni

82 478 196 528 plebi
227 490 298 516 nec
330 490 418 515 cum
449 475 682 515 absentibus
714 476 775 524 iis,
807 476 877 526 qui
908 482 1068 514 senatus
1094 477 1318 514 consultum
1335 476 1520 521 fecerant,

81 562 151 588 nec
185 562 272 588 cum
298 549 449 599 Appio,
479 551 680 586 transacta
705 562 759 595 re,
792 548 899 598 quod
921 548 1220 595 contenderent,
1250 548 1339 586 fuit.
1386 547 1521 586 Creati
1595 545 1644 592 37

83 622 261 660 consules
291 625 384 659 sunt
415 620 457 659 C.
479 619 736 670 Sempronius
768 619 997 668 Atratinus,
1029 620 1077 668 Q.
1105 620 1256 659 Fabius
1283 619 1521 658 Vibulanus.

195 693 421 742 Peregrina
450 705 526 739 res,
559 692 626 730 sed
658 693 846 731 memoria
879 692 1002 742 digna
1028 692 1202 730 traditur
1220 705 1265 730 eo
1283 705 1386 730 anno
1404 692 1523 737 facta,

81 765 342 812 Vulturnum,
386 765 649 803 Etruscorum
694 765 845 812 urbem,
890 778 978 816 quae
1024 778 1129 802 nunc
1170 764 1310 815 Capua
1354 767 1426 811 est,
1474 763 1522 800 ab

81 837 331 876 Samnitibus
376 842 544 887 captam,
591 836 850 889 Capuamque
890 838 940 876 ab
981 838 1080 892 duce
1112 850 1248 875 eorum
1281 835 1414 887 Capye
1445 835 1524 881 vel,

80 909 187 960 quod
217 909 382 960 propius
413 923 508 948 vero
541 913 611 956 est,
642 924 665 948 a
695 910 907 960 campestri
939 923 1035 959 agro
1060 910 1313 960 appellatam.
1368 907 1518 958 Cepere
1536 907 1560 944 2

80 986 224 1029 autem,
254 981 367 1032 prius
398 981 717 1032 bellofatigatis
733 982 931 1029 Etruscis,
962 983 1004 1020 in
1032 982 1261 1020 societatem
1277 980 1390 1019 urbis
1406 993 1519 1030 agro—

79 1067 246 1104 rumque
278 1054 443 1104 accepti,
474 1053 617 1092 deinde
647 1053 749 1092 festo
781 1054 847 1092 die
879 1067 1021 1105 graves
1053 1068 1190 1094 somno
1221 1053 1432 1105 epulisque
1462 1052 1520 1089 in-

80 1127 187 1165 colas
216 1129 374 1164 veteres
405 1126 500 1165 novi
532 1126 662 1164 coloni
693 1129 890 1164 nocturna
921 1127 1029 1165 caede
1061 1127 1203 1165 adorti.

192 1198 269 1236 His
309 1199 428 1236 rebus
466 1199 574 1245 actis,
615 1199 797 1236 consules
828 1199 869 1246 ii,
907 1213 1006 1250 quos
1038 1199 1228 1246 diximus,
1270 1197 1403 1235 idibus
1434 1196 1559 1234 De-3

1478 1267 1520 1305 id
1540 1264 1646 1290 A.u.c.
1665 1264 1725 1289 331.

1539 1303 1577 1329 Δ.
1594 1302 1646 1328 Ch.
1665 1303 1726 1328 423.

79 1342 190 1380 missi
224 1346 348 1390 erant,
378 1337 630 1388 rettulerant,
662 1342 870 1380 imminere
888 1342 1080 1381 Volscum
1108 1343 1270 1389 bellum,
1301 1341 1371 1380 sed
1397 1341 1563 1391 legati4

80 1269 308 1308 cembribus
338 1271 619 1320 magistratum
651 1284 851 1320 occepere.
898 1271 985 1309 Iam
1016 1284 1096 1309 non
1129 1271 1265 1317 solum,
1297 1270 1366 1319 qui
1398 1268 1447 1306 ad

83 1427 241 1464 quoque
273 1414 324 1452 ab
356 1414 513 1452 Latinis
545 1418 584 1451 et
614 1413 802 1452 Hernicis
832 1415 1084 1462 nuntiabant,
1114 1428 1192 1452 non
1224 1417 1316 1452 ante
1347 1427 1522 1464 unquam

82 1485 252 1524 Volscos
278 1499 350 1524 nec
367 1485 535 1524 ducibus
552 1486 736 1536 legendis
752 1500 824 1525 nec
841 1487 1040 1525 exercitui
1058 1486 1269 1525 scribendo
1285 1486 1523 1525 intentiores

82 1559 221 1604 fuisse3
265 1558 386 1607 vulgo
432 1558 611 1605 fremere,
657 1563 727 1596 aut
772 1559 813 1596 in
859 1563 1100 1610 perpetuum
1139 1572 1248 1597 arma
1287 1559 1561 1609 bellumque5

82 1630 278 1668 oblivioni
310 1629 442 1668 danda
473 1630 691 1680 iugumque
722 1631 1010 1682 accipiendum,
1049 1635 1118 1669 aut
1148 1631 1214 1677 iis,
1254 1644 1344 1669 cum
1376 1630 1522 1681 quibus

81 1702 129 1741 de
161 1702 328 1752 imperio
361 1706 547 1750 certetur,
594 1716 665 1741 nec
695 1704 846 1742 virtute
878 1717 949 1742 nec
979 1705 1175 1755 patientia
1204 1717 1276 1742 nec
1307 1703 1523 1753 disciplina

79 1774 138 1812 rei
178 1774 365 1812 militaris
403 1774 623 1815 cedendum
666 1789 761 1814 esse.
822 1776 946 1831 Haud
975 1789 1078 1816 vana
1109 1776 1300 1822 attulere;
1345 1775 1415 1813 sed
1445 1776 1559 1813 necss

80 1845 247 1896 perinde
278 1849 412 1896 patres
444 1848 540 1885 moti
571 1851 674 1895 sunt,
707 1852 746 1887 et
770 1848 813 1887 C.
832 1848 1106 1899 Sempronius,
1137 1849 1201 1886 cui
1232 1861 1278 1886 ea
1307 1846 1520 1898 provincia

81 1919 178 1957 sorti
208 1919 352 1965 evenit,
382 1922 574 1969 tanquam
606 1921 940 1959 constantissimae
972 1921 1029 1958 rei
1054 1922 1224 1958 fortunae
1241 1921 1379 1966 fretus,
1412 1919 1520 1969 quod

79 1991 244 2029 victoris
284 1991 427 2041 populi
467 1992 657 2029 adversus
697 1993 826 2031 victos
857 1993 937 2030 dux
969 1997 1082 2040 esset,
1129 1992 1261 2032 omnia
1291 1995 1441 2030 temere
1473 2004 1519 2029 ac

79 2062 329 2113 negligenter
360 2063 453 2112 egit,
491 2063 589 2101 adeo
621 2068 665 2102 ut
695 2064 918 2115 disciplinae
949 2065 1141 2104 Romanae
1171 2065 1262 2116 plus
1293 2064 1334 2102 in
1365 2063 1515 2102 Volsco
1535 2065 1557 2102 7

81 2135 260 2173 exercitu
292 2148 410 2185 quam
442 2135 483 2172 in
513 2135 695 2174 Romano
728 2141 842 2175 esset.
887 2136 996 2187 Ergo
1020 2137 1195 2184 fortuna,
1224 2139 1270 2174 ut
1286 2149 1391 2186 saepe
1408 2136 1522 2182 alias,

78 2207 267 2245 virtutem
299 2211 360 2245 est
390 2211 538 2246 secuta.
599 2207 738 2247 Primo
770 2209 925 2259 proelio,
967 2209 1074 2259 quod
1108 2210 1158 2248 ab
1190 2207 1428 2259 Sempronio
1460 2207 1560 2246 in-8

79 2283 196 2318 caute
228 2279 532 2329 inconsulteque
564 2281 814 2319 commissum
842 2285 913 2329 est,
944 2295 1024 2320 non
1043 2281 1235 2320 subsidiis
1251 2280 1409 2318 firmata
1425 2280 1519 2325 acie,

79 2365 157 2390 uon
189 2351 325 2402 equite
357 2355 449 2402 apte
480 2351 875 2393 locat0.concursum
906 2356 976 2392 est.
1023 2353 1184 2392 Clamor
1214 2353 1410 2391 indicium
1438 2351 1516 2401 pri·
1535 2351 1559 2388 9

79 2436 186 2462 mum
215 2424 304 2471 fuit,
336 2436 414 2474 quo
445 2437 508 2462 res
534 2424 778 2464 inclinatura
805 2429 928 2472 esset;
961 2425 1177 2464 excitatior
1193 2424 1453 2473 crebriorque
1470 2422 1520 2460 ab

79 2495 192 2534 hoste
237 2495 440 2542 sublatus;
487 2496 536 2534 ab
567 2495 760 2535 Romanis
792 2497 988 2544 dissonus,
1034 2497 1174 2548 impar,
1215 2495 1377 2546 segnius
1416 2506 1520 2544 saepe

82 2567 249 2606 iteratus
289 2567 442 2606 incerto
480 2568 668 2618 clangore
705 2568 886 2618 prodidit
922 2582 1112 2620 pavorem
1151 2568 1386 2606 animorum.
1454 2565 1514 2604 Eo
1536 2567 1588 2604 10

80 2639 251 2678 ferocior
289 2640 428 2678 illatus
466 2639 593 2679 hostis
624 2641 932 2691 urgeretscutis,
974 2640 1120 2678 micare
1151 2638 1307 2688 gladiis.
1369 2638 1515 2677 Altera
