1821 2928
261 144 310 182 56
888 140 1002 176 Liber
1028 140 1057 174 Ι.

214 269 237 307 5
255 268 506 319 portendere.
554 266 641 304 Hoc
674 267 954 316 perpetuitatis
972 267 1148 317 auspicio
1167 271 1342 316 accepto,
1375 270 1553 305 secutum
1569 268 1683 306 aliud

257 339 573 389 magnitudinem
607 338 766 388 imperii
798 339 1037 389 portendens
1057 338 1286 388 prodigium
1304 342 1379 385 est3
1411 342 1530 390 caput
1545 340 1685 379 huma-

257 425 351 449 num
383 411 537 459 integra
569 409 671 447 facie
703 410 973 460 aperientibus
1005 410 1261 448 fundamenta
1290 411 1432 460 tem-pli
1448 411 1596 450 dicitur
1615 425 1685 462 ap-

215 482 447 533 6paruisse.
507 481 605 528 Quae
643 482 730 520 visa
770 483 920 532 speeies
961 482 1067 520 haud
1107 495 1176 531 per
1215 481 1400 531 ambages
1437 495 1566 520 arcem
1599 496 1685 521 eam

257 554 417 603 imperii
448 556 647 602 caputque
678 566 807 591 rerum
841 555 923 592 fore
954 553 1239 603 portendebat;
1272 553 1393 602 idque
1425 553 1481 591 ita
1506 553 1684 592 cecinere

257 629 381 673 vates,
415 624 561 674 quique
594 625 634 662 in
664 625 763 663 urbe
796 630 906 663 erant
939 639 1116 675 quosque
1148 625 1197 662 ad
1230 638 1314 662 eam
1345 637 1428 662 rem
1460 625 1682 664 consultan-

213 699 235 734 7
256 697 347 734 dam
388 709 436 733 ex
476 696 641 734 Etruria
679 697 916 735 acciverant.
978 697 1217 745 Augebatur
1254 696 1304 733 ad
1343 697 1540 745 impensas
1578 697 1684 746 regis

256 769 425 814 animus;
461 768 595 817 itaque
619 767 842 818 Pomptinae
875 769 1085 817 manubiae,
1118 781 1204 818 quae
1236 767 1490 817 perducendo
1521 768 1571 806 ad
1602 769 1683 806 cul·

253 853 343 877 men
373 839 486 890 operi
518 840 725 877 destinatae
757 844 880 886 erant,
912 841 978 878 vix
1012 840 1054 876 in
1085 840 1344 877 fundamenta
1368 839 1685 890 suppeditavere.

210 911 311 950 8E0
344 911 469 960 magis
485 909 626 960 Fabio,
658 915 925 961 praeterquam
958 912 1065 962 quod
1096 912 1302 960 antiquior
1333 915 1401 958 est,
1434 910 1683 957 crediderim,

211 984 234 1020 9
254 983 522 1033 quadraginta
554 996 599 1021 ea
630 984 714 1022 sola
744 984 897 1022 talenta
927 985 1062 1030 fuisse,
1094 996 1209 1033 quam
1241 983 1394 1029 Pisoni,
1427 983 1496 1032 qui
1514 983 1684 1033 quadra-

253 1055 366 1103 ginta
397 1055 527 1092 millia
558 1055 689 1104 pondo
721 1056 876 1104 argenti
907 1056 1081 1105 seposita
1114 1056 1154 1092 in
1186 1068 1272 1093 eam
1297 1068 1379 1091 rem
1396 1055 1548 1107 scribit,
1580 1068 1684 1093 sum·

252 1139 355 1164 mam
386 1126 566 1176 peeuniae
599 1140 726 1176 neque
758 1141 805 1164 ex
837 1128 954 1164 unius
985 1132 1067 1165 tum
1093 1127 1203 1165 urbis
1228 1126 1363 1176 praeda
1385 1126 1622 1176 sperandam
1645 1130 1685 1165 et

252 1198 402 1235 nullius
433 1211 482 1235 ne
513 1199 652 1236 horum
685 1198 846 1248 quidem
879 1199 1184 1247 magnificentiae
1217 1211 1382 1248 operum
1423 1198 1682 1237 fund-amenta

115 1267 170 1315 56
252 1283 332 1308 non
363 1273 699 1320 exsuperaturam.
746 1271 930 1308 Intentus
954 1270 1199 1320 perficiendo
1222 1270 1385 1319 templo,
1417 1269 1542 1307 fabris
1567 1270 1684 1308 undi-

252 1355 328 1391 que
360 1355 407 1379 ex
432 1341 597 1379 Etruria
627 1342 778 1392 accitis,
809 1355 887 1380 non
918 1343 1088 1392 pecunia
1117 1341 1246 1379 solum
1277 1341 1328 1379 ad
1357 1342 1397 1379 id
1430 1341 1594 1391 publica
1625 1346 1685 1380 est

250 1425 355 1459 usus,
387 1413 455 1450 sed
487 1413 616 1463 operis
647 1413 768 1451 etiam
801 1427 848 1451 ex
880 1413 1009 1463 plebe.
1066 1413 1145 1461 Qui
1177 1426 1298 1463 quum
1330 1413 1437 1451 haud
1467 1426 1614 1463 parvus
1645 1416 1685 1452 et

252 1484 339 1534 ipse
370 1484 527 1522 militiae
559 1485 773 1522 adderetur
804 1485 928 1534 labor.
961 1486 1090 1523 minus
1119 1489 1252 1523 tamen
1284 1484 1398 1534 plebs
1429 1486 1684 1534 gravabatur,

213 1557 236 1593 2
256 1569 295 1594 se
326 1557 476 1606 templa
507 1556 622 1594 deum
654 1556 904 1594 exaedificare
936 1557 1117 1594 manibus
1141 1557 1235 1603 suis,
1268 1569 1386 1606 quam
1408 1559 1619 1607 postquam
1645 1560 1684 1595 et

252 1628 303 1666 ad
335 1628 426 1674 alia,
467 1633 509 1665 ut
541 1629 672 1677 specie
703 1629 868 1673 minora,
908 1628 963 1664 sio
995 1627 1146 1665 laboris
1177 1628 1382 1677 aliquanto
1414 1629 1575 1667 maioris
1604 1632 1684 1667 tra·

252 1699 503 1737 ducebantur
535 1713 667 1749 opera,
696 1700 802 1737 foros
833 1700 875 1736 in
905 1699 1011 1737 circo
1042 1699 1242 1737 faciendos
1274 1699 1531 1749 cloacamque
1557 1700 1682 1738 maxi-

250 1784 363 1818 mam,
402 1771 697 1820 receptaculum
729 1771 903 1809 omnium
935 1775 1286 1820 purgamentorum
1317 1771 1441 1819 urbis,
1471 1771 1544 1809 sub
1574 1774 1684 1809 terra

251 1842 465 1892 agendam;
498 1843 642 1892 quibus
674 1843 829 1881 duobus
856 1843 1043 1892 operibus
1067 1843 1134 1881 vix
1159 1856 1261 1880 nova
1284 1842 1368 1880 haeo
1385 1841 1682 1891 magnificentia

208 1914 232 1951 3
252 1914 465 1963 quicquam
492 1914 702 1964 adaequare
726 1915 869 1964 potuit.
916 1914 992 1952 His
1019 1914 1222 1952 laboribus
1240 1914 1414 1952 exercita
1428 1914 1557 1964 plebe,
1588 1915 1683 1963 quia

252 1989 290 2023 et
320 1986 413 2023 urbi
444 1986 756 2036 multitudinem,
788 1987 858 2024 ubi
890 1999 984 2023 usus
1015 1999 1094 2024 non
1120 1989 1234 2033 esset,
1266 1986 1379 2023 oneri
1395 1986 1557 2023 rebatur
1583 1999 1680 2032 esse,

251 2059 291 2094 et
317 2057 467 2094 colonis
492 2057 698 2096 mittendis
722 2058 910 2108 occupari
941 2058 1061 2095 latius
1085 2057 1243 2107 imperii
1267 2057 1364 2095 fines
1386 2056 1560 2107 volebat,
1593 2055 1683 2107 Sig-

251 2129 357 2166 niam
391 2128 647 2179 Circeiosque
693 2130 852 2167 colonos
898 2129 1017 2174 misit,
1065 2128 1255 2178 praesidia
1285 2128 1378 2166 urbi
1408 2130 1543 2167 futura
1572 2131 1682 2167 terra

251 2201 442 2249 marique.

205 2271 232 2308 4
361 2271 460 2308 Haec
487 2272 624 2320 agenti
648 2275 877 2322 portentum
900 2271 1081 2309 terribile
1098 2272 1244 2309 visum:
1276 2271 1417 2320 anguis
1433 2284 1480 2309 ex
1498 2271 1680 2309 columna

247 2342 380 2391 lignea
397 2343 554 2392 elapsus
571 2356 691 2392 quum
707 2347 900 2382 terrorem
917 2343 1131 2392 fugamque
1150 2343 1191 2380 in
1217 2343 1328 2392 regia
1353 2342 1524 2389 fecisset,
1554 2341 1679 2392 ipsius

248 2414 355 2463 regis
387 2427 465 2452 non
494 2417 576 2451 tam
608 2415 737 2452 subito
769 2427 915 2464 pavore
945 2414 1119 2464 perculit
1148 2419 1286 2465 pectus
1313 2427 1431 2463 quam
1455 2413 1585 2451 anxiis
1608 2414 1679 2451 im-

205 2484 230 2522 5
247 2485 372 2535 plevit
403 2485 520 2524 curis.
567 2485 710 2534 Itaque
736 2499 858 2534 quum
884 2485 935 2523 ad
963 2486 1125 2535 publica
1142 2485 1328 2535 prodigia
1343 2485 1506 2523 Etrusci
1522 2488 1678 2523 tantum

248 2560 359 2594 vates
389 2556 687 2602 adhiberentur,
718 2556 791 2593 hoc
821 2556 932 2594 velut
963 2556 1179 2594 domestico
1212 2557 1428 2594 exterritus
1458 2556 1548 2594 visu
1577 2555 1676 2593 Del-

248 2627 348 2677 phos
387 2629 438 2666 ad
468 2628 638 2666 maxime
669 2628 852 2665 inclitum
883 2628 923 2664 in
953 2628 1072 2665 terris
1104 2628 1306 2666 oraculum
1338 2628 1495 2665 mittere
1525 2627 1678 2665 statuit.

205 2698 386 2749 6Neque
417 2713 606 2750 responsa
637 2699 803 2738 sortium
835 2698 909 2736 ulli
941 2699 1013 2736 alii
1029 2699 1275 2737 committere
1293 2711 1424 2748 ausus,
1457 2697 1556 2737 duos
1572 2697 1677 2736 filios
