1821 2928
539 188 628 214 Liber
646 188 698 213 VI.
735 188 783 216 (Λ.
804 188 856 213 Ch.
875 190 1033 218 385—384.)
1402 182 1452 218 19

76 308 187 351 esset,
217 304 298 342 iam
321 303 592 354 propinquum
617 307 817 340 certamen
834 304 984 341 aderat.
1029 305 1083 342 Et
1098 304 1287 353 Manlius,
1318 308 1512 346 advocata

76 375 235 412 domum
265 373 394 422 plebe,
434 385 522 409 cum
564 372 820 422 principibus
860 373 1132 411 novandarum
1171 388 1302 412 rerum
1334 376 1512 414 interdiu

75 446 273 492 noctuque
291 441 460 479 consilia
477 442 617 490 agitat,
634 441 792 491 plenior
810 442 1018 491 aliquanto
1031 443 1253 481 animorum
1272 444 1513 495 irarumque,

75 524 193 561 quam
234 513 350 548 antea
391 510 533 547 fuerat.
593 509 701 548 Iram
747 512 984 548 accenderat
1030 512 1254 560 ignominia
1293 527 1430 551 recens
1471 515 1555 552 in4

75 580 208 618 animo
240 579 292 617 ad
323 579 603 617 contumeliam
636 579 861 629 inexperto;
907 580 1076 630 spiritus
1114 579 1248 630 dabat,
1295 582 1401 632 quod
1442 597 1513 620 nec

75 662 194 686 ausus
225 651 328 686 esset
358 648 465 686 idem
497 649 538 685 in
569 662 610 685 se
643 649 828 696 dictator,
868 648 973 698 quod
1006 649 1048 686 in
1080 648 1146 699 Sp.
1178 649 1317 688 Maelio
1350 650 1512 689 Cincin-

75 721 193 755 natus
224 717 440 764 Quinctius
471 717 640 763 fecisset,
683 721 721 754 et
751 718 975 755 vinclorum
1007 732 1167 768 suorum
1206 719 1404 758 invidiam
1435 734 1513 758 non

77 786 252 824 dictator
282 785 400 823 modo
432 786 658 823 abdicando
690 786 933 823 dictaturam
965 786 1144 835 fugisset,
1175 788 1244 826 sed
1275 801 1324 825 ne
1355 793 1514 827 senatus

77 854 240 905 quidem
263 854 460 892 sustinere
483 855 690 904 potuisset.
736 854 814 892 His
846 855 966 892 simul
991 856 1152 893 inflatus
1177 858 1512 907 exacerbatusque
1533 857 1555 895 5

78 924 157 962 iam
203 936 273 973 per
314 936 354 960 se
395 936 579 960 accensos
626 923 823 961 incitabat
868 924 998 974 plebis
1045 925 1209 962 animos.
1273 926 1515 976 „Quousque

74 992 238 1030 tandem
262 992 505 1040 ignorabitis
528 992 634 1029 vires
649 996 813 1039 vestras,
844 1006 943 1042 quas
959 997 1104 1031 natura
1126 1008 1175 1031 ne
1197 995 1335 1032 beluas
1352 996 1514 1045 quidem

78 1062 264 1110 ignorare
279 1060 436 1098 voluit?
481 1060 695 1099 Numerate
711 1061 863 1107 saltem⁷
895 1065 992 1111 quot
1017 1062 1096 1111 ipsi
1122 1062 1224 1109 sitis,
1255 1068 1353 1112 quot
1378 1064 1516 1101 adver-

78 1130 204 1168 sarios
234 1129 428 1167 habeatis.
474 1128 519 1166 Si
550 1130 702 1178 singuli
735 1130 914 1178 singulos
946 1131 1172 1179 aggressuri
1204 1132 1353 1176 essetis,
1383 1134 1557 1170 tamenss

78 1198 210 1236 acrius
242 1198 442 1236 crederem
466 1211 536 1235 vos
568 1212 640 1248 pro
672 1198 860 1237 libertate
885 1212 1005 1249 quam
1029 1199 1120 1237 illos
1144 1213 1216 1249 pro
1241 1200 1516 1239 dominatione

78 1269 315 1314 certaturos;
356 1267 522 1316 quoteni
563 1268 728 1305 clientes
770 1269 877 1305 circa
919 1268 1097 1316 singulos
1143 1269 1278 1306 fuistis
1318 1272 1518 1318 patronos,

36 1359 40 1362 >
77 1339 139 1373 tot
160 1349 266 1373 nunc
289 1336 479 1373 adversus
500 1349 621 1372 unum
646 1337 799 1374 hostem
816 1337 942 1374 eritis.
988 1336 1197 1374 Ostendite
1215 1338 1331 1376 modo
1348 1339 1515 1384 bellum3
1536 1341 1558 1375 7

79 1417 218 1453 pacem
261 1404 474 1442 habebitis.
541 1403 723 1442 Videant
767 1418 836 1442 vos
881 1410 1042 1455 paratos
1087 1406 1138 1443 ad
1184 1407 1282 1447 vim:
1329 1407 1391 1444 ius
1437 1407 1517 1457 ipsi

79 1471 295 1509 remittent.
340 1472 586 1510 Audendum
611 1477 669 1511 est
692 1473 852 1523 aliquid
875 1475 1083 1517 universis,
1115 1479 1184 1512 aut
1216 1475 1350 1513 omnia
1381 1476 1516 1525 singu-

81 1539 131 1576 lis
162 1540 364 1590 patienda.
414 1543 630 1592 Quousque
663 1557 722 1580 me
755 1543 1173 1594 circilmspectabitis‘?
1232 1543 1320 1593 Ego
1353 1545 1558 1595 quidemS

79 1608 181 1645 nulli
211 1612 386 1646 vestrum
418 1611 553 1648 deero:
584 1625 633 1648 ne
663 1612 823 1649 fortuna
854 1626 940 1650 inea
972 1613 1086 1658 desit,
1115 1612 1262 1650 videte.
1306 1613 1400 1664 Ipse
1430 1615 1516 1651 vin-

80 1676 155 1714 dex
184 1682 326 1725 vester,
356 1680 427 1716 ubi
458 1679 588 1717 visum
620 1680 797 1718 inimicis
830 1685 900 1728 est,
929 1682 1064 1719 nullus
1094 1686 1258 1731 repente
1287 1682 1358 1729 fui,
1390 1686 1429 1720 et
1457 1683 1515 1720 vi-

27 1771 30 1774 <
80 1745 198 1783 distis
229 1746 271 1784 in
301 1748 435 1785 vincla
460 1749 553 1786 duci
577 1749 755 1786 universi
780 1763 879 1797 eum,
912 1750 981 1800 qui
1006 1764 1028 1788 a
1052 1750 1224 1800 singulis
1246 1751 1362 1789 vobis
1384 1751 1518 1789 vincla

79 1815 321 1865 depuleram.
381 1817 491 1864 Quid
522 1830 688 1867 sperem,
728 1817 761 1854 si
802 1818 894 1868 plus
935 1819 977 1856 in
1018 1833 1079 1856 me
1116 1819 1291 1857 audeant
1330 1820 1555 1861 inimici‘?9

78 1882 149 1921 An
180 1885 330 1922 exitum
362 1885 492 1923 Cassii
524 1885 734 1936 Maeliique
765 1887 1017 1936 exspectem?
1078 1888 1186 1925 Bene
1225 1889 1371 1935 facitis,
1410 1889 1518 1938 quod

79 1952 380 1991 abominamini.
426 1955 483 1992 Di
515 1955 787 2005 prohibebunt
817 1956 917 2001 haec;
949 1956 1017 1993 sed
1041 1970 1243 2006 nunquam
1267 1962 1432 2008 propter
1457 1971 1517 1995 me

81 2021 130 2060 de
147 2022 242 2060 caelo
260 2022 519 2065 descendent:
550 2024 665 2061 vobis
684 2024 779 2061 dent
802 2028 975 2061 mentem
994 2028 1162 2074 oportet,
1194 2029 1239 2063 ut
1255 2026 1518 2075 prohibeatis,

80 2090 185 2128 sicut
214 2091 316 2128 mihi
348 2092 544 2129 dederunt
573 2096 726 2130 armato
756 2096 984 2143 togatoque,
1015 2098 1059 2130 ut
1081 2108 1150 2132 vos
1181 2108 1204 2132 a
1234 2095 1419 2132 barbaris
1450 2095 1517 2133 ho-

81 2160 220 2207 stibus,
259 2173 281 2197 a
312 2161 496 2210 superbis
528 2161 779 2199 defenderem
811 2161 979 2199 civibus.
1039 2161 1139 2200 Tam
1177 2177 1324 2213 parvus
1361 2163 1517 2201 animus
1537 2167 1588 2204 lO

79 2229 183 2266 tanti
215 2229 356 2279 populi
389 2235 458 2276 est,
488 2233 531 2267 ut
563 2243 717 2280 semper
739 2230 853 2267 vobis
884 2230 1079 2268 auxilium
1110 2231 1300 2269 adversus
1332 2232 1518 2269 inimicos

81 2298 178 2335 satis
210 2298 274 2345 sit,
305 2312 377 2336 nec
400 2299 538 2341 ullum,
570 2299 650 2336 nisi
675 2304 872 2348 quatenus
904 2299 1095 2349 imperari
1111 2301 1227 2338 vobis
1251 2301 1406 2347 sinatis,
1437 2313 1517 2338 cer-

79 2369 213 2404 tamen
243 2366 434 2404 adversus
466 2371 599 2417 patres
623 2368 797 2404 noritis?
842 2367 924 2405 Nec
948 2369 1022 2406 hoc-
1046 2372 1189 2407 natura
1213 2369 1379 2407 insitum
1402 2369 1518 2406 vobis

83 2438 151 2483 est,
181 2436 250 2473 sed
280 2450 354 2473 usu
384 2436 659 2486 possidemini.
707 2436 787 2473 Cur
818 2436 924 2473 enim
949 2436 1137 2475 adversus
1154 2442 1337 2475 externos
1360 2440 1515 2474 tantum
1536 2439 1582 2476 11

83 2504 305 2542 animorum
336 2506 490 2554 geritis,
519 2509 564 2542 ut
595 2505 791 2554 imperare
824 2505 907 2541 illis
939 2519 1094 2555 aequum
1127 2506 1349 2544 censeatis?
1409 2506 1516 2553 Quia

85 2573 302 2610 consuestis
333 2587 419 2611 cum
453 2574 509 2611 eis
542 2587 613 2623 pro
647 2573 814 2622 imperio
846 2577 1009 2621 certare,
1041 2573 1229 2612 adversus
1262 2576 1332 2612 hos
1362 2578 1517 2613 tentare

84 2641 211 2689 magis
249 2655 368 2692 quam
407 2643 513 2680 tueri
554 2643 792 2680 libertatem.
851 2641 1012 2689 Tamen,
1058 2643 1351 2692 qualescunque
1397 2643 1516 2682 duces
1535 2645 1584 2681 12

1289 2721 1330 2745 9*
