1821 2928
564 198 654 223 Liber
673 198 740 223 vu.
779 198 826 226 (A.
847 197 898 224 cn.
919 199 989 227 343.)
1391 187 1441 224 81

66 315 292 354 cohortium
316 317 502 352 vocarent
527 314 656 363 iisque
682 313 790 351 clara
813 327 907 351 voce
933 313 1186 362 imperarent,
1211 316 1254 350 ut
1280 311 1501 362 praedatum
1522 312 1572 349 12

70 386 110 424 in
141 398 280 434 agrum
313 382 557 432 Campanum
589 383 788 432 extemplo
821 380 1179 432 proficiscerentur.

183 453 270 490 Hac
311 452 510 500 legatione
550 451 718 489 Romam
756 451 900 497 relata,
937 450 1078 500 positis
1117 450 1293 487 omnium
1333 450 1503 488 aliarum
1579 444 1637 492 32

68 535 202 560 rerum
232 521 338 558 curis
377 523 526 569 patres,
565 520 771 557 fetialibus
810 519 860 556 ad
898 533 959 556 res
991 517 1228 568 repetendas
1260 518 1389 556 missis
1421 518 1503 556 bel-

68 591 199 641 loque,
231 589 325 639 quia
355 602 434 626 non
466 588 742 634 redderentur,
773 588 957 625 sollemni
988 601 1096 624 more
1128 587 1290 634 indicto,
1321 587 1504 626 decreve-

69 663 173 706 runt,
204 662 248 696 ut
278 658 408 708 primo
433 671 590 707 quoque
614 660 792 706 tempore
818 656 865 693 de
890 670 933 694 ea
959 670 1001 693 re
1027 655 1076 693 ad
1101 656 1293 705 populum
1317 656 1505 703 ferretur;

69 729 258 777 iussuque
295 726 436 776 populi
475 726 655 763 consules
694 725 809 762 ambo
847 739 935 762 cum
974 725 1128 762 duobus
1168 724 1411 762 exercitibus
1455 724 1546 763 ab?

68 798 167 835 urbe
197 795 379 846 profecti,
412 794 599 832 Valerius
632 794 673 830 in
692 793 960 843 Campaniam,
993 792 1205 830 Cornelius
1231 793 1270 830 in
1289 791 1531 839 Samnium„

71 866 139 903 ille
177 865 227 902 ad
266 867 437 901 montem
481 861 678 909 Gaurum,
723 862 788 899 hic
828 863 878 899 ad
917 861 1137 900 Saticulam
1177 866 1305 899 castra
1343 867 1506 911 ponunt.

69 933 207 971 Priori
238 932 403 970 Valerio
435 930 675 969 Samnitium
707 931 883 980 legiones
916 931 977 979 (eo
1009 944 1178 980 namque
1217 944 1371 968 omnem
1409 929 1546 968 belli3

70 1002 214 1040 molem
245 1001 530 1039 inclinaturam
554 1001 783 1050 censebant)
815 1002 1045 1046 occurrunt,
1078 999 1196 1036 simul
1219 1000 1260 1036 in
1285 998 1507 1049 Campanos

70 1071 304 1110 stimulabat
336 1070 394 1107 ira
423 1073 506 1106 tam
537 1073 742 1119 promptos
772 1082 875 1106 nunc
916 1069 967 1106 ad
1005 1068 1188 1114 ferenda,
1225 1082 1330 1105 nunc
1362 1067 1413 1104 ad
1445 1081 1506 1104 ac-

70 1138 260 1178 cersenda
290 1137 480 1176 adversus
511 1151 551 1175 se
582 1137 744 1174 auxilia.
804 1137 862 1174 Ut
898 1150 991 1175 vero
1025 1140 1156 1174 castra
1186 1136 1367 1174 Romana
1397 1135 1506 1173 vide·
1525 1135 1550 1172 4

70 1212 174 1255 runt,
203 1207 391 1245 ferociter
415 1220 486 1257 pro
511 1220 551 1243 se
581 1207 749 1256 quisque
773 1206 929 1255 signum
962 1205 1080 1243 duces
1104 1219 1276 1256 poscere,
1301 1205 1508 1251 affirmare,

71 1277 208 1316 eadem
238 1276 400 1313 fortuna
430 1275 653 1312 Romanum
687 1274 888 1325 Campano
921 1275 1096 1311 laturum
1128 1287 1254 1323 opem,
1285 1287 1363 1323 qua
1394 1273 1507 1311 Cam-

45 1358 49 1360 *
71 1359 197 1397 panus
214 1344 398 1383 Sidicino
421 1344 574 1382 tulerit.
635 1343 825 1381 Valerius
843 1343 999 1380 levibus
1024 1342 1307 1380 certaminibus
1325 1341 1507 1379 tentandi
1526 1341 1548 1378 5

70 1415 197 1452 hostis
238 1427 353 1451 causa
392 1413 499 1450 haud
538 1413 594 1449 ita
630 1412 777 1449 multos
816 1415 992 1448 moratus
1030 1411 1132 1457 dies,
1170 1410 1328 1459 signum
1366 1423 1507 1460 pugna?

70 1482 294 1533 proposuit,
323 1481 463 1531 paucis
494 1494 585 1517 suos
616 1480 868 1525 adhortatus,
899 1494 947 1517 ne
978 1494 1123 1517 novum
1154 1479 1305 1516 bellum
1343 1493 1409 1516 eos
1439 1492 1506 1516 no·
1525 1479 1547 1516 6

71 1564 223 1601 vusque
261 1550 386 1587 hostis
424 1553 607 1587 terreret:
649 1549 839 1599 quicquid
879 1549 928 1586 ab
961 1549 1058 1586 urbe
1096 1548 1253 1597 longius
1284 1547 1511 1597 proferrent

72 1633 198 1666 arma,
236 1618 362 1667 magis
399 1618 606 1668 magisque
643 1618 683 1655 in
726 1617 907 1655 imbelles
939 1621 1075 1666 gentes
1113 1630 1177 1654 eos
1215 1616 1390 1666 prodire.
1450 1616 1551 1654 Ne7

73 1687 343 1726 Sidicinorum
376 1687 747 1736 Campanorumque
779 1685 962 1723 cladibus
994 1684 1234 1723 Samnitium
1265 1685 1511 1722 aestimarent

71 1757 278 1802 virtutem,
317 1755 612 1805 qualescunque
656 1754 761 1792 inter
799 1768 838 1792 se
885 1754 1142 1801 certaverint,
1186 1767 1344 1792 necesse
1388 1753 1510 1791 fuisse

75 1825 242 1863 alteram
273 1828 427 1874 partem
458 1824 576 1862 vinci.
637 1823 859 1874 Campanos
890 1823 1051 1873 quidem
1083 1823 1190 1860 haud
1231 1822 1351 1860 dubie
1383 1822 1512 1871 magis

75 1893 198 1931 nimio
230 1893 326 1930 luxu
356 1893 572 1930 fluentibus
602 1892 720 1930 rebus
752 1892 1001 1942 mollitiaque
1025 1906 1094 1929 sua
1127 1905 1245 1942 quam
1274 1891 1315 1928 vi
1338 1891 1511 1928 hostium

74 1962 202 2001 victos
243 1976 336 2000 esse.
402 1961 511 2009 Quid
549 1964 681 1998 autem
721 1974 804 1998 esse
843 1960 921 1997 duo
960 1973 1150 2010 prospera
1188 1959 1228 1996 in
1265 1962 1326 1996 tot
1357 1957 1552 1996 saeculisS

78 2030 184 2068 bella
214 2029 454 2068 Samnitium
486 2030 674 2067 adversus
705 2032 766 2066 tot
797 2028 940 2066 decora
972 2029 1112 2078 populi
1128 2028 1312 2075 Romani,
1343 2027 1412 2077 qui
1441 2027 1511 2064 tri-

75 2099 244 2148 umphos
275 2112 385 2149 paene
423 2099 557 2148 plures
596 2111 714 2147 quam
753 2110 875 2134 annos
907 2097 955 2134 ab
994 2097 1092 2134 urbe
1123 2096 1285 2134 condita
1314 2099 1511 2142 numeret3

76 2167 146 2216 qui
178 2168 309 2205 omnia
348 2167 452 2204 circa
491 2181 548 2214 se,
588 2165 775 2213 Sabinos,
816 2166 1041 2211 Etruriam,
1077 2164 1262 2212 Latinos,
1300 2164 1551 2211 Hernicos,9

80 2236 246 2285 AEquOS,
277 2236 457 2283 Volscos,
488 2235 712 2281 Auruncos,
745 2234 896 2272 domita
927 2233 1047 2271 armis
1078 2233 1239 2280 habeat;
1272 2233 1342 2283 qui
1372 2231 1512 2270 Gallos

76 2307 139 2341 tot
161 2304 317 2354 proeliis
342 2318 462 2342 caesos
487 2307 684 2354 postremo
710 2303 749 2340 in
781 2316 886 2340 mare
910 2316 952 2339 ac
978 2316 1096 2339 naves
1120 2301 1213 2351 fuga
1245 2301 1514 2351 compulerit?

77 2372 210 2419 Quum
241 2373 369 2421 gloria
401 2373 498 2410 belli
531 2386 575 2409 ac
600 2373 746 2409 virtute
770 2385 839 2408 sua
871 2384 1065 2421 quemque
1089 2370 1210 2407 fretos
1236 2371 1292 2407 ire
1316 2371 1356 2406 in
1387 2370 1511 2407 aciem
1534 2369 1582 2405 lO

79 2440 236 2488 debere,
266 2444 349 2478 tum
391 2441 513 2478 etiam
546 2440 703 2486 int-ueri,
741 2440 853 2477 cuius
891 2439 1012 2476 ductu
1043 2439 1300 2488 auspicioque
1340 2437 1512 2475 ineunda

78 2522 212 2558 pugna
243 2509 305 2556 sit,
336 2513 467 2546 utrum
500 2509 580 2559 qui,
611 2508 832 2546 audiendus
864 2507 1081 2553 dumtaxat,
1112 2507 1345 2556 magnificus
1368 2506 1511 2543 adhor-
1532 2505 1578 2542 11

80 2579 187 2614 tator
218 2578 280 2624 sit,
310 2578 444 2616 verbis
473 2582 628 2615 tantum
660 2578 781 2622 ferox,
813 2590 974 2626 operum
1006 2575 1241 2613 militarium
1274 2588 1426 2623 expers,
1463 2588 1512 2612 an

83 2645 152 2694 qui
182 2648 221 2683 et
251 2646 335 2696 ipse
364 2647 444 2684 tela
473 2649 656 2693 tractare,
688 2644 901 2695 procedere
932 2649 1023 2682 ante
1046 2644 1171 2693 sigua,
1202 2643 1352 2680 versari
1383 2643 1513 2680 media

149 2723 254 2749 Livius
275 2731 311 2750 ex
330 2732 387 2750 rec.
406 2724 558 2757 Madvigii.
595 2724 636 2749 Π.
1241 2721 1262 2753 6
