1821 2928
593 210 683 236 Liber
702 210 754 236 ix.
792 210 839 239 (Α.
860 211 910 236 eh.
931 211 1001 240 310.)
1389 198 1466 235 183

90 325 266 372 tenebat3
312 325 404 363 inde
450 325 739 376 contemplatus
785 325 972 375 opulenta
1012 325 1188 362 Etruriae
1235 337 1330 361 arva
1375 322 1524 360 milites

91 395 250 432 emittit.
309 394 471 443 Ingenti
504 395 583 432 iam
614 394 754 431 abacta
792 393 948 444 praeda,
988 393 1262 431 tumultuariae
1305 391 1524 440 agrestium
1543 390 1592 426 12

91 462 349 501 Etruscorum
381 463 574 509 cohortes,
606 466 768 512 repente
800 476 822 500 a
852 462 1107 513 principibus
1138 461 1314 510 regionis
1332 460 1417 497 eius
1435 472 1525 496 con-

91 530 234 578 citatae,
263 531 456 569 Romanis
474 535 698 579 occurrunt,
731 531 828 569 adeo
846 530 1131 580 incompositae‚
1163 533 1207 566 ut
1228 529 1410 567 vindices
1427 540 1526 578 prae-

89 599 231 636 darum
261 613 384 649 prope
417 599 494 649 ipsi
525 600 671 649 praedae
704 600 862 637 fuerint.
924 599 1046 637 Caesis
1078 599 1308 647 fugatisque
1342 597 1412 643 iis,
1444 597 1525 633 late
1545 595 1596 632 13

92 667 334 718 depopulato
365 681 474 717 agro,
504 668 634 706 victor
651 668 855 705 Romanus
887 668 1178 718 opulentusque
1199 680 1332 704 rerum
1350 665 1528 703 omnium

93 735 209 786 copia
240 737 281 773 in
312 741 440 774 castra
470 738 604 774 rediit.
664 737 722 774 Eo
754 738 858 774 forte
889 736 1065 786 quinque
1096 735 1220 784 legati
1251 749 1338 772 cum
1371 734 1526 771 duobus
1547 731 1598 768 14

90 804 266 842 tribunis
313 805 445 855 plebis
484 810 676 844 venerant
708 805 987 843 denuntiatum
1019 804 1150 843 Fabio
1192 806 1352 841 senatus
1382 802 1530 848 verbis,

92 887 140 911 ne
171 874 317 911 saltum
350 874 569 912 Ciminium
599 875 802 912 transiret.
862 874 1021 920 Laetati,
1067 873 1194 911 serius
1240 886 1291 919 se,
1337 885 1455 921 quam
1485 874 1530 907 ut

92 941 286 992 impedire
317 943 467 981 bellum
499 947 671 993 possent,
703 944 869 990 venisse,
900 943 1032 980 nuntii
1062 942 1243 980 victoriae
1269 941 1439 978 Romam
1468 953 1528 976 re-

91 1014 311 1048 vertuntur.

206 1079 295 1116 Hac
327 1080 578 1130 expeditione
612 1081 785 1118 consulis
817 1083 967 1118 motum
999 1079 1120 1118 lat-ius
1147 1081 1233 1116 erat
1258 1091 1376 1128 quam
1392 1075 1526 1126 profli-
1609 1070 1665 1117 37

91 1150 228 1195 gatum
260 1147 426 1194 bellu1n3
457 1149 721 1186 vastationem
751 1163 923 1199 namque
955 1148 1029 1186 sub
1056 1147 1224 1185 Ciminii
1254 1145 1401 1184 montis
1424 1144 1530 1182 radi-

93 1215 206 1253 cibus
238 1215 370 1254 iacens
394 1230 463 1254 ora
480 1220 666 1264 senserat,
698 1218 1002 1267 conciveratque
1019 1216 1300 1265 indignat-ione
1316 1228 1397 1252 non
1412 1213 1531 1250 Etru-

92 1284 161 1321 riae
193 1285 310 1323 modo
336 1285 517 1335 populos,
548 1286 616 1323 sed
635 1285 816 1323 Umbriae
832 1285 1016 1324 finitima.
1075 1286 1232 1334 Itaque,
1264 1285 1435 1332 quantus
1451 1280 1572 1318 non?

35 1359 39 1362 ”
92 1366 268 1403 unquam
299 1358 427 1400 antea,
474 1354 672 1391 exercitus
710 1355 761 1391 ad
794 1352 973 1391 Sutrium
1012 1354 1143 1399 venit;
1189 1366 1317 1402 neque
1358 1365 1378 1387 e
1419 1349 1533 1387 silvis

93 1423 369 1460 tantummodo
401 1426 582 1472 promota
614 1427 763 1470 castra,
801 1423 869 1460 sed
909 1424 1050 1469 etiam,
1081 1422 1278 1460 aviditate
1311 1417 1533 1456 dimicandi

96 1503 212 1539 quam
230 1491 413 1540 primum,
446 1492 486 1529 in
504 1505 665 1541 campos
682 1492 816 1529 delata
833 1491 949 1529 acies.
995 1490 1158 1528 Deinde
1182 1490 1377 1526 instructa
1401 1486 1530 1536 primo
1551 1485 1574 1521 3

97 1572 166 1596 suo
207 1563 312 1597 stare
352 1560 461 1606 loco,
506 1560 646 1597 relicto
684 1561 790 1598 hosti
823 1561 873 1598 ad
906 1559 1183 1598 instruendum
1215 1561 1354 1596 contra
1385 1555 1535 1605 spatio;

98 1627 200 1670 dein,
232 1631 442 1678 postquam
475 1628 696 1666 detrectare
726 1630 880 1666 hostem
912 1642 1067 1666 sensere
1091 1641 1278 1678 pugnam,
1309 1626 1361 1663 ad
1383 1623 1535 1661 vallum

97 1696 277 1733 subeunt.
338 1696 422 1734 Ubi
449 1700 662 1754 postquam
687 1697 879 1735 stationes
904 1710 1061 1748 quoque
1087 1699 1268 1744 receptas
1285 1695 1391 1732 intra
1408 1692 1536 1730 muni-
1556 1690 1581 1726 4

97 1768 230 1801 menta
261 1778 438 1811 sensere,
471 1765 619 1803 clamor
649 1770 812 1815 repente
845 1765 952 1803 circa
984 1766 1104 1802 duces
1137 1768 1264 1811 ortus,
1301 1765 1347 1800 ut
1378 1775 1423 1799 eo
1456 1760 1535 1798 sibi

96 1845 117 1869 e
149 1833 292 1871 castris
323 1833 479 1872 cibaria
510 1834 596 1871 eius
627 1834 709 1871 diei
739 1834 887 1872 deferri
919 1834 1120 1872 iuberent:
1153 1845 1361 1870 mansuros
1391 1844 1431 1867 se
1463 1828 1536 1866 sub

96 1901 219 1938 armis
250 1905 289 1939 et
319 1905 387 1938 aut
418 1905 533 1940 nocte
565 1906 635 1940 aut
665 1906 770 1940 certe
803 1903 889 1939 luce
921 1902 1051 1951 prima
1079 1904 1208 1938 castra
1233 1899 1408 1937 hostium
1426 1898 1536 1935 inva-

99 1982 222 2007 suros.
282 1969 424 2007 Nihilo
457 1970 633 2020 quietior
662 1970 869 2008 Romanus
900 1970 1095 2008 exercitus
1121 1968 1290 2018 imperio
1316 1967 1429 2004 ducis
1446 1981 1536 2004 con-
1555 1964 1578 2002 5

98 2038 260 2076 tinetur.
335 2039 505 2076 Decima
547 2042 632 2076 erat
671 2039 752 2076 fere
791 2039 871 2077 diei
917 2039 1026 2085 hora,
1072 2051 1193 2087 quum
1232 2037 1363 2074 cibum
1397 2049 1538 2085 capere

100 2108 239 2144 consul
271 2107 418 2145 milites
451 2107 579 2153 iubet3
624 2107 820 2157 praecipit,
865 2110 910 2144 ut
941 2107 982 2144 in
1014 2107 1134 2144 armis
1166 2105 1257 2152 sint,
1299 2117 1534 2154 quacunque

101 2175 184 2213 diei
215 2176 393 2213 noctisve
425 2176 523 2213 hora
554 2175 710 2225 signum
738 2175 902 2213 dederit.
963 2175 1111 2213 Paucis
1128 2174 1276 2212 milites
1294 2173 1538 2222 alloquitur3
1557 2175 1579 2207 (i

103 2244 347 2282 Samnitium
371 2244 476 2282 bella
497 2244 667 2290 exto-Hit,
699 2245 828 2282 elevat
844 2244 1053 2289 Etruscos;
1085 2256 1156 2280 nec
1173 2243 1323 2280 hostem
1342 2241 1449 2279 hosti
1466 2254 1537 2277 nec

102 2313 400 2351 multitudinem
418 2312 673 2350 multitudini
693 2311 1000 2362 comparandam
1017 2312 1094 2358 ait;
1111 2324 1193 2348 esse
1209 2314 1403 2360 praeterea
1414 2308 1539 2346 telum

102 2381 215 2418 aliud
250 2382 465 2428 occultumg
497 2381 669 2419 scituros
696 2381 738 2417 in
763 2384 962 2430 temp01·e;
993 2381 1147 2418 interea
1170 2379 1297 2417 taceri
1325 2392 1423 2428 opus
1447 2390 1540 2414 esse.

101 2449 180 2487 His
197 2449 435 2498 ambagibus
452 2449 569 2498 prodi
587 2449 802 2487 simulabat
818 2450 963 2496 hostes,
981 2463 1058 2499 quo
1076 2449 1231 2486 animus
1249 2446 1422 2484 militum
1439 2445 1536 2482 mul·
1559 2446 1580 2481 7

101 2518 279 2556 titudine
310 2518 474 2557 territus
505 2518 804 2564 1·estitueretur;
835 2522 885 2565 et,
916 2517 1023 2567 quod
1054 2517 1140 2554 sine
1171 2515 1417 2553 munimento
1450 2527 1540 2551 con-

103 2587 293 2635 siderant,
337 2587 423 2626 veri
455 2586 628 2625 similius
659 2590 756 2633 erat,
801 2586 909 2636 quod
939 2585 1217 2624 simulabatur.
1277 2583 1418 2621 Cui-ati
1449 2582 1540 2620 cibo

103 2668 273 2707 corpora
304 2656 432 2707 quieti
465 2655 572 2700 daut,
603 2658 641 2692 ct
673 2659 815 2705 quarta
846 2655 927 2693 fere
944 2654 1085 2703 vigilia
1117 2653 1202 2691 sine
1233 2651 1407 2689 tumultu
1439 2650 1542 2688 exci-
