1821 2928
349 159 428 196 106
787 169 875 194 Liber
894 169 978 194 vm.
1015 169 1062 198 (Α.
1082 178 1110 196 u.
1130 178 1155 196 c.
1174 173 1245 200 414.)

290 282 464 331 collegae,
481 295 521 320 se
539 282 724 320 devotum
740 297 812 333 pro
829 284 1019 330 exercitu,
1036 285 1240 331 nuntiare;
1273 285 1358 335 ipse
1375 287 1575 326 incinctus
1591 287 1726 326 cinctu

289 349 462 395 Gabino,
507 354 682 388 armatus
728 352 771 388 in
817 364 961 401 equum
999 351 1156 389 insiluit
1188 366 1232 390 ac
1265 367 1305 391 se
1336 355 1379 391 in
1410 355 1562 393 medios
1593 355 1726 393 hostes

224 419 275 456 10
292 418 467 465 immisit,
511 423 744 469 conspectus
789 419 840 457 ab
876 422 1046 468 utraque
1092 420 1186 457 acie.
1247 422 1474 473 Aliquanto
1520 424 1727 472 augustior

289 487 460 524 humano
491 487 611 534 visus,
641 487 744 524 sicut
775 487 870 524 caelo
902 487 1043 524 missus
1073 487 1276 537 piaculum
1307 491 1433 528 omnis
1463 490 1629 528 deorum
1644 492 1726 538 irae,

222 556 269 592 11
291 555 361 605 qui
405 558 556 604 pestem
602 555 652 592 ab
699 557 780 594 suis
825 571 1003 596 aversam
1050 559 1091 595 in
1134 559 1268 596 hostes
1298 559 1430 596 ferret.
1504 559 1569 597 Ita
1600 560 1726 598 omnis

285 627 417 660 terror
448 636 651 672 pavorque
683 637 770 662 cum
803 625 873 663 illo
905 626 1010 664 latus
1041 627 1155 675 signa
1186 627 1314 676 primo
1332 626 1570 664 Latinorum
1589 628 1725 666 turba-

222 692 271 728 12
289 691 360 737 vit,
393 691 538 727 deinde
570 692 613 729 in
642 696 768 729 totam
795 695 954 743 penitus
978 695 1104 732 aciem
1120 694 1306 744 pervasit.
1367 694 1726 733 Evidentissimum

289 759 332 796 id
362 760 450 805 fuit,
481 759 600 808 quod,
632 774 866 810 quacunque
898 776 999 812 equo
1032 763 1212 800 invectus
1243 766 1355 809 esset,
1386 762 1444 799 ibi
1475 763 1583 800 haud
1614 776 1726 801 secus

291 841 408 877 quam
439 828 630 877 pestifero
662 829 793 866 sidere
825 830 898 868 icti
929 832 1145 880 pavebant,
1176 831 1246 868 ubi
1275 844 1369 868 vero
1393 831 1544 868 corruit
1559 831 1726 869 obrutus

285 896 390 942 telis,
434 895 527 932 inde
573 897 653 934 iam
684 898 790 935 haud
832 899 953 937 dubie
984 901 1246 937 consternatae
1278 899 1458 936 cohortes
1488 898 1725 936 Latinorum

223 966 272 1002 13
289 964 424 1012 fugam
456 977 501 1001 ac
531 965 761 1003 vastitatem
783 967 864 1004 late
881 967 1068 1004 fecerunt.
1115 966 1245 1004 Simul
1261 970 1299 1003 et
1315 966 1501 1014 Romani,
1532 967 1725 1004 exsolutis

287 1032 484 1080 religione
515 1033 671 1080 animis,
701 1034 810 1071 velut
840 1038 925 1072 tum
942 1036 1115 1085 primum
1133 1035 1247 1083 signo
1266 1034 1372 1080 dato,
1404 1034 1532 1072 coorti
1549 1047 1724 1084 pugnam

223 1101 273 1137 14
291 1101 487 1149 integram
547 1100 779 1148 ediderunt;
837 1116 929 1140 nam
989 1107 1028 1140 et
1082 1103 1229 1140 rorarii
1284 1102 1577 1152 procurrebant
1621 1102 1726 1139 inter

286 1169 545 1218 antepilanos
583 1169 902 1220 addiderantque
946 1171 1054 1209 vires
1091 1171 1261 1208 hastatis
1301 1184 1346 1208 ac
1377 1169 1643 1219 principibuS,
1687 1173 1725 1207 et

287 1237 422 1274 triarii
468 1249 572 1285 genu
612 1237 751 1274 dextro
783 1238 913 1276 innixi
943 1242 1083 1276 nutum
1115 1238 1292 1276 consulis
1323 1238 1375 1275 ad
1406 1237 1724 1286 consurgendum

153 1303 208 1348 10
283 1304 580 1354 exspectabant.
639 1305 889 1343 Procedente
921 1306 1067 1344 deinde
1092 1306 1321 1352 certamine,
1352 1319 1472 1355 quum
1490 1306 1584 1343 aliis
1599 1306 1724 1355 parti-

285 1373 359 1410 bus
389 1372 606 1410 multitudo
638 1378 843 1423 superaret
874 1374 1125 1420 Latinorum,
1169 1374 1349 1411 Manlius
1381 1373 1538 1420 consul,
1584 1373 1723 1410 audito

288 1444 430 1478 eventu
461 1441 634 1488 collegae,
666 1455 799 1491 quum,
829 1446 874 1479 ut
900 1443 961 1479 ius
984 1443 1123 1493 fasque
1151 1446 1246 1489 erat,
1278 1441 1456 1479 lacrimis
1482 1454 1563 1478 non
1593 1441 1727 1478 minus

290 1521 408 1558 quam
439 1509 627 1546 laudibus
659 1509 810 1547 debitis
847 1515 1081 1560 prosecutus
1120 1514 1203 1548 tam
1234 1509 1532 1548 memorabilem
1562 1512 1726 1546 mortem

246 1579 269 1614 2
288 1580 401 1621 esset,
432 1576 636 1625 paulisper
667 1577 937 1624 addubitavit,
970 1592 1019 1615 an
1052 1578 1317 1627 consurgendi
1347 1578 1428 1615 iam
1457 1576 1615 1614 triariis
1630 1579 1727 1613 tem-

289 1656 362 1693 pus
395 1648 512 1689 esset3
545 1645 691 1682 deinde
723 1646 864 1683 melius
881 1650 1003 1693 ratus,
1036 1647 1214 1694 integros
1231 1659 1298 1683 eos
1314 1645 1365 1683 ad
1381 1645 1567 1682 ultimum
1585 1644 1728 1682 discri-

289 1725 378 1749 men
409 1712 571 1759 servari,
603 1726 786 1751 accensos
817 1714 867 1750 ab
900 1714 1118 1752 novissima
1149 1713 1234 1750 acie
1262 1717 1354 1751 ante
1381 1713 1495 1761 signa
1511 1712 1728 1761 procedere

251 1783 276 1818 3
295 1780 417 1816 iubet.
477 1780 558 1826 Qui
589 1781 659 1818 ubi
692 1782 862 1828 subiere,
893 1781 1092 1831 extemplo
1123 1780 1271 1827 Latini,
1299 1784 1493 1829 tanquam
1524 1779 1630 1816 idem
1661 1779 1729 1817 ad-

288 1847 459 1884 versarii
491 1848 687 1895 fecissent,
718 1849 883 1886 triarios
914 1862 1005 1886 suos
1036 1849 1329 1894 excitaverunt3
1375 1848 1445 1897 qui
1476 1846 1729 1896 aliquamdiu

291 1928 424 1964 pugna
470 1916 597 1953 atroci
644 1929 765 1966 quum
813 1920 851 1954 et
896 1920 1020 1954 semet
1051 1917 1130 1966 ipsi
1160 1917 1398 1965 fatigassent
1428 1919 1467 1953 et-
1497 1916 1632 1953 hastas
1663 1918 1729 1952 aut

291 1984 588 2032 praefregissent
634 1988 702 2021 aut
746 1985 1012 2032 hebetassent,
1057 1985 1333 2034 pellerentque
1372 1983 1535 2021 tandem
1565 1983 1730 2029 hostem,

293 2051 537 2088 debellatum
569 2052 646 2089 iam
678 2053 757 2090 rati
788 2056 1104 2103 perventumque
1136 2053 1187 2090 ad
1219 2055 1433 2089 extremam
1464 2051 1601 2098 aciem,
1645 2054 1728 2088 tum

251 2119 432 2156 4consul
476 2119 633 2156 triariis
668 2120 933 2170 „Consurgite
972 2124 1103 2158 nunc“
1138 2120 1290 2169 inquit,
1338 2119 1511 2168 ⁷,integri
1542 2118 1731 2156 adversus

293 2186 426 2232 fessos,
467 2201 659 2225 memores
690 2190 832 2237 patriae
864 2193 1153 2239 parentumque
1195 2191 1234 2224 et
1265 2187 1479 2236 coniugum
1511 2201 1556 2224 ac
1587 2187 1731 2224 libero-

294 2268 394 2301 rum,
423 2268 615 2292 memores
647 2257 822 2294 consulis
853 2270 925 2306 pro
955 2260 1089 2294 vestra
1118 2256 1293 2293 vict-oria
1316 2258 1443 2292 morte
1459 2255 1728 2292 occubantis.“

256 2324 279 2360 5
298 2322 381 2359 Ubi
412 2323 548 2360 triarii
580 2328 910 2361 consurrexerunt
942 2324 1104 2373 integri,
1143 2322 1438 2372 refulgentibus
1469 2323 1599 2369 armis,
1630 2335 1732 2359 nova

297 2405 343 2428 ex
375 2392 592 2441 improviso
624 2396 760 2429 exorta
792 2393 909 2438 acies,
940 2392 1112 2442 receptis
1129 2392 1171 2428 in
1189 2391 1402 2428 intervalla
1420 2390 1606 2428 ordinum
1624 2393 1731 2427 ante-

255 2462 279 2495 6
297 2459 458 2508 pilanis,
489 2460 659 2497 clamore
677 2459 833 2497 sublato
850 2460 1052 2509 principia
1069 2459 1307 2498 Latinorum
1322 2459 1573 2508 perturbant,
1588 2457 1731 2494 hastis-

298 2540 373 2576 que
418 2541 487 2564 ora
532 2527 742 2573 fodientes,
788 2527 919 2576 primo
965 2528 1107 2565 robore
1151 2527 1330 2564 virorum
1377 2539 1486 2571 caeso,
1530 2538 1602 2574 per
1632 2524 1732 2562 alios

299 2596 521 2644 manipulos
551 2595 660 2632 velut
693 2597 860 2632 inermes
891 2586 1014 2644 prope
1045 2595 1187 2632 intacti
1219 2607 1387 2640 evasere,
1416 2596 1609 2642 tantaque
1626 2591 1732 2629 caede
