1821 2928
553 233 644 259 Liber
660 233 715 259 1x.
735 233 783 263 (A.
803 232 855 259 ch.
875 234 1032 263 soe—30⁵.)
1384 224 1464 262 193

79 347 291 386 Cornelius
320 348 362 385 in
379 347 542 386 Samnio
573 349 754 395 1·elictus;
784 348 962 385 Marcius
987 348 1036 385 de
1052 347 1241 386 Hernicis
1262 348 1520 399 triumphans
1538 349 1592 386 22

79 416 121 454 111
151 416 292 454 urbem
322 415 455 463 rediit,
486 418 699 466 statuaque
731 416 927 467 equestris
958 415 999 453 in
1031 416 1116 453 foro
1148 416 1310 455 decreta
1339 420 1409 464 est,
1434 431 1523 467 quae

78 487 170 522 ante
207 484 401 534 templum
440 484 617 523 Castoris
656 486 789 535 posita
826 487 895 522 est,
969 484 1238 523 Hernicorum
1281 486 1411 524 tribus
1451 500 1520 536 po-
1538 485 1592 523 23

78 553 200 604 pulis,
230 553 463 600 Aletrinati,
494 553 712 602 Verulano,
735 552 997 600 Ferentinati,
1021 553 1115 602 quia
1146 553 1374 591 maluerunt
1405 567 1523 604 quam

80 621 295 669 civitatem,
326 635 406 659 suae
437 622 546 671 leges
575 622 756 669 redditae,
788 620 1111 670 connubiumque
1142 621 1247 658 inter
1272 621 1391 672 ipsos,
1415 622 1522 672 quod

79 690 328 740 aliquamdiu
359 690 437 727 soli
464 690 734 728 Hernicorum
765 690 1001 736 habuerunt,
1031 689 1278 739 permissum.
1337 690 1520 740 Anagni-
1539 689 1593 727 24

78 758 151 805 nis,
197 758 345 808 quique
391 772 502 796 arma
532 758 726 796 Romanis
772 758 1005 804 intulerant,
1045 758 1188 796 civitas
1227 758 1312 796 sine
1343 759 1524 808 suffragii

79 827 228 865 latione
266 827 377 873 data3
416 827 586 865 concilia
623 826 902 875 connubiaque
933 825 1119 876 adempta
1150 829 1190 863 et
1220 827 1522 876 magistratibus

79 899 344 947 praeterquam
376 908 578 933 sacrorum
610 896 816 933 curatione
848 894 1120 932 interdictum.

193 963 347 1001 Eodem
385 977 489 1001 anno
527 963 630 1001 aedes
671 963 824 1001 Salutis
855 976 878 1000 a
909 961 952 1000 C.
981 962 1101 1000 Iunio
1132 963 1315 1001 Bubulco
1358 977 1520 1002 censore
1537 960 1591 999 25

78 1032 209 1070 locata
239 1034 309 1079 est,
341 1045 460 1082 quam
493 1032 629 1069 consul
659 1032 765 1069 bello
798 1031 1040 1069 Samnitium
1062 1035 1238 1070 voverat.
1290 1030 1359 1070 Ab
1385 1032 1522 1070 eodem

80 1101 313 1150 collegaque
352 1101 435 1138 eius
475 1100 530 1137 Μ.
569 1100 734 1138 Valerio
771 1099 950 1138 Maximo
987 1100 1062 1138 viae
1103 1113 1174 1150 per
1211 1113 1329 1150 agros
1359 1100 1523 1151 publica

78 1170 257 1220 impensa
286 1169 414 1207 faciae.
473 1168 527 1206 Et
558 1182 646 1205 cum
679 1167 1080 1217 Carthaginiensibus
1104 1168 1243 1206 eodem
1266 1182 1370 1206 anno
1393 1169 1522 1207 foedus
1540 1167 1592 1205 26

77 1238 197 1275 tertio
236 1241 482 1284 renovatum,
513 1237 740 1287 legatisque
772 1251 921 1284 eorum,
959 1238 1027 1287 qui
1059 1237 1111 1275 ad
1152 1237 1194 1275 id
1225 1241 1429 1285 venerant,
1461 1251 1523 1276 co-

79 1307 197 1344 miter
225 1319 390 1343 munera
420 1307 549 1343 missa.

192 1374 450 1412 Dictatorem
481 1374 588 1412 idem
626 1387 753 1411 annus
783 1374 927 1412 habuit
957 1373 1003 1412 P.
1035 1373 1265 1412 Cornelium
1297 1373 1528 1424 Scipionem
1600 1368 1659 1415 44

79 1457 168 1481 011111
198 1442 391 1492 magistro
424 1442 601 1492 equitum
625 1441 671 1479 P.
695 1441 824 1479 Decio
848 1443 976 1480 Mure.
1021 1442 1089 1480 Ab
1121 1443 1196 1489 his,
1235 1447 1401 1493 propter
1433 1456 1521 1492 quae
1539 1441 1562 1477 2

78 1512 204 1549 creati
235 1514 359 1557 erant,
391 1511 554 1548 comitia
584 1511 812 1549 consularia
841 1511 990 1558 habita,
1022 1511 1116 1560 quia
1146 1514 1286 1548 neuter
1317 1511 1522 1549 consulum
1541 1507 1734 1568 ᾒζῖὶξζζὲζ

79 1582 267 1629 potuerat
311 1579 416 1616 bello
463 1579 611 1617 abesse.
687 1578 821 1616 Creati
867 1580 1049 1617 consules
1090 1579 1136 1616 L.
1178 1579 1421 1626 Postumius,
1462 1579 1523 1617 Ti.

78 1647 293 1685 Minucius.
353 1647 441 1685 Hos
473 1647 654 1685 consules
684 1647 782 1685 Piso
807 1648 855 1695 Q.
873 1648 1001 1686 Fabio
1034 1650 1074 1685 et
1103 1647 1150 1685 P.
1168 1647 1297 1685 Decio
1330 1648 1524 1698 suggerit,
1544 1646 1567 1683 3

79 1716 241 1754 biennio
274 1718 467 1765 exempto,
498 1728 576 1765 quo
609 1714 825 1753 Claudium
856 1715 1198 1765 Volumniumque
1230 1720 1269 1753 et
1295 1715 1526 1754 Cornelium

78 1798 167 1822 cum
204 1777 358 1822 Marcio
397 1784 578 1822 consules
615 1784 740 1822 factos
770 1784 1022 1822 tradidimus.
1094 1784 1342 1822 Memoriane
1373 1782 1568 1834 fugerit4

78 1853 120 1891 in
161 1853 372 1890 annalibus
414 1851 646 1902 digerendis
687 1866 738 1890 an
778 1853 960 1890 consulto
1001 1852 1118 1890 binos
1163 1852 1358 1900 consules,
1402 1853 1524 1890 falsos

80 1924 203 1968 ratus,
233 1921 536 1967 transcenderit,
567 1921 765 1958 incertum
796 1924 866 1958 est.

193 1988 345 2026 Eodem
385 2001 488 2026 anno
527 1988 567 2025 in
609 2001 790 2038 campum
824 1987 1032 2026 Stellatem
1063 1987 1151 2037 agri
1183 1987 1377 2038 Campani
1409 1986 1519 2025 Sam·
1539 1987 1562 2024 5

78 2057 223 2094 uitium
255 2057 504 2094 incursiones
534 2056 661 2094 factae.
721 2056 866 2106 Itaque
897 2056 1013 2094 ambo
1045 2056 1226 2094 consules
1251 2056 1292 2093 in
1317 2055 1524 2094 Samnium
1542 2057 1565 2094 6

80 2126 188 2163 missi
220 2139 341 2176 quum
373 2125 551 2163 diversas
582 2125 777 2173 regiones,
800 2124 1006 2161 Tifernum
1030 2124 1274 2172 Postumius,
1298 2124 1525 2163 Bovianum

77 2194 281 2231 Minucius
319 2194 496 2244 petisset,
534 2193 733 2231 Postumii
774 2192 885 2243 prius
925 2192 1049 2230 ductu
1089 2194 1140 2232 ad
1179 2193 1388 2231 Tifernum
1425 2207 1525 2243 pug-

78 2266 228 2300 natum.
301 2262 390 2300 Alii
428 2262 536 2300 haud
575 2262 695 2299 dubie
727 2260 925 2299 Samnites
961 2261 1088 2299 victos
1126 2275 1171 2300 ac
1210 2261 1358 2311 viginti
1395 2261 1562 2299 millia7

78 2331 282 2368 hominum
313 2334 431 2380 capta
460 2330 637 2376 tradunt,
669 2330 737 2367 alii
767 2330 898 2367 Marte
930 2342 1042 2379 aequo
1067 2330 1296 2377 discessum,
1320 2333 1360 2367 et
1377 2329 1522 2366 Postu·
1540 2330 1566 2367 8

81 2399 215 2446 mium,
246 2402 394 2436 metum
417 2399 680 2445 simulantem,
711 2402 905 2436 nocturno
931 2399 1076 2436 itinere
1099 2399 1201 2436 clam
1226 2399 1267 2436 in
1294 2401 1447 2436 montes
1465 2411 1526 2435 co-

80 2467 168 2517 pias
198 2466 424 2513 abduxisse,
455 2467 586 2505 hostes
617 2469 773 2504 secutos
805 2465 883 2504 duo
910 2466 1037 2504 millia
1059 2467 1152 2504 inde
1176 2467 1274 2505 locis
1300 2466 1468 2504 munitis
1486 2469 1525 2504 et

82 2535 190 2585 ipsos
221 2535 457 2573 consedisse.
528 2534 677 2573 Consul
716 2539 761 2572 ut
802 2534 948 2572 stativa
984 2538 1072 2572 tuta
1110 2535 1350 2585 copiosaque
1382 2535 1439 2583 (et
1469 2534 1565 2571 ita9

81 2604 211 2652 erant)
244 2605 390 2654 petisse
421 2604 638 2650 videretur,
684 2607 898 2653 postquam
937 2607 976 2640 et
1013 2603 1269 2640 munimentis
1302 2606 1431 2640 castra
1462 2601 1527 2639 fir-

82 2673 205 2711 mavit
235 2677 275 2710 et
305 2673 412 2710 omni
444 2676 641 2723 apparatu
671 2685 803 2709 rerum
834 2671 992 2709 utilium
1018 2672 1219 2718 instruxit,
1242 2671 1383 2708 relicto
1407 2670 1522 2709 firmo
1543 2672 1595 2708 10

150 2751 255 2777 Livius
276 2759 314 2777 ex
333 2759 392 2777 rec.
412 2751 566 2782 Madvigii.
586 2751 627 2776 11.
1255 2749 1297 2781 13
