1821 2928
381 221 464 257 224
836 231 927 257 Liber
944 231 981 256 X.
1019 231 1067 260 (A.
1087 239 1115 257 u.
1135 238 1160 257 c.
1180 233 1253 262 459.)

323 349 454 383 autem
483 345 647 382 dubium
675 359 769 393 esse,
800 346 870 383 ubi
895 359 1015 383 unuin
1050 345 1200 383 bellum
1223 346 1275 383 sit
1300 361 1483 397 asperum
1508 360 1552 385 ac
1579 347 1759 402 difficile,

325 427 444 463 quum
478 414 518 450 id
552 415 670 452 alteri
702 419 813 452 extra
844 418 990 452 sortem
1022 414 1243 462 mandetur,
1273 416 1371 465 quin
1396 417 1498 453 alter
1525 417 1660 454 consul
1685 430 1758 467 pro

260 482 310 518 13
329 496 620 532 supervacaneo
653 487 772 533 atque
804 483 938 520 inutili
969 483 1192 520 habeatur?
1238 482 1413 522 Gloriari
1440 484 1610 522 Fabium
1640 485 1759 523 rebus

326 550 366 587 in
397 551 562 588 Etruria
593 552 737 600 gestis3
775 551 878 588 velle
918 554 956 588 et
996 551 1041 588 P.
1073 551 1244 589 Decium
1281 552 1470 600 gloriari3
1509 555 1548 590 et
1577 552 1760 602 forsitan,

325 632 440 667 quem
474 619 542 656 ille
575 620 759 656 obrutum
792 621 924 668 ignem
954 620 1182 670 reliquerit,
1220 620 1277 657 ita
1314 624 1359 657 ut
1387 621 1506 658 toties
1535 635 1680 659 novum
1713 636 1759 660 ex

259 686 541 737 l4improviso
574 688 802 725 incendium
835 688 964 735 daret,
1003 701 1091 725 eum
1122 701 1162 724 se
1194 688 1491 726 exstincturum.
1550 689 1758 728 Postremo

323 768 362 791 se
393 755 555 804 collegae
586 756 755 794 honores
785 757 1026 807 praemiaque
1059 769 1335 793 concessurum
1356 758 1597 795 verecundia
1628 758 1760 796 aetatis

324 822 408 859 eius
439 824 753 875 maiestatisque3
793 838 913 874 quum
950 824 1190 875 perieulum,
1223 838 1349 873 quum
1382 825 1584 863 dimicatio
1615 839 1758 876 propo-

256 888 306 925 15
324 891 402 929 sita
425 892 488 938 sit,
521 906 647 942 neque
679 892 817 930 cedere
848 906 918 930 sua
949 896 1089 942 sponte
1116 906 1242 942 neque
1267 906 1479 931 cessurum.
1524 893 1578 931 Et
1599 894 1632 931 si
1654 894 1760 932 nihil

324 960 434 996 aliud
467 975 513 997 ex
545 974 588 998 eo
623 961 838 999 certamine
868 961 1018 1007 tulerit,
1060 960 1161 998 illud
1194 964 1298 998 certe
1327 961 1520 1009 laturum,
1557 965 1612 1010 ut,
1651 962 1759 1013 quod

322 1029 461 1077 populi
493 1029 564 1076 sit,
594 1030 766 1080 populus
807 1029 945 1067 iubeat
973 1029 1119 1079 potiUS,
1160 1042 1278 1078 quam
1308 1033 1442 1079 patres
1473 1030 1759 1079 gratificentur.

258 1093 306 1129 16
324 1095 460 1133 Iovem
491 1097 684 1146 optimum
713 1098 929 1135 maximum
962 1097 1134 1147 deosque
1167 1097 1410 1135 immortales
1442 1112 1482 1136 se
1512 1098 1680 1149 precari,
1714 1101 1760 1135 ut

324 1164 381 1201 ita
411 1169 558 1202 sortem
590 1178 744 1215 aequam
776 1166 854 1203 sibi
886 1179 974 1202 cum
1005 1166 1159 1214 collega
1190 1164 1297 1213 dent,
1327 1167 1361 1203 si
1384 1166 1548 1204 eandem
1570 1166 1759 1204 virtutem

258 1229 307 1265 17
324 1232 633 1287 felicitatemque
665 1234 706 1271 in
730 1234 836 1271 bello
861 1233 1181 1271 administrando
1208 1233 1342 1272 daturi
1374 1235 1464 1272 sint.
1510 1234 1625 1273 Certe
1655 1234 1697 1273 id
1721 1237 1760 1273 et

321 1284 465 1338 natuif‘a
497 1315 651 1351 aequum
690 1306 727 1339 et
767 1303 946 1352 exemplo
985 1302 1086 1339 utile
1128 1315 1210 1339 esse
1249 1306 1288 1340 et
1332 1302 1382 1340 ad
1427 1302 1574 1340 famam
1619 1303 1760 1354 populi

323 1369 497 1407 Romani
529 1370 746 1421 pertinere,
789 1383 854 1407 eos
887 1370 1066 1408 consules
1097 1384 1198 1418 esse,
1239 1384 1404 1420 quorum
1436 1370 1630 1409 utrolibet
1659 1370 1759 1409 duce

258 1433 307 1470 18
324 1438 471 1476 bellum
502 1439 717 1476 Etruscum
749 1439 834 1487 geri
874 1442 979 1476 recte
1020 1439 1155 1488 possit.
1215 1438 1365 1476 Fabius
1395 1438 1499 1476 nihil
1530 1438 1642 1477 aliud
1671 1451 1758 1489 pre—

325 1509 435 1543 catus
458 1507 649 1556 populum
672 1506 898 1544 Romanum
923 1521 1040 1556 quam
1065 1511 1119 1554 ut,
1142 1507 1377 1557 priusquam
1399 1507 1504 1545 intro
1522 1510 1760 1545 vocarentur

325 1574 374 1610 ad
398 1573 632 1622 suffragium
658 1575 799 1621 tribus,
831 1575 939 1624 App.
965 1574 1125 1612 Claudii
1147 1576 1331 1625 praetoris
1356 1575 1499 1613 allatas
1524 1589 1572 1612 ex
1592 1575 1760 1613 Etruria

323 1642 480 1679 litteras
526 1642 727 1688 audirent,
774 1643 932 1679 comitio
979 1643 1094 1680 abiit.
1161 1643 1244 1681 Nec
1290 1644 1440 1682 minore
1483 1643 1624 1694 populi
1668 1656 1759 1681 con-

325 1723 443 1746 sensu
488 1723 605 1758 quam
650 1714 810 1747 senatus
848 1710 1057 1760 provincia
1094 1710 1258 1748 Etruria
1298 1714 1409 1749 extra
1446 1715 1593 1750 sortem
1630 1711 1758 1750 Fabio

325 1777 483 1815 decreta
513 1780 582 1815 est.

439 1845 662 1883 Concursus
695 1844 786 1882 inde
817 1845 867 1882 ad
899 1845 1101 1883 consulem
1124 1845 1252 1882 factus
1277 1845 1452 1883 omnium
1476 1846 1599 1884 ferme
1630 1846 1759 1884 iunio-

324 1927 430 1960 rum,
475 1917 514 1951 et
550 1927 622 1963 pro
661 1927 700 1950 se
739 1913 905 1963 quisque
943 1913 1105 1950 nomina
1143 1912 1311 1960 dabant3
1356 1916 1468 1950 tanta
1498 1914 1644 1964 cupido
1675 1917 1762 1953 erat

285 1978 399 2018 2sub
447 1995 490 2019 eo
537 1981 636 2019 duce
681 1981 882 2031 stipendia
926 1981 1113 2018 faciendi.
1189 1981 1278 2029 Qua
1331 1981 1591 2020 circumfusus
1641 1983 1762 2021 turba

328 2050 552 2099 „Quattuor
583 2049 736 2086 millia“
772 2049 904 2098 inquit
938 2049 1142 2099 „peditum
1174 2052 1213 2086 et
1243 2052 1447 2087 sexcentos
1471 2051 1627 2100 equites
1650 2051 1759 2089 dum-

323 2120 436 2154 taxat
466 2117 640 2155 seribere
671 2118 711 2154 in
743 2118 871 2154 animo
905 2120 980 2163 est;
1010 2117 1203 2155 hodierno
1235 2120 1274 2154 et
1304 2118 1477 2156 crastino
1509 2118 1575 2157 die
1597 2119 1668 2169 qui
1691 2133 1760 2158 no-

287 2182 433 2221 3mina
473 2184 684 2231 dederitis,
722 2199 875 2222 mecum
914 2185 1066 2222 ducam.
1132 2184 1279 2221 Maiori
1317 2185 1418 2223 mihi
1458 2199 1562 2224 curae
1602 2189 1678 2234 est,
1714 2189 1762 2224 ut

325 2265 458 2290 omnes
488 2252 706 2302 locupletes
738 2253 935 2299 reducam,
966 2267 1083 2303 quam
1114 2255 1160 2290 ut
1189 2253 1325 2290 multis
1355 2267 1438 2290 rem
1461 2266 1596 2302 geram
1620 2254 1759 2292 militi-

288 2318 440 2357 4bus.“
512 2319 721 2358 Profectus
758 2324 850 2370 apto
891 2321 1066 2358 exercitu
1104 2324 1141 2358 et
1180 2333 1224 2357 eo
1264 2321 1354 2371 plus
1394 2321 1552 2359 fiduciae
1592 2335 1636 2360 ac
1675 2322 1760 2372 spei

327 2392 508 2436 gerente,
547 2387 653 2437 quod
687 2402 767 2426 non
808 2388 1037 2426 desiderata
1082 2388 1298 2426 multitudo
1337 2391 1439 2436 erat,
1477 2389 1527 2426 ad
1565 2389 1760 2440 oppidum

326 2455 551 2503 Aharnam,
589 2456 693 2493 unde
731 2456 838 2493 haud
877 2457 1015 2506 procul
1054 2456 1186 2494 hostes
1218 2460 1347 2503 erant,
1384 2457 1435 2494 ad
1467 2460 1598 2495 castra
1626 2456 1759 2507 Appii

289 2522 311 2558 5
329 2524 510 2573 praetoris
527 2524 670 2573 pergit.
715 2523 863 2561 Paucis
887 2524 989 2560 citra
1014 2524 1192 2561 millibus
1223 2524 1444 2573 lignatores
1475 2525 1510 2562 ei
1541 2538 1628 2562 cum
1659 2537 1758 2574 prae-

329 2591 433 2629 sidio
465 2595 698 2637 occurrunt3
731 2591 799 2640 qui
822 2595 866 2628 ut
890 2591 1048 2629 lictores
1073 2593 1272 2642 praegredi
1296 2592 1484 2629 viderunt
1509 2592 1758 2642 Fabiumque

329 2672 412 2696 esse
458 2659 671 2697 consulem
703 2672 907 2708 accepere,
953 2660 1034 2696 laeti
1080 2663 1199 2709 atque
1246 2660 1396 2697 alacres
1434 2658 1494 2696 dis
1531 2660 1758 2710 populoque
