1821 2928
286 108 338 145 82
749 103 862 139 Liber
887 103 939 138 11.
987 105 1052 148 (A.
1077 116 1113 138 u.
1140 116 1171 140 c.
1196 105 1289 146 259.)

149 228 204 276 22
406 233 503 270 Cum
552 232 788 269 Volscorum
835 235 953 281 gente
1000 231 1143 269 Latino
1182 232 1289 269 bello
1321 245 1450 282 neque
1482 246 1560 282 pax
1592 246 1721 283 neque

287 305 436 342 bellum
469 305 617 350 fuerat;
664 317 753 341 nam
800 307 838 340 et
885 303 1022 342 Volsci
1073 308 1400 353 comparaverant
1431 304 1598 354 auxilia,
1631 317 1720 354 quae

287 378 493 414 mitterent
524 376 693 421 Latinis,
726 375 766 412 ni
799 378 1039 413 maturatum
1073 375 1122 412 ab
1155 375 1348 413 dictatore
1380 376 1560 414 Romano
1606 380 1720 423 esset,

288 452 325 485 et
357 448 571 485 maturavit
604 447 818 500 Romanus,
852 462 899 486 ne
916 448 1059 498 proelio
1086 460 1164 484 uno
1197 461 1284 484 cum
1314 447 1460 485 Latino
1493 447 1722 498 Volscoque

246 527 267 562 2
289 520 561 559 contenderet.
625 520 713 558 Hac
745 521 806 558 ira
840 520 1020 558 consules
1061 520 1101 557 in
1143 519 1335 557 Volscum
1377 532 1515 568 agrum
1546 519 1721 569 legiones

289 592 450 629 duxere.
513 591 682 630 Volscos
715 593 874 630 consilii
908 605 1064 641 poenam
1106 604 1185 628 non
1226 594 1446 628 metuentes
1482 591 1722 642 necopinata

288 677 349 701 res
398 664 591 714 perculit3
639 677 835 702 armorum
884 664 1131 700 immemores
1179 663 1338 701 obsides
1384 663 1481 701 dant
1524 667 1722 701 trecentos

287 736 520 785 principum
552 749 572 773 a
607 735 709 773 Cora
741 740 859 786 atque
892 735 1074 773 Pometia
1103 735 1261 773 liberos.
1306 735 1371 772 Ita
1401 736 1487 772 sine
1505 735 1721 773 certamine

244 810 266 846 3
289 807 384 844 inde
417 807 596 845 abductae
627 807 818 856 legiones.
882 807 964 845 Nec
1004 807 1061 844 ita
1101 807 1225 844 multo
1266 810 1357 856 post
1388 806 1548 844 Volscis
1580 807 1722 845 levatis

289 884 398 917 metu
431 892 542 916 suum
575 879 696 916 rediit
726 879 942 928 ingenium.
985 878 1140 916 Rursus
1175 879 1370 916 occultum
1402 882 1546 928 parant
1561 879 1722 926 bellum,

241 957 266 993 4
286 951 477 988 Hernicis
510 951 549 987 in
582 951 812 988 societatem
852 964 1049 988 armorum
1082 951 1306 1000 assumptis.
1360 950 1532 999 Legatos
1564 964 1722 1002 quoque

286 1024 336 1061 ad
368 1022 665 1060 sollicitandum
696 1023 857 1060 Latium
889 1023 1036 1073 passim
1071 1023 1298 1068 dimittunt3
1330 1022 1398 1059 sed
1424 1036 1559 1060 recens
1576 1023 1627 1061 ad
1643 1023 1721 1061 Re-

287 1096 426 1144 gillum
459 1095 589 1132 lacum
622 1099 784 1145 accepta
817 1095 951 1133 clades
971 1095 1138 1132 Latinos
1164 1095 1222 1132 ira
1239 1094 1410 1144 odioque
1428 1095 1525 1142 eius,
1557 1095 1721 1145 quicun-

287 1181 363 1216 que
395 1181 504 1203 arma
536 1166 734 1213 suaderet,
766 1180 814 1204 ne
847 1167 894 1204 ab
927 1167 1071 1216 legatis
1098 1166 1257 1216 quidem
1283 1166 1479 1204 violandis
1505 1166 1718 1214 abstinuit;

288 1238 592 1288 comprehensos
626 1237 794 1276 Volscos
826 1238 994 1275 Romam
1023 1237 1184 1277 duxere.
1232 1238 1298 1276 Ibi
1328 1238 1471 1276 traditi
1488 1238 1720 1276 consulibus

288 1311 587 1359 indicatumque
613 1314 681 1356 est,
699 1309 868 1347 Volscos
886 1309 1163 1360 Hernicosque
1181 1324 1322 1360 parare
1347 1310 1495 1348 bellum
1514 1310 1719 1348 Romanis.

244 1387 266 1424 5
288 1383 433 1420 Relata
466 1396 507 1419 re
541 1382 591 1419 ad
623 1385 814 1430 senatum.
844 1381 941 1419 adeo
967 1382 1043 1418 fuit
1069 1385 1225 1431 gratum
1258 1383 1452 1432 patribus,
1486 1385 1529 1419 ut,
1561 1385 1599 1419 et
1629 1394 1719 1431 cap·

287 1456 458 1492 tivorum
507 1468 574 1491 sex
607 1454 733 1491 millia
778 1454 933 1491 Latinis
979 1454 1227 1491 remitterent
1266 1458 1303 1491 et
1334 1453 1383 1491 de
1421 1454 1580 1500 foedere,
1614 1452 1721 1504 quod

287 1540 411 1577 prope
445 1527 484 1562 in
517 1530 754 1575 perpetuum
786 1530 973 1574 negatum
991 1527 1132 1575 fuerat,
1158 1540 1239 1563 rem
1272 1526 1321 1563 ad
1361 1540 1483 1564 novos
1515 1526 1720 1575 magistra-

246 1603 350 1639 ctus
381 1599 608 1636 reiicerent.
669 1597 883 1634 Enimvero
930 1602 1014 1635 tum
1061 1598 1198 1635 Latini
1237 1598 1411 1647 gaudere
1450 1598 1571 1644 facto;
1611 1597 1720 1648 pacis

289 1675 467 1708 auctores
500 1670 542 1706 in
574 1669 727 1717 ingenti
758 1669 889 1717 gloria
907 1682 1000 1706 esse.
1049 1669 1243 1707 Coronam
1261 1682 1420 1706 auream
1453 1670 1542 1707 Iovi
1574 1669 1720 1706 donum

290 1744 328 1780 in
362 1741 609 1792 Capitolium
642 1741 815 1780 mittunt.
866 1740 962 1778 Cum
996 1741 1141 1790 legatis
1166 1740 1361 1790 donoque,
1383 1741 1451 1791 qui
1475 1740 1725 1791 captivorum

289 1814 445 1851 remissi
491 1814 539 1850 ad
572 1826 662 1850 suos
705 1813 875 1858 fuerant,
911 1826 1052 1861 magna
1084 1813 1324 1850 circumfusa
1355 1813 1571 1850 multitudo
1602 1813 1724 1852 venit.

252 1888 272 1921 7
294 1886 475 1934 Pergunt
509 1885 644 1921 domos
677 1897 823 1929 eorum,
856 1884 962 1934 apud
989 1898 1104 1934 quem
1131 1886 1300 1935 quisque
1318 1886 1556 1932 servierant;
1573 1885 1725 1934 gratias

289 1961 415 2006 agunt
448 1957 674 1993 liberaliter
704 1955 833 1993 habiti
867 1956 1046 2006 cultique
1079 1957 1118 1993 in
1153 1957 1379 1994 calamitate
1410 1970 1499 2003 sua;
1533 1957 1625 1994 inde
1656 1956 1724 1994 ho-

289 2030 411 2079 spitia
444 2029 626 2077 iungunt.
672 2027 886 2077 Nunquam
918 2029 1014 2066 alias
1042 2033 1132 2066 ante
1148 2029 1310 2079 publice
1325 2029 1598 2079 privatimque
1614 2028 1724 2066 Lati-

292 2115 384 2138 num
418 2114 559 2138 nomen
591 2100 773 2138 Romano
808 2100 976 2149 imperio
1010 2101 1262 2138 coniunctius
1293 2101 1380 2138 fuit.

152 2178 208 2226 23
411 2171 489 2209 Sed
522 2176 561 2208 et
593 2172 743 2209 bellum
762 2171 953 2209 Volscum
987 2172 1219 2210 imminebat
1235 2176 1274 2209 et
1304 2173 1446 2211 civitas
1476 2185 1608 2210 secum
1638 2171 1725 2222 ipsa

291 2244 443 2280 discors
477 2244 669 2280 intestino
696 2244 800 2280 inter
817 2247 949 2293 patres
967 2244 1203 2293 plebemque
1220 2244 1417 2293 flagrabat
1433 2244 1538 2291 odio,
1554 2243 1723 2281 maxime

250 2323 272 2359 2
292 2318 458 2367 propter
490 2329 612 2352 nexos
645 2315 694 2353 ob
728 2328 779 2352 aes
812 2315 997 2352 alienum.
1045 2315 1299 2362 Foemebant,
1317 2329 1368 2363 se,
1385 2316 1480 2354 foris
1496 2329 1568 2366 pro
1599 2315 1723 2353 liber-

289 2392 372 2426 tate
407 2390 444 2424 et
477 2387 644 2435 imperio
679 2387 922 2433 dimicantes.
955 2387 1062 2424 domi
1093 2401 1115 2424 a
1146 2387 1299 2425 civibus
1325 2392 1459 2437 captos
1491 2391 1531 2425 et
1561 2400 1723 2437 oppres-

290 2474 354 2498 sos
388 2473 484 2507 esse,
519 2458 785 2507 tutioremque
819 2458 858 2494 in
891 2458 997 2496 bello
1038 2473 1155 2508 quam
1189 2459 1229 2496 in
1259 2473 1356 2509 pace
1387 2462 1426 2497 et
1455 2460 1560 2497 inter
1589 2459 1722 2496 hostes

290 2545 409 2582 quam
445 2531 549 2568 inter
581 2530 687 2566 cives
716 2529 938 2566 libertatem
969 2530 1096 2579 plebis
1130 2544 1228 2577 esse3
1263 2530 1534 2581 invidiamque
1552 2543 1635 2568 eam
1653 2541 1724 2567 sua

250 2607 431 2653 3sponte
465 2603 703 2651 gliscentem
738 2601 906 2650 insignis
943 2601 1057 2638 unius
1090 2602 1291 2639 calamitas
1322 2601 1517 2641 accendit.
1572 2600 1721 2650 Magno

293 2672 588 2727 natuz'quidam
623 2687 708 2711 cum
740 2673 913 2710 omnium
945 2673 1134 2710 malorum
1168 2686 1328 2710 suorum
1352 2672 1577 2722 insignibus
1607 2685 1648 2710 se
1680 2672 1722 2709 in
