1821 2928
567 181 657 206 Liber
675 180 744 206 vu.
782 179 830 208 (A.
850 180 901 205 eh.
922 180 1078 207 ³43—342.)
1439 165 1491 202 89

110 299 295 349 tuaginta
326 299 377 336 ad
417 297 616 336 consulem
658 295 919 334 deferrentur.
979 294 1080 331 Tum
1123 293 1163 330 in
1204 295 1333 330 castra
1373 290 1546 329 hostium
1570 290 1618 326 17

112 368 296 415 reditum,
327 366 463 416 ibique
494 366 620 404 omnis
651 365 787 415 praeda
818 364 938 402 militi
970 364 1075 401 data.

226 435 360 474 Huius
392 435 620 473 certaminis
660 435 820 472 fortuna
852 437 891 471 et
922 432 1112 478 Faliscos,
1153 443 1274 480 quum
1306 429 1348 466 in
1380 428 1548 466 indutiis
1624 421 1684 469 38

115 507 254 552 essent,
286 503 414 542 foedus
445 507 580 554 petere
611 504 662 541 ab
694 506 834 540 senatu
865 502 995 551 coegit
1027 504 1065 538 et
1082 500 1260 545 Latinos,
1292 499 1370 536 iam
1402 497 1549 535 exerci-

112 574 221 612 tibus
267 572 516 623 comparatis,
562 572 611 610 ab
657 571 839 609 Romano
886 572 927 608 in
965 570 1180 619 Pelignum
1224 568 1346 605 vertit
1389 567 1551 604 bellum.

113 642 253 692 Neque
283 642 341 679 ita
371 641 430 679 rei
468 644 589 690 gestae
627 641 732 678 fama
762 640 894 678 Italiae
925 653 965 677 se
996 638 1143 676 finibus
1172 636 1315 683 tenuit,
1354 635 1422 672 sed
1454 635 1548 673 Car·
1567 633 1590 670 2

112 711 384 760 thaginienses
416 723 574 760 quoque
614 710 766 759 legatos
805 709 1050 758 gratulatum
1081 706 1250 744 Romam
1290 705 1431 742 misere
1464 718 1552 742 cum

116 792 270 818 coronae
302 792 431 817 aureae
463 779 580 827 dono,
618 791 706 828 quae
738 779 779 816 in
810 777 1012 827 Capitolio
1046 776 1086 813 in
1116 775 1226 813 Iovis
1258 774 1359 811 cella
1390 787 1551 823 ponere-

112 852 198 895 tur;
228 848 306 885 fuit
336 848 469 897 pondo
500 847 644 897 viginti
663 847 851 897 quinque.
897 845 1088 884 Consules
1105 845 1220 882 ambo
1237 843 1286 880 de
1303 841 1551 880 Samnitibus
1571 839 1593 875 3

114 917 426 967 triumpharunt,
472 920 660 966 sequente
701 916 829 954 Decio
871 914 1019 964 insigni
1061 927 1149 951 cum
1189 913 1307 951 laude
1348 911 1553 960 donisque,

118 999 239 1036 quum
284 984 488 1023 incondito
535 985 704 1022 milita-ri
753 985 839 1023 ioco
886 983 995 1021 haud
1035 983 1164 1020 minus
1203 981 1359 1019 tribuni
1399 980 1553 1018 celebre

116 1067 259 1092 nomen
291 1067 408 1103 quam
440 1054 646 1092 consulum
678 1056 790 1091 esset.

231 1122 525 1172 Campanorum
543 1122 688 1160 deinde
706 1121 1118 1170 Suessulanorumque
1143 1119 1290 1157 auditae
1321 1118 1553 1167 legationes,
1572 1112 1597 1149 4

118 1192 455 1242 precantibusque
472 1191 621 1239 datum,
651 1194 697 1228 ut
727 1190 959 1241 praesidium
977 1203 1021 1227 eo
1054 1189 1094 1225 in
1125 1188 1294 1225 hiberna
1317 1187 1556 1232 mitteretur,

119 1274 197 1310 quo
229 1259 468 1298 Samnitium
500 1260 751 1298 excursiones
783 1262 1025 1297 arcerentur.
1070 1258 1158 1295 Iam
1186 1260 1271 1294 tum
1302 1256 1464 1293 minime
1496 1268 1553 1292 sa·
1575 1249 1596 1286 5

117 1329 244 1366 lubris
274 1329 443 1366 militari
475 1329 698 1379 disciplinae
717 1327 856 1377 Capua
888 1327 1150 1364 instrumento
1182 1325 1357 1363 omnium
1373 1324 1555 1373 volupta-

119 1398 219 1435 tium
265 1397 462 1435 delenitos
504 1397 679 1434 militum
720 1396 871 1434 animos
912 1395 1059 1433 avertit
1103 1409 1126 1432 a
1170 1393 1360 1431 memoria
1405 1392 1557 1442 patriae,

120 1466 404 1516 inibanturque
422 1466 589 1504 consilia
620 1466 660 1502 111
684 1464 862 1503 hibernis
878 1464 1017 1501 eodem
1033 1464 1181 1501 scelere
1204 1461 1426 1500 adimendae
1444 1461 1557 1499 Cam·

121 1535 237 1585 panis
269 1535 428 1585 Capuae,
467 1548 538 1585 per
570 1534 676 1584 quod
718 1533 780 1571 illi
812 1546 897 1570 eam
928 1532 1105 1582 antiquis
1137 1531 1359 1569 cultoribus
1390 1529 1558 1567 ademis—

121 1607 225 1642 sent:
258 1617 386 1653 neque
418 1603 616 1641 immerito
648 1616 760 1640 suum
792 1602 968 1652 ipsorum
1001 1601 1224 1650 exemplum
1256 1600 1297 1636 in
1328 1613 1394 1637 eos
1423 1612 1556 1637 versu·
1576 1593 1598 1630 6

122 1686 220 1710 rum.
281 1672 362 1710 Cur
394 1675 525 1709 autem
567 1672 701 1721 potius
734 1670 929 1721 Campani
971 1683 1110 1719 agrum
1141 1669 1272 1707 Italiae
1303 1667 1560 1714 uberrimum,

119 1741 287 1790 dignam
304 1755 400 1790 agro
418 1740 569 1787 urbem,
601 1739 670 1790 qui
702 1754 772 1778 nec
804 1753 844 1777 se
875 1753 948 1777 nec
979 1752 1050 1777 sua
1080 1737 1205 1775 tutari
1235 1740 1409 1787 possent,
1440 1750 1558 1786 quam

118 1811 247 1848 victor
288 1810 486 1848 exercitus
526 1809 704 1857 haberet,
750 1809 820 1859 qui
860 1822 929 1846 suo
972 1808 1116 1845 sudore
1147 1820 1192 1844 ac
1232 1806 1426 1855 sanguine
1468 1805 1560 1843 inde

121 1877 320 1916 Samnites
337 1878 584 1928 depulisset?
616 1877 684 1916 An
702 1891 859 1928 aequum
891 1891 984 1925 esse,
1016 1875 1229 1913 dediticios
1260 1888 1350 1912 suos
1382 1875 1452 1912 illa
1483 1874 1558 1911 fer·
1580 1879 1601 1914 7

119 1947 269 1985 tilitate
301 1951 421 1997 atque
446 1947 675 1985 amoenitate
708 1947 873 1997 perfrui,
903 1960 943 1984 se
974 1944 1185 1982 militando
1217 1945 1338 1981 fessos
1370 1943 1411 1980 in
1440 1943 1560 1992 pesti—

121 2015 220 2053 lenti
251 2019 372 2065 atque
404 2016 517 2053 arido
549 2016 655 2052 circa
686 2015 827 2052 urbem
865 2015 948 2052 solo
990 2013 1136 2050 luctari
1166 2016 1236 2050 aut
1267 2012 1308 2048 in
1338 2012 1436 2050 urbe
1468 2012 1561 2049 insi-

123 2084 282 2122 dentem
312 2085 446 2121 tabem
477 2084 690 2121 crescentis
729 2084 771 2121 in
801 2083 886 2121 dies
925 2082 1073 2120 fenoris
1105 2081 1217 2132 pati?
1277 2080 1376 2118 Haee
1408 2081 1601 2130 agitatass

120 2152 286 2190 occultis
325 2152 670 2190 coniurationibus
712 2152 881 2190 necdum
920 2151 1085 2199 vulgata
1134 2151 1174 2187 in
1215 2163 1349 2187 omnes
1389 2150 1556 2188 consilia
1574 2149 1766 2210 ssssffifi}

120 2221 275 2259 invenit
305 2235 430 2259 novus
463 2220 601 2258 consul
633 2220 675 2257 C.
706 2221 883 2258 Marcius
914 2219 1091 2265 Rutilus,
1122 2219 1187 2256 cui
1204 2218 1425 2268 Campania
1455 2222 1560 2256 sorte
1604 2203 1610 2209 ι
1676 2203 1682 2209 ”
1758 2203 1765 2209 ⁶

119 2290 327 2339 provincia
359 2294 557 2336 evenerat,
588 2290 635 2338 Q.
661 2288 832 2327 Servilio
860 2289 1014 2337 collega
1039 2287 1090 2325 ad
1117 2288 1254 2325 urbem
1280 2287 1432 2325 relicto.
1477 2287 1558 2324 Ita·
1578 2288 1600 2323 9

123 2372 198 2409 que
223 2372 345 2408 quum
376 2358 508 2396 omnia
540 2371 597 2405 ea,
627 2358 730 2395 sicut
760 2361 872 2406 gesta
903 2360 1027 2403 erant,
1058 2370 1129 2406 per
1159 2356 1342 2394 tribunos
1360 2358 1561 2405 comperta

120 2427 295 2474 haberet,
327 2430 367 2464 et
398 2430 513 2464 aetate
545 2430 584 2464 et
607 2440 681 2463 usu
705 2426 856 2472 doctu&
888 2425 1037 2475 quippe
1063 2425 1132 2475 qui
1164 2425 1242 2462 iam
1260 2427 1446 2474 quartum
1470 2437 1559 2462 con-

121 2495 182 2533 sul
213 2499 315 2533 esset
345 2495 599 2545 dictatorque
631 2499 670 2533 et
701 2508 840 2532 censor
881 2494 1031 2541 fuisset,
1073 2494 1265 2544 optimum
1307 2496 1419 2530 ratus
1451 2491 1559 2528 diffe-

120 2563 243 2602 rendo
275 2577 394 2614 spem,
427 2563 745 2614 quandocunque
761 2563 921 2610 vellent,
953 2562 1111 2600 consilii
1143 2561 1384 2611 exsequendi
1415 2560 1560 2597 milita-

119 2646 203 2670 rem
233 2633 424 2684 impetum
455 2632 654 2679 frustrari,
693 2645 891 2670 rumorem
923 2631 1108 2681 dissipat,
1154 2631 1195 2668 in
1226 2628 1560 2679 iisdem.oppidis
