1821 2928
275 118 355 156 104
724 109 838 145 Liber
863 108 915 146 Π.
962 109 1023 153 (A.
1049 121 1083 147 u,
1110 120 1139 145 c.
1164 109 1259 154 274.)

277 243 390 280 litum
423 241 527 279 odio.
588 238 807 276 Obtinuere
837 241 970 274 tamen
1000 241 1148 286 patres,
1180 239 1223 273 ut
1254 236 1297 273 in
1322 236 1449 274 Fabia
1474 238 1591 285 gente
1607 248 1704 274 con-

275 314 426 351 sulatus
448 314 642 349 maneret:
675 309 731 348 M.
764 308 932 345 Fabium
965 309 1163 346 consulem
1195 311 1349 353 creant;
1387 307 1514 345 Fabio
1546 307 1703 357 collega

278 384 348 422 Cn.
380 383 558 421 Manlius
590 381 719 419 datur.

142 455 201 504 44
396 455 449 493 Et
479 454 544 491 hic
576 465 701 491 annus
731 451 934 489 tribunum
977 456 1176 488 auctorem
1222 451 1322 499 legis
1353 450 1520 499 agrariae
1551 450 1703 490 habuit.

70 521 256 587 Αὲὸζζξζξ]
277 527 368 565 Tib.
398 525 635 564 Pontificius
668 524 752 561 fuit.
814 523 854 560 Is
886 523 1047 560 eandem
1080 522 1196 567 viam,
1224 523 1333 559 velut
1349 522 1606 572 processisset
1636 520 1705 572 Sp.

235 599 448 646 2Licinio,
479 598 686 647 ingressus
718 595 907 632 dilectum
947 594 1152 644 paulisper
1192 593 1390 644 impediit.
1450 593 1706 632 Perturbatis

277 671 422 708 iterum
453 669 646 719 patribus,
679 666 786 717 App.
816 666 1007 704 Claudius
1031 666 1179 704 victam
1194 665 1453 703 tribuniciam
1469 668 1706 715 potestatem

279 742 413 780 dicere
444 741 578 791 priore
611 753 728 787 anno,
761 739 800 775 in
831 738 1043 787 praesentia
1073 751 1128 786 re,
1161 738 1343 787 exemplo
1383 737 1425 774 in
1457 739 1705 786 perpetuum,

237 816 260 853 3
279 814 439 864 quando
464 813 665 849 inventum
693 811 756 856 sit,
780 810 861 847 suis
880 810 1006 859 ipsam
1030 809 1186 846 viribus
1211 808 1388 847 dissolvi.
1437 808 1576 858 Neque
1603 808 1707 846 enim

278 898 451 935 unquam
471 884 712 928 defuturum,
732 882 800 932 qui
818 886 856 918 et
874 895 921 919 ex
939 881 1090 931 collega
1115 881 1327 919 victoriam
1358 880 1435 918 sibi
1467 884 1506 918 et
1535 879 1707 929 gratiam

278 956 456 994 melioris
487 956 612 1005 partis
646 955 749 992 bono
784 953 948 1003 publico
979 953 1078 990 velit
1110 953 1334 1002 quaesitam3
1353 956 1392 989 et
1407 952 1554 1002 plures,
1570 952 1604 990 si
1618 951 1707 1002 plu·

277 1028 389 1066 ribus
422 1041 520 1077 opus
552 1028 615 1074 sit,
644 1026 829 1064 tribunos
862 1026 912 1062 ad
944 1025 1137 1062 auxilium
1170 1025 1375 1062 consulum
1407 1027 1568 1073 paratos
1613 1023 1709 1070 fore,

238 1104 262 1141 4
280 1104 319 1137 et
349 1113 469 1137 unum
501 1099 564 1136 vel
595 1099 782 1136 adversus
815 1111 948 1135 omnes
979 1097 1075 1133 satis
1103 1109 1196 1134 esse.
1240 1096 1397 1133 Darent
1422 1094 1538 1133 modo
1565 1099 1604 1132 et
1620 1107 1710 1132 con·

279 1172 384 1209 sules
417 1175 455 1208 et
485 1171 680 1220 primores
711 1173 867 1219 patrum
886 1172 1128 1218 operam7ut‚
1157 1168 1191 1204 si
1222 1168 1352 1204 minus
1377 1179 1522 1217 omnes,
1556 1167 1711 1216 aliquos

242 1246 265 1283 5
284 1247 417 1281 tamen
450 1256 497 1279 ex
527 1242 702 1279 tribunis
734 1241 792 1278 rei
823 1241 996 1290 publicae
1029 1254 1073 1277 ac
1106 1239 1261 1277 senatui
1293 1238 1562 1276 conciliarent.
1600 1237 1710 1275 Prae-

280 1315 404 1364 ceptis
436 1314 563 1364 Appii
595 1314 740 1351 moniti
757 1317 889 1363 patres
907 1316 944 1350 et
963 1312 1141 1349 universi
1174 1311 1337 1349 comiter
1369 1324 1413 1347 ac
1438 1309 1609 1358 benigne
1639 1309 1713 1347 tri-

280 1387 406 1424 bunos
451 1386 670 1436 appellare,
717 1390 755 1422 et
801 1384 1038 1430 consulares,
1088 1387 1132 1420 ut
1177 1383 1319 1432 cuique
1357 1394 1491 1419 eorum
1523 1380 1711 1431 privatim

281 1458 436 1507 aliquid
453 1458 552 1495 iuris
573 1458 763 1495 adversus
781 1456 960 1506 singulos
986 1458 1082 1505 erat!⁸
1110 1455 1256 1504 partim
1281 1454 1426 1503 gratia,
1451 1453 1598 1504 partim
1622 1465 1713 1490 auc-

296 1531 460 1567 toritate
478 1530 700 1577 obtinuere,
717 1533 761 1566 ut
777 1528 1003 1565 tribuniciae
1018 1527 1229 1576 potestatis
1245 1526 1351 1562 vires
1367 1525 1548 1562 salubres
1571 1523 1722 1561 vellent

258 1602 344 1641 6rei
375 1601 547 1651 publicae
579 1614 676 1638 esse.
697 1597 957 1648 novemque¹)
989 1598 1241 1636 tribunorum
1267 1597 1456 1634 adversus
1486 1609 1608 1633 unum
1638 1608 1720 1633 mo-

283 1677 456 1711 ratorem
488 1672 645 1722 publici
680 1670 875 1709 commodi
907 1670 1057 1707 auxilio
1090 1669 1280 1706 dilectum
1309 1668 1491 1705 consules
1521 1667 1680 1704 habent.

252 1747 273 1782 7
409 1745 509 1782 Inde
540 1745 590 1781 ad
623 1743 770 1780 Veiens
803 1743 951 1780 bellum
982 1741 1162 1791 profecti.
1188 1754 1265 1789 quo
1282 1739 1460 1788 undique
1478 1751 1526 1776 ex
1558 1738 1722 1776 Etruria

295 1817 449 1856 auxilia
466 1820 749 1864 convenerant,
768 1828 845 1851 non
862 1818 943 1851 tam
962 1813 1195 1850 Veientium
1227 1811 1358 1860 gratia
1374 1810 1584 1860 concitata,
1603 1824 1720 1860 quam

293 1889 398 1939 quod
417 1889 457 1925 in
473 1901 581 1938 spem
598 1890 761 1925 ventum
790 1890 885 1931 erat,
914 1884 1119 1922 discordia
1141 1884 1334 1920 intestina
1359 1882 1523 1920 dissolvi
1540 1895 1624 1919 rem
1640 1881 1720 1919 Ro-

245 1959 270 1995 8
289 1973 443 1997 manam
474 1973 601 2009 posse.
660 1958 950 2008 Principesque
992 1958 1032 1993 in
1071 1955 1244 1993 omnium
1275 1955 1448 1992 Etruriae
1479 1953 1717 2004 populorum

288 2031 470 2069 conciliis
501 2031 736 2077 fremebant,
767 2035 934 2067 aeternas
966 2041 1059 2078 opes
1083 2040 1166 2064 esse
1189 2027 1405 2072 Romanas,
1429 2025 1506 2062 nisi
1533 2025 1638 2062 inter
1655 2037 1717 2063 se-

290 2106 367 2140 met
399 2103 477 2151 ipsi
510 2102 773 2140 seditionibus
805 2101 988 2146 saeviant3
1022 2099 1063 2136 id
1094 2112 1216 2136 uuum
1246 2110 1453 2145 venenum,
1473 2109 1559 2134 eam
1590 2096 1722 2135 labem

291 2174 521 2212 civitatibus
553 2174 756 2223 opulentis
788 2177 998 2222 repertam,
1031 2174 1076 2208 ut
1106 2183 1250 2219 magna
1266 2169 1436 2218 imperia
1459 2168 1644 2207 mortalia
1661 2181 1718 2205 es-

252 2246 390 2283 9sent.
451 2245 534 2282 Diu
576 2247 840 2282 sustentatum
880 2244 922 2280 id
964 2243 1122 2288 malum,
1162 2241 1308 2291 partim
1340 2243 1496 2290 patrum
1529 2239 1718 2290 consiliis,

291 2317 436 2367 partim
467 2316 662 2365 patientia
692 2316 834 2365 plebis,
870 2316 947 2352 iam
972 2314 1023 2352 ad
1051 2317 1226 2351 extrema
1251 2312 1416 2350 venisse.
1471 2310 1585 2348 Duas
1623 2311 1723 2349 civi-

290 2392 392 2425 tates
423 2401 472 2425 ex
503 2400 582 2424 una
614 2387 758 2433 factas;
789 2399 880 2423 suos
912 2387 1055 2435 cuique
1086 2385 1195 2434 parti
1220 2384 1490 2432 magistratus,
1509 2395 1599 2420 suas
1614 2382 1722 2432 leges

226 2459 276 2496 10
295 2472 391 2498 esse.
452 2459 631 2496 Primum
664 2458 704 2494 in
735 2458 946 2494 dilectibus
987 2457 1127 2494 saevire
1159 2455 1310 2501 solitos,
1350 2453 1506 2491 eosdem
1543 2454 1584 2491 in
1614 2453 1721 2491 bello

289 2535 422 2568 tamen
453 2531 634 2580 paruisse
666 2528 843 2566 ducibus
905 2527 1182 2576 Qualicunque
1226 2525 1338 2563 urbis
1375 2527 1492 2571 statu,
1539 2528 1721 2563 manente

294 2602 507 2652 disciplina
537 2601 703 2639 militari
735 2599 822 2636 sisti
853 2599 1057 2648 potuisse;
1089 2599 1166 2634 iam
1197 2610 1275 2634 non
1314 2595 1483 2645 parendi
1514 2595 1721 2644 magistra-

290 2673 399 2711 tibus
430 2686 575 2711 morem
620 2673 666 2709 in·
706 2675 836 2708 castra
889 2682 1044 2719 quoque
1090 2668 1313 2706 Romanum
1370 2665 1538 2703 militem
1597 2666 1722 2716 sequi.

361 2775 383 2806 1)
403 2777 509 2802 Livius
529 2776 657 2801 scribere
677 2775 780 2801 debuit
801 2782 817 2804 q
830 2775 1049 2803 uattuorqu
1061 2779 1084 2797 e.
