1821 2928
265 121 316 158 26
891 114 1006 152 Liber
1031 116 1061 153 Ι.

265 243 449 281 Albanus
480 243 692 289 exercitus,
722 243 923 281 Romanas
954 244 1133 294 legiones
1165 244 1242 281 iam
1273 257 1363 294 spes
1387 247 1484 291 tota,
1513 243 1689 282 nondum

262 317 394 351 tamen
428 327 522 352 cura
555 315 799 363 deseruerat,
831 315 1030 352 exanimes
1061 315 1186 353 vicem
1211 315 1342 365 unius,
1375 327 1492 364 quem
1514 318 1597 354 tres
1615 314 1689 353 Cu-

221 386 243 420 7
261 385 373 422 riatii
399 385 756 424 circumsteterant.
805 386 926 423 Forte
955 386 986 423 is
1011 386 1165 435 integer
1188 386 1276 434 fuit,
1294 390 1338 425 ut
1361 386 1558 425 universis
1583 386 1690 424 solus

263 468 515 505 nequaquam
546 469 631 505 par,
664 456 718 493 sic
750 455 938 494 adversus
969 457 1149 506 singulos
1180 457 1305 497 ferox.
1353 458 1461 507 Ergo
1491 460 1537 495 ut
1561 470 1690 507 segre-

263 530 375 578 garet
405 540 579 576 pugnam
611 540 757 574 eorum,
798 528 967 578 capessit
997 528 1141 577 fugam,
1174 528 1230 566 ita
1259 532 1369 567 ratus
1399 532 1617 575 secuturos,
1647 531 1692 566 ut

219 597 245 634 8
265 612 460 650 quemque
504 598 668 635 vulnere
713 598 895 636 affectum
928 612 1070 649 corpus
1100 600 1261 637 sineret.
1321 600 1407 638 Iam
1439 600 1690 649 aliquantum

263 671 384 720 spatii
408 678 455 707 e'x
483 682 526 707 eo
544 669 642 716 loco,
670 669 739 706 ubi
755 674 974 719 pugnatum
992 674 1063 717 est,
1090 671 1309 720 aufugerat,
1334 685 1456 721 quum
1472 670 1690 721 respiciens

262 741 372 779 videt
401 741 558 790 magnis
590 741 812 778 intervallis
837 744 1057 791 sequentes,
1088 754 1211 779 unum
1235 742 1341 780 haud
1364 742 1504 793 procul
1531 742 1582 780 ab
1607 752 1690 780 sese

220 812 244 848 9
263 812 410 850 abesse.
457 812 505 850 In
539 824 627 849 eum
659 825 802 860 magno
835 812 986 862 impetu
1016 813 1156 859 rediit3
1188 816 1226 851 et
1257 813 1350 851 dum
1366 813 1552 852 Albanus
1583 826 1690 851 exer-

263 884 364 920 citus
398 883 587 921 inclamat
606 883 809 929 Curiatiis,
840 884 900 920 uti
931 896 1044 933 opem
1070 884 1199 922 ferant
1222 885 1350 935 fratri,
1383 885 1460 922 iam
1485 884 1690 930 Horatius,

264 968 363 992 caeso
395 955 521 1000 hoste,
553 955 679 992 victor
711 954 922 992 secundam
955 968 1130 1004 pugnam
1148 955 1322 1005 petebat.
1367 955 1481 993 Tunc
1506 956 1689 994 clamore.

263 1026 393 1076 qualis
411 1037 494 1064 esse
520 1039 567 1063 ex
591 1026 793 1075 insperato
820 1026 1040 1064 faventium
1064 1027 1177 1075 solet,
1210 1026 1382 1064 Romani
1405 1027 1597 1065 adiuvant
1619 1027 1689 1064 mi·

200 1097 250 1134 10
268 1098 375 1134 litem
401 1110 531 1143 suum;
556 1101 593 1134 et
617 1097 685 1133 ille
713 1097 874 1146 defungi
890 1097 1033 1147 proelio
1051 1097 1227 1136 festinat.
1260 1097 1378 1135 Prius
1395 1098 1544 1147 itaque,
1572 1110 1690 1147 quam

261 1169 371 1214 alter,
403 1169 471 1218 qui
503 1182 573 1205 nec
605 1168 744 1217 procul
776 1169 922 1216 aberat,
956 1169 1145 1218 consequi
1177 1173 1321 1218 posset,
1353 1173 1392 1207 et
1421 1169 1590 1207 alterum
1614 1168 1690 1207 Cu-

195 1237 243 1273 11
265 1240 427 1277 riatium
454 1239 629 1285 conficit,
661 1240 818 1288 iamque
843 1243 998 1289 aequato
1015 1239 1145 1276 Marte
1169 1239 1319 1288 singuli
1344 1244 1590 1290 supererant,
1622 1240 1691 1278 sed

262 1324 331 1348 nec
364 1323 432 1360 spe
463 1323 533 1347 nec
565 1311 718 1348 viribus
750 1324 876 1360 pares.
923 1311 1109 1349 Alterum
1134 1311 1325 1348 intactum
1351 1312 1456 1349 ferro
1484 1324 1627 1361 corpus
1653 1315 1691 1348 et

261 1382 459 1431 geminata
503 1381 674 1419 victoria
705 1382 876 1419 ferocem
909 1382 948 1418 in
981 1385 1179 1419 certamen
1210 1382 1373 1419 tertium
1405 1382 1543 1428 dabat;
1590 1383 1692 1421 alter

262 1455 406 1491 fessum
453 1453 633 1499 vulnere,
677 1453 822 1490 fessum
856 1466 973 1490 cursu
1003 1453 1166 1490 trahens
1197 1466 1341 1503 corpus
1372 1454 1582 1503 victusque
1612 1453 1689 1491 fra-

259 1529 366 1562 trum
390 1528 482 1561 ante
507 1536 547 1561 se
574 1528 706 1572 strage
732 1524 877 1561 victori
901 1524 1092 1562 obiicitur
1116 1525 1233 1562 hosti.
1279 1525 1361 1563 Nec
1388 1525 1488 1562 illud
1505 1524 1689 1574 proelium

193 1596 243 1633 12
262 1596 348 1632 suit.
380 1595 584 1632 Romanus
602 1595 804 1632 exsultans
824 1595 987 1642 „Duos“
1010 1596 1145 1645 inquit
1164 1597 1356 1646 „fratrum
1374 1595 1557 1633 manibus
1574 1594 1689 1641 dedi3

261 1667 423 1704 tertium
442 1679 568 1703 causae
587 1666 685 1703 belli
701 1666 874 1712 huiusce,
890 1670 934 1703 ut
950 1666 1154 1704 Romanus
1171 1665 1334 1704 Albano
1351 1666 1530 1716 imperet,
1546 1665 1687 1704 dabo.“

261 1739 367 1776 Male
392 1738 604 1775 sustinenti
629 1750 737 1775 arma
764 1738 940 1786 gladium
967 1750 1134 1786 superne
1159 1738 1296 1786 iugulo
1323 1737 1471 1786 defigit,
1497 1738 1689 1775 iacentem

194 1812 244 1850 13
262 1810 417 1860 spoliat.
477 1809 649 1846 Romani
681 1812 843 1846 ovantes
874 1822 919 1845 ac
951 1809 1197 1856 gratulantes
1229 1809 1442 1846 Horatium
1475 1808 1689 1858 accipiunt,

260 1894 304 1918 eo
342 1880 493 1918 maiore
526 1893 613 1917 cum
645 1879 805 1928 gaudio,
851 1879 957 1928 quod
988 1892 1114 1929 prope
1146 1883 1291 1916 metum
1322 1893 1386 1917 res
1417 1879 1559 1918 fuerat.
1620 1877 1688 1916 Ad

260 1952 505 2001 sepulturam
533 1950 623 1987 inde
649 1959 809 1987 suorum
833 1964 1081 2000 nequaquam
1108 1950 1274 1999 paribus
1299 1950 1440 1987 animis
1462 1952 1684 1996 vertuntur,

261 2023 412 2072 quippe
460 2022 629 2071 imperio
677 2021 797 2059 alteri
843 2022 964 2070 aucti,
1012 2021 1129 2059 alteri
1175 2021 1346 2059 dicionis
1392 2021 1533 2058 alienae
1578 2021 1684 2058 facti.

191 2092 243 2128 14
261 2093 453 2144 Sepulcra
485 2096 650 2138 exstant,
683 2105 761 2142 quo
793 2092 961 2142 quisque
993 2092 1080 2129 loco
1113 2093 1268 2141 cecidit,
1301 2092 1378 2130 duo
1394 2092 1575 2130 Romana
1605 2104 1684 2129 uno

260 2166 345 2201 loco
372 2164 538 2212 propius
557 2164 718 2209 Albam,
749 2163 830 2200 tria
847 2163 1008 2201 Albana
1024 2163 1193 2201 Romam
1220 2177 1367 2211 versus,
1398 2163 1467 2201 sed
1493 2163 1684 2201 distantia

257 2235 364 2280 locis,
395 2238 439 2270 ut
471 2238 508 2271 et
540 2238 758 2283 pugnatum
791 2238 860 2271 est.

119 2301 175 2348 26
368 2305 607 2354 Priusquam
641 2305 732 2342 inde
757 2305 1076 2354 digrederentur,
1108 2306 1266 2354 roganti
1292 2305 1436 2343 Mettio
1461 2318 1509 2342 ex
1536 2304 1683 2343 foedere

258 2376 349 2424 icto,
374 2376 473 2424 quid
499 2377 725 2424 imperaret,
760 2376 931 2425 imperat
955 2375 1109 2425 Tullus,
1141 2377 1202 2413 uti
1226 2377 1472 2414 iuventutem
1498 2376 1540 2413 in
1564 2376 1682 2413 armis

260 2446 422 2492 habeat;
466 2459 630 2483 usurum
662 2460 702 2483 se
734 2459 867 2483 eorum
900 2460 1033 2496 opera,
1079 2448 1113 2484 si
1142 2447 1291 2484 bellum
1322 2460 1410 2484 cum
1442 2447 1682 2484 Veientibus

206 2519 229 2555 2
248 2517 363 2556 foret.
411 2517 476 2554 Ita
507 2518 706 2555 exercitus
738 2517 832 2554 inde
866 2518 1001 2554 domos
1034 2518 1208 2555 abducti.
1265 2517 1458 2567 Princeps
1489 2517 1681 2555 Horatius

256 2588 350 2634 ibat,
394 2589 606 2637 trigemina
636 2588 765 2638 spolia
795 2600 876 2636 prae
908 2600 948 2624 se
979 2601 1136 2636 gerens;
1183 2588 1247 2625 cui
1277 2601 1390 2625 soror
1419 2588 1546 2636 virgo,
1592 2599 1680 2637 quae

257 2659 452 2708 desponsa
481 2659 551 2696 uni
583 2672 628 2697 ex
645 2658 838 2696 Curiatiis
869 2657 1012 2702 fuerat,
1045 2658 1162 2696 obvia
1193 2661 1284 2695 ante
1306 2661 1461 2708 portam
1479 2657 1680 2708 Capenam
