1821 2928
280 136 364 174 280
674 131 789 166 Liber
819 130 860 165 V.
910 131 969 176 (A.
994 143 1030 166 u.
1057 143 1087 166 c.
1112 132 1320 175 358—359.)

281 261 414 299 clades
447 261 631 309 acceptae.
678 258 790 296 velut
820 272 865 295 ex
905 258 1107 308 insperato
1139 259 1368 296 immensum
1402 259 1591 307 gaudium
1622 258 1712 304 fuit,

249 333 273 369 3
292 335 330 370 et
361 333 592 382 priusquam
623 333 781 367 senatus
814 330 1055 379 decerneret,
1079 330 1196 379 plena
1227 331 1358 368 omnia
1388 330 1538 380 templa
1567 329 1712 367 Roma-

280 417 421 441 narum
452 406 620 440 matrum
653 405 785 450 grates
827 401 888 438 dis
920 401 1120 450 agentium
1157 406 1281 440 erant.
1342 401 1512 439 Senatus
1543 401 1584 439 in
1615 414 1711 451 qua-

280 474 468 519 triduum,
501 477 597 523 quot
615 473 766 510 dierum
792 473 903 510 nullo
928 477 1018 509 ante
1043 472 1162 521 bello,
1187 473 1497 523 supplicationes
1522 473 1712 510 decernit.

242 547 269 583 4
286 547 498 584 Adventus
526 558 683 594 quoque
708 545 927 592 dictatoris,
960 544 1142 582 omnibus
1159 545 1368 582 ordinibus
1393 545 1549 582 obviam
1567 543 1713 590 effusis,

282 618 520 657 celebratior
565 630 681 667 quam
722 616 844 653 ullius
889 629 1063 665 unquam
1109 620 1225 654 antea
1270 616 1365 666 fuit,
1407 616 1713 666 triumphusque

283 704 435 728 omnem
468 693 699 727 consuetum
731 687 954 725 honorandi
1001 687 1082 724 diei
1123 688 1233 724 illius
1265 687 1423 725 modum
1465 688 1712 737 aliquantum

244 761 266 798 5
286 762 469 799 excessit.
529 761 703 798 Maxime
724 763 956 809 conspectus
979 760 1063 809 ipse
1081 762 1150 806 est,
1184 773 1302 796 curru
1329 761 1440 809 equis
1459 760 1561 797 albis
1579 760 1713 796 iuncto

282 834 420 871 urbem
453 834 642 880 invectus,
674 845 894 881 parumque
916 831 955 868 id
982 845 1060 868 non
1089 831 1207 868 civile
1239 831 1365 876 modo,
1400 831 1467 869 sed
1500 831 1712 868 humanum

243 905 404 943 Setiam
445 905 584 941 visum.
646 903 754 941 Iovis
787 901 970 951 Solisque
1010 903 1120 952 equis
1161 903 1448 953 aequiperatum
1480 903 1713 940 dictatorem

283 976 324 1014 in
355 976 591 1024 religionem
638 976 754 1012 etiam
799 974 1025 1020 trahebant,
1062 974 1368 1024 triumphusque
1399 975 1448 1012 ob
1480 989 1566 1013 earn
1596 988 1713 1012 unam

245 1049 267 1084 7
286 1049 455 1086 maxime
486 1061 565 1084 rem
600 1047 744 1084 clarior
775 1060 892 1095 quam
924 1047 1075 1094 gratior
1106 1046 1193 1083 fuit.
1255 1046 1356 1083 Tum
1391 1047 1536 1083 Iunoni
1568 1047 1719 1094 reginae

282 1120 472 1169 templum
519 1120 558 1155 in
600 1119 802 1156 Aventino
848 1118 1007 1157 locavit.
1042 1118 1322 1168 dedicavitque
1353 1118 1522 1156 Matutae
1553 1118 1719 1164 Matris;

284 1196 403 1241 atque
434 1191 495 1227 his
527 1191 672 1228 divinis
703 1190 965 1239 humanisque
991 1190 1109 1227 rebus
1136 1190 1269 1238 gestis,
1302 1189 1503 1227 dictatura
1534 1203 1575 1227 se
1606 1189 1716 1227 abdi·

244 1261 405 1302 Scavit.
467 1262 548 1311 Agi
580 1262 723 1298 deinde
756 1262 804 1298 de
837 1261 1041 1310 Apollinis
1075 1262 1178 1298 dono
1202 1266 1384 1311 coeptum.
1432 1261 1507 1298 Cui
1538 1275 1578 1299 se
1611 1261 1716 1299 deci—

284 1349 387 1372 mam
417 1334 571 1371 vovisse
603 1333 747 1383 praeslae
779 1336 930 1383 partem
958 1346 1079 1382 quum
1107 1332 1256 1370 diceret
1274 1332 1477 1382 Camillus,
1510 1333 1719 1383 pontifices

246 1405 268 1440 9
288 1406 519 1444 solvendum
550 1405 744 1453 religione
775 1405 966 1454 populum
998 1408 1221 1450 censerent,
1253 1404 1358 1442 haud
1390 1405 1509 1441 facile
1541 1405 1718 1442 inibatur

288 1478 388 1514 ratio
422 1476 588 1514 iubendi
619 1476 768 1513 referre
794 1476 971 1526 praedam
996 1476 1201 1526 populum,
1231 1479 1276 1513 ut
1308 1490 1354 1513 ex
1386 1490 1431 1513 ea
1462 1489 1554 1526 pars
1586 1476 1722 1513 debita

221 1547 270 1583 10
289 1549 328 1585 in
347 1562 500 1585 sacrum
518 1551 801 1584 secerneretur.
847 1547 1023 1584 Tandem
1042 1561 1098 1594 eo,
1115 1548 1222 1597 quod
1239 1548 1483 1585 lenissimum
1499 1548 1722 1594 videbatur,

289 1620 497 1656 decursum
523 1623 593 1664 est,
625 1604 679 1663 ut,
711 1619 780 1668 qui
806 1633 846 1655 se
872 1619 1111 1669 domumque
1135 1620 1331 1668 religione
1356 1620 1559 1657 exsolvere
1585 1619 1723 1666 vellet,

288 1704 409 1740 quum
441 1690 601 1726 sibimet
632 1690 714 1739 ipse
742 1690 916 1738 praedam
941 1691 1176 1728 aestimasset
1200 1705 1320 1738 suam,
1353 1691 1514 1728 decimae
1544 1691 1718 1741 pretium

220 1761 267 1797 11
288 1762 415 1812 partis
448 1762 486 1798 in
518 1762 722 1811 publicum
750 1761 932 1808 deferret,
962 1766 1006 1798 ut
1031 1776 1078 1799 ex
1105 1775 1150 1799 eo
1175 1762 1319 1798 donum
1347 1776 1521 1811 aureum,
1554 1763 1720 1811 dignum

287 1833 551 1883 amplitudine
575 1833 713 1882 templi
737 1846 782 1869 ac
809 1833 970 1870 numine
995 1834 1069 1880 dei,
1100 1848 1148 1870 ex
1166 1834 1364 1882 dignitate
1391 1834 1530 1884 populi
1546 1833 1718 1871 Romani

290 1904 415 1942 fieret.
463 1904 522 1941 Ea
549 1918 706 1954 quoque
732 1904 891 1942 collatio
924 1905 1051 1955 plebis
1083 1906 1234 1942 animos
1261 1919 1283 1942 a
1311 1904 1480 1942 Camillo
1516 1905 1720 1943 allenavit.

223 1976 272 2011 12
293 1975 404 2012 Inter
435 1975 518 2013 haec
550 1975 801 2025 pacificatum
841 1976 963 2025 legati
1004 1991 1025 2014 a
1055 1976 1217 2014 Volscis
1256 1980 1296 2014 et
1335 1977 1482 2027 AEquis
1513 1980 1720 2027 venerunt,

291 2046 581 2096 impetrataque
612 2061 700 2097 pax,
734 2049 857 2096 magis
888 2053 932 2085 ut
956 2049 1056 2085 fessa
1081 2052 1161 2086 tam
1188 2049 1343 2085 diutino
1362 2049 1469 2085 bello
1493 2049 1721 2098 acquiesce·

291 2121 352 2154 ret
384 2118 534 2164 civitas,
567 2132 683 2167 quam
717 2119 823 2168 quod
856 2120 968 2168 digni
999 2124 1191 2169 peterent.

163 2186 222 2234 24
412 2189 525 2226 Veiis
541 2191 680 2239 captis,
712 2204 781 2227 sex
797 2191 978 2228 tribunos
1009 2192 1183 2228 militum
1208 2192 1405 2229 consulari
1436 2196 1632 2241 potestate
1659 2191 1722 2229 in·

85 2260 194 2286 ΔΑΜ·
214 2262 263 2285 359
294 2273 459 2309 sequens
477 2274 602 2297 annus
620 2261 772 2307 habuit,
806 2262 903 2300 duos
921 2263 966 2300 P.
986 2262 1206 2311 Cornelios
1241 2263 1405 2301 Cossum
1423 2267 1462 2300 et
1479 2262 1722 2312 Scipionem,

84 2304 123 2331 ‘A‘
140 2304 193 2330 ch.
212 2306 274 2330 395.
293 2332 346 2368 M.
367 2331 571 2369 Valerium
592 2333 810 2370 Maximum
830 2335 985 2380 iterum,
1018 2335 1070 2371 K.
1088 2334 1258 2372 Fabium
1276 2336 1515 2372 Ambustum
1544 2334 1720 2381 tertium,

250 2405 272 2440 2
293 2403 336 2439 L.
370 2403 534 2440 Furium
566 2403 828 2441 Medullinum
862 2406 1058 2454 quintum,
1091 2404 1368 2453 Q.Servilium
1401 2407 1575 2444 tertium.
1622 2405 1718 2443 Cor-

292 2474 409 2511 neliis
458 2474 656 2511 Faliscum
688 2476 848 2521 bellum,
898 2476 1061 2514 Valerio
1108 2491 1150 2514 ac
1184 2477 1356 2515 Servilio
1390 2477 1569 2527 Capenas
1614 2481 1720 2514 sorte

292 2546 436 2583 evenit.
482 2546 548 2583 Ab
583 2547 631 2583 iis
663 2560 741 2583 non
781 2548 898 2585 urbes
930 2548 969 2585 vi
1002 2552 1071 2585 aut
1101 2550 1287 2598 operibus
1318 2553 1493 2594 tentatae,
1525 2548 1594 2584 sed
1625 2560 1720 2596 ager

292 2620 351 2654 est
382 2618 644 2668 depopulatus
676 2619 902 2668 praedaeque
935 2633 1064 2656 rerum
1098 2621 1313 2667 agrestium
1339 2623 1455 2664 actae;
1487 2619 1599 2656 nulla
1623 2619 1719 2656 felix

251 2690 275 2725 3
295 2687 427 2737 arbor,
461 2689 564 2726 nihil
595 2690 833 2739 frugiferum
867 2691 906 2727 in
939 2704 1032 2739 agro
1066 2691 1263 2728 relictum.
1307 2690 1367 2727 Ea
1392 2690 1524 2727 clades
1541 2688 1721 2740 Capena-
