1821 2928
474 134 590 170 Liber
614 133 660 168 V.
710 135 772 177 (A.
798 133 863 168 oh.
889 134 958 168 394
969 133 1100 177 -393.)
1426 133 1507 171 287

65 277 197 315 neque
237 264 342 301 enim
382 277 447 301 eos
490 266 560 300 aut
596 263 690 300 vitae
723 262 806 299 ullo
839 262 1005 299 crimine
1037 261 1116 298 alio
1148 263 1217 297 aut
1248 259 1351 309 gesti
1382 259 1506 307 magi-

68 339 216 374 stratus
262 336 473 386 quisquam
519 335 725 382 arguebat,
771 338 1039 384 praeterquam
1085 331 1193 382 quod
1237 330 1507 380 gratificantes

67 408 250 459 patribus
279 407 481 457 rogationi
514 407 742 443 tribunieiae
760 406 1088 443 intercessissent.
1136 403 1251 440 Vicit
1266 407 1397 441 tamen
1415 416 1504 452 gra·
1525 403 1547 437 7

66 480 164 518 tiam
210 482 372 517 senatus
417 479 547 529 plebis
588 479 657 523 ira,
704 482 743 515 et
783 478 954 528 pessimo
996 476 1179 526 exemplo
1214 476 1366 513 innoxii
1399 475 1509 513 denis

66 552 246 590 millibus
278 552 413 601 gravis
445 551 534 588 aeris
566 550 818 588 condemnati
850 554 952 587 sunt.
1006 548 1055 585 Id
1088 561 1194 596 aegre
1223 548 1332 598 passi
1364 551 1508 597 patres.

69 624 263 662 Camillus
308 624 443 674 palam
481 623 645 660 sceleris
684 623 842 672 plebem
883 634 1061 670 arguere,
1107 633 1195 670 quae
1238 621 1314 658 iam
1345 620 1385 657 in
1418 618 1551 658 suos8

66 709 184 734 versa
214 709 292 733 non
325 696 584 744 intelligeret,
619 709 659 732 se
689 708 812 745 pravo
846 694 996 731 iudicio
1031 695 1078 731 de
1109 693 1287 730 tribunis
1320 692 1508 729 interces-

68 768 220 805 sionem
253 768 474 815 sustulisse,
506 767 791 804 intercessione
822 765 981 804 sublata
997 765 1254 803 tribuniciam
1271 767 1508 814 potestatem

68 841 271 878 evertisse.
316 839 417 877 Nam
451 840 558 889 quod
591 840 655 876 illi
687 842 906 889 sperarent,
938 837 1168 875 effrenatam
1192 836 1396 873 licentiam
1423 835 1508 872 eius
1526 834 1548 867 9

68 912 324 960 magistratus
355 916 491 962 patres
522 913 685 953 laturos,
717 911 802 948 falli
835 924 911 948 eos
966 908 1010 947 Si
1041 909 1260 946 tribunicia
1289 909 1350 946 vis
1380 907 1509 945 tribu-

67 983 173 1021 nicio
213 984 364 1022 auxilio
408 985 551 1034 repelli
592 987 773 1035 nequeat,
819 983 927 1021 aliud
958 982 1082 1019 telum
1113 985 1249 1031 patres
1279 981 1511 1018 inventuros

68 1070 164 1094 esse.
227 1055 501 1106 Consulesque
540 1056 786 1106 increpabat,
831 1054 939 1104 quod
968 1054 1046 1091 fide
1079 1053 1243 1103 publica
1273 1053 1406 1102 decipi
1437 1052 1508 1089 tri·
1532 1050 1580 1086 lO

68 1128 197 1166 bunos
228 1141 294 1165 eos
325 1128 443 1166 taciti
474 1128 672 1174 tulissent,
705 1128 773 1178 qui
804 1130 963 1165 senatus
995 1126 1276 1164 auctoritatem
1303 1125 1430 1162 secuti
1455 1137 1511 1161 es-

27 1251 32 1255 .
68 1204 166 1238 sent.
226 1200 325 1237 Haec
365 1200 575 1250 propalam
606 1199 955 1237 contionabundus
987 1199 1027 1235 in
1061 1199 1147 1236 dies
1179 1198 1307 1246 magis
1339 1196 1513 1246 augebat

68 1272 148 1310 iras
193 1272 415 1319 hominum3
461 1276 642 1310 senatum
688 1286 781 1310 vero
823 1272 992 1309 incitare
1023 1270 1211 1309 adversus
1242 1271 1370 1318 legem
1402 1268 1508 1306 haud
1591 1264 1646 1309 30

69 1344 305 1383 desistebat:
352 1358 400 1381 ne
447 1345 566 1382 aliter
607 1345 896 1382 descenderent
927 1344 967 1380 in
998 1344 1138 1389 forum,
1186 1355 1307 1392 quum
1339 1341 1424 1378 dies
1456 1341 1510 1378 fe-

67 1416 204 1455 rendae
235 1417 337 1466 legis
367 1417 552 1463 venisset,
584 1429 702 1465 quam
733 1420 778 1453 ut
809 1415 878 1465 qui
910 1415 1194 1460 meminissent,
1227 1413 1306 1451 sibi
1332 1426 1406 1463 pro
1431 1413 1511 1450 aris

68 1488 249 1538 focisque
281 1492 318 1526 et
351 1478 466 1525 deum
496 1487 659 1537 templis
691 1500 735 1525 ac
767 1487 862 1533 solo,
908 1487 948 1524 in
981 1501 1058 1537 quo
1089 1487 1174 1524 nati
1214 1489 1356 1531 essent,
1395 1484 1510 1521 dimi-

71 1561 241 1598 candum
285 1561 381 1598 fore.
443 1560 544 1598 Nam
590 1559 697 1609 quod
737 1559 788 1596 ad
829 1573 869 1596 se
911 1559 1102 1609 privatim
1133 1558 1315 1606 attineat,
1364 1556 1399 1593 si
1431 1557 1552 1594 suae2

71 1632 210 1682 gloriae
242 1632 321 1670 sibi
355 1632 460 1669 inter
491 1632 789 1669 dimicationem
821 1632 964 1681 patriae
996 1631 1224 1668 meminisse
1256 1629 1310 1667 sit
1335 1630 1405 1675 fas,
1437 1628 1513 1666 sibi

71 1705 247 1755 amplum
280 1718 438 1755 quoque
471 1717 566 1750 esse,
606 1704 744 1741 urbem
778 1704 827 1741 ab
859 1717 899 1741 se
930 1707 1089 1754 captam
1120 1701 1379 1752 frequentari,
1419 1713 1513 1751 quo·

69 1777 172 1815 tidie
211 1791 252 1815 se
291 1777 371 1814 frui
411 1779 668 1814 monumento
708 1776 847 1824 gloriae
886 1789 966 1813 suae
1005 1779 1045 1813 et
1075 1779 1167 1813 ante
1199 1775 1335 1812 oculos
1365 1772 1514 1810 habere

71 1849 212 1887 urbem
241 1849 363 1886 latam
395 1849 435 1886 in
461 1848 669 1898 triumpho
686 1861 768 1894 suo,
801 1848 983 1885 insistere
1001 1861 1135 1885 omnes
1151 1847 1336 1896 vestigiis
1351 1845 1512 1883 laudum

71 1934 253 1967 suarum3
299 1920 366 1958 sed
406 1921 516 1958 nefas
548 1919 704 1967 ducere,
751 1919 949 1957 desertam
981 1933 1025 1957 ac
1056 1919 1236 1957 relictam
1269 1919 1317 1956 ab
1350 1918 1411 1955 dis
1442 1917 1511 1954 im·
1531 1918 1556 1954 3

72 1993 310 2031 mortalibus
343 1993 468 2030 incoli
499 1993 650 2038 urbem,
683 1995 722 2029 et
753 1992 794 2028 in
825 1992 985 2042 captivo
1010 1992 1094 2029 solo
1121 1991 1304 2028 habitare
1321 1990 1512 2040 populum

71 2064 311 2111 Romanum,
344 2069 383 2102 et
411 2065 577 2102 victrice
607 2064 740 2114 patria
769 2064 916 2101 victam
949 2064 1106 2102 mutari.
1153 2063 1230 2101 His
1265 2062 1554 2100 adhortatio-4

72 2138 190 2175 nibus
221 2137 416 2187 principis
449 2136 638 2174 concitati
668 2139 814 2185 patres,
847 2149 959 2173 senes
991 2135 1246 2185 iuvenesque,
1286 2149 1406 2185 quum
1438 2134 1513 2172 fer·

73 2213 186 2248 retur
216 2210 294 2256 lex,
339 2209 496 2257 agmine
527 2208 633 2245 facto
667 2208 707 2245 in
737 2208 865 2245 forum
897 2211 1103 2255 venerunt,
1150 2207 1413 2257 dissipatique
1444 2219 1516 2256 per

72 2282 214 2330 tribus,
255 2294 346 2319 suos
387 2280 555 2330 quisque
585 2280 756 2318 tribules
786 2283 1034 2330 prensantes,
1072 2294 1187 2318 orare
1219 2293 1306 2318 cum
1339 2279 1515 2316 lacrimis

74 2367 241 2405 coepere,
286 2367 334 2391 ne
380 2366 464 2390 eam
510 2352 693 2402 patriam,
738 2366 812 2403 pro
851 2366 930 2403 qua
960 2353 1173 2390 fortissime
1205 2350 1556 2399 felicissimeque5

75 2426 154 2477 ipsi
178 2439 222 2464 ac
247 2429 382 2476 patres
400 2438 535 2462 eorum
553 2425 820 2472 dimicassent,
845 2425 1086 2470 desererent,
1112 2424 1369 2474 Capitolium,
1394 2422 1518 2459 eedem

76 2498 224 2545 Vestae,
256 2501 390 2537 cetera
421 2497 527 2535 circa
556 2497 709 2547 templa
739 2497 904 2534 deorum
936 2500 1202 2542 ostentantes3
1243 2509 1291 2532 ne
1324 2494 1512 2539 exsulem,
1531 2496 1554 2526 (ἢ

77 2574 276 2609 extorrem
307 2569 501 2620 populum
526 2569 750 2607 Romanum
782 2569 831 2607 ab
863 2569 947 2606 solo
979 2569 1111 2619 patrio
1142 2581 1186 2605 ac
1220 2567 1281 2603 dis
1305 2565 1516 2615 penatibus

77 2642 121 2681 in
152 2642 327 2681 hostium
358 2642 499 2680 urbem
532 2644 708 2690 agerent,
739 2654 863 2691 eoque
894 2654 976 2678 rem
1009 2640 1265 2683 adducerent,
1297 2642 1342 2674 ut
1373 2637 1515 2674 melius

76 2715 203 2752 fuerit
240 2727 321 2752 non
359 2714 449 2764 capi
482 2713 617 2760 Veios,
655 2727 704 2751 ne
734 2712 864 2750 Roma
906 2713 1168 2750 desereretur.
1230 2710 1335 2757 Quia
1365 2722 1444 2746 non
1474 2708 1514 2746 vi
1534 2709 1558 2744 7
