1821 2928
578 160 667 186 Liber
685 159 753 185 vn.
787 159 837 188 (A.
857 159 910 185 ch.
928 161 1084 189 ssz—ssm
1442 150 1494 188 55

120 275 337 314 communis
372 274 482 313 Mars
528 275 627 313 belli
666 276 813 322 aufert,
858 276 1068 326 multiplex
1107 289 1225 326 quam
1269 290 1341 326 pro
1387 289 1549 314 numero

121 343 307 381 damnum
344 346 411 381 est.
478 343 635 393 Vulgus
674 343 783 381 aliud
813 347 1074 391 armatorum,
1115 344 1224 383 velut
1262 344 1443 394 delegata
1473 345 1551 395 pri—

120 412 298 450 moribus
328 425 474 462 pugna,
505 415 687 450 eventum
719 426 832 450 suum
864 412 905 449 in
930 412 1077 451 virtute
1110 413 1240 451 aliena
1263 413 1387 463 ponit.
1431 413 1555 450 Multi

120 480 309 531 utrinque
347 479 513 527 cadunt,
558 479 693 530 plures
732 481 898 518 vulnera
935 481 1156 531 accipiunt3
1200 481 1362 519 tandem
1401 481 1592 532 equites?

120 549 222 587 alius
253 548 377 587 alium
408 548 676 598 increpantes,
721 549 818 598 quid
851 549 994 587 deinde
1024 552 1210 597 restaret,
1249 549 1480 600 quaerendo,
1517 551 1551 587 si

120 629 248 667 neque
280 630 326 654 ex
364 617 476 667 equis
513 616 760 667 pepulissent
799 618 953 655 hostem
984 631 1110 667 neque
1148 617 1303 667 pedites
1341 618 1552 669 quicquam

121 685 311 723 momenti
342 685 532 731 facerent,
572 699 690 735 quam
720 685 879 723 tertiam
911 689 1187 736 exspectarent
1222 699 1415 736 pugnam,
1454 687 1551 736 quid

121 757 210 792 ante
256 754 369 803 signa
412 753 562 791 feroces
608 754 886 803 prosiluissent
933 758 971 791 et
1015 754 1145 793 alieno
1188 758 1414 804 pugnarent
1453 755 1551 793 loco.

121 822 184 860 his
230 822 334 860 inter
380 835 420 860 se
464 822 628 860 vocibus
674 822 881 870 concitati,
926 822 1097 860 clamore
1140 827 1331 861 renovato
1377 823 1594 861 inferunt3

119 890 271 941 pedem,
302 894 341 929 et
364 892 535 941 primum
558 890 687 940 gradu
717 895 924 929 moverunt
942 891 1106 939 hostem,
1137 891 1281 930 deinde
1303 893 1553 943 pepulerunt,

121 963 318 1010 postremo
351 960 428 997 iam
464 959 572 997 haud
603 959 722 997 dubie
761 962 965 1005 avertunt;
1011 972 1157 1009 neque,
1194 963 1275 997 tam
1304 960 1408 998 vires
1437 961 1595 1010 pares4

122 1041 208 1077 qupe
240 1028 489 1078 superaverit
518 1042 592 1075 res,
622 1028 740 1065 facile
771 1027 884 1065 dictu
914 1030 984 1074 est,
1014 1027 1091 1065 nisi
1117 1027 1223 1077 quod
1254 1032 1447 1079 perpetua
1476 1029 1554 1067 for-

120 1101 217 1134 tuna
247 1096 455 1146 utriusque
486 1097 627 1147 populi
658 1100 696 1134 et
727 1096 920 1133 extollere
952 1096 1104 1133 animos
1136 1102 1173 1134 et
1204 1097 1381 1135 minuere
1410 1097 1552 1148 potuit.

124 1163 259 1214 Usque
284 1164 334 1202 ad
359 1167 492 1202 castra
517 1165 715 1214 fugientes
732 1164 932 1203 Hernicos
947 1164 1152 1203 Romanus
1178 1166 1376 1215 sequitur3
1407 1170 1553 1204 castro·
1573 1166 1595 1203 5

122 1247 208 1270 rum
239 1235 555 1284 oppugnatione,
603 1234 697 1284 quia
728 1248 859 1271 serum
891 1236 975 1271 erat
1016 1233 1118 1281 diei,
1163 1234 1402 1272 abstinuere.
1467 1233 1553 1271 Diu

122 1315 200 1339 non
229 1302 462 1352 perlitatum
486 1306 668 1340 tenuerat
694 1302 941 1348 dictatorem,
972 1315 1019 1339 ne
1051 1305 1141 1340 ante
1165 1303 1372 1340 meridiem
1398 1303 1555 1352 signum

121 1370 215 1407 dare
246 1374 400 1420 posset;
439 1386 483 1410 eo
515 1371 557 1408 in
587 1375 742 1409 noctem
771 1374 943 1408 tractum
983 1374 1067 1408 erat
1108 1374 1318 1409 certamen.
1384 1371 1553 1409 Postero
1572 1372 1594 1408 6

123 1438 186 1475 die
218 1438 375 1477 deserta
405 1439 498 1489 fuga
530 1442 658 1477 castra
689 1439 975 1486 Hernicorum,
1008 1443 1046 1476 et
1076 1440 1200 1478 saucii
1231 1440 1363 1477 relicti
1393 1440 1554 1490 quidam

122 1506 292 1553 inventi;
347 1521 563 1558 agmenque
610 1508 849 1557 fugientium
901 1508 950 1546 ab
997 1508 1194 1558 Signinis,
1247 1522 1367 1558 quum
1411 1512 1556 1558 praeter

122 1575 266 1613 moenia
298 1589 432 1613 eorum
463 1577 730 1627 infrequentia
763 1580 973 1627 conspecta
1013 1577 1128 1626 signa
1159 1580 1305 1624 essent,
1349 1577 1479 1614 fusum
1510 1591 1553 1614 ac

122 1657 192 1693 per
222 1657 339 1693 agros
369 1645 525 1695 trepida
556 1645 650 1694 fuga
680 1645 859 1695 palatum
890 1648 959 1683 est.
1019 1645 1102 1684 Nec
1118 1645 1312 1683 Romanis
1344 1645 1551 1683 incruenta
1572 1647 1593 1682 7

122 1711 293 1749 victoria
322 1712 417 1760 fuit;
451 1717 591 1763 quarta
616 1727 708 1764 pars
740 1713 911 1751 militum
935 1714 1091 1760 amissa,
1122 1717 1172 1761 et,
1203 1713 1272 1751 ubi
1296 1713 1402 1752 haud
1426 1713 1554 1751 minus

123 1780 285 1818 iaeturae
315 1780 401 1829 fuit,
433 1781 589 1832 aliquot
621 1782 773 1832 equites
804 1782 976 1820 Romani
1007 1780 1197 1820 cecidere.

233 1849 469 1899 Insequenti
497 1863 599 1887 anno
631 1864 753 1900 quum
784 1850 826 1888 C.
843 1849 1050 1900 Sulpicius
1081 1854 1120 1887 et
1143 1849 1185 1887 C.
1202 1849 1383 1888 Licinius
1408 1849 1553 1888 Calvus
1642 1846 1666 1895 9

122 1918 304 1956 consules
335 1917 376 1955 in
406 1917 604 1956 Hernicos
634 1919 853 1956 exercitum
885 1918 1108 1965 duxissent,
1145 1932 1271 1968 neque
1309 1918 1482 1957 inventis
1512 1918 1554 1955 in
1573 1905 1760 1970 ’ζῖξξξῗζ

123 1999 218 2036 agro
248 1985 450 2032 hostibus,
482 1986 743 2024 Ferentinum
772 1986 913 2024 urbem
945 2000 1079 2024 eorum
1110 1987 1149 2024 vi
1181 1987 1396 2037 cepissent,
1427 2000 1555 2024 rever-

121 2055 296 2092 tentibus
328 2055 421 2092 inde
460 2055 517 2092 eis
548 2054 740 2093 Tiburtes
778 2058 912 2105 portas
951 2055 1138 2093 clausere.
1205 2055 1264 2093 Ea
1302 2055 1443 2094 ultima
1479 2055 1595 2092 fuit?

124 2136 258 2169 causa,
298 2137 419 2173 quum
449 2124 583 2161 multae
622 2127 714 2162 ante
746 2123 1002 2173 querimoniae
1039 2123 1144 2161 ultro
1183 2124 1361 2174 citroque
1398 2123 1554 2162 iactata*

124 2196 263 2239 essent,
294 2205 364 2229 cur
393 2206 464 2242 per
494 2192 648 2230 fetiales
679 2192 796 2229 rebus
826 2191 1010 2242 repetitis
1041 2191 1192 2230 bellum
1213 2192 1375 2230 Tiburti
1406 2191 1555 2242 populo

126 2259 376 2298 indiceretur.

237 2328 489 2366 Dictatorem
520 2328 565 2366 T.
597 2329 827 2376 Quinctium
859 2328 1040 2367 Pennum
1072 2342 1117 2366 eo
1149 2342 1252 2367 anno
1284 2329 1422 2375 fuisse,
1459 2328 1553 2366 satis
1573 2329 1595 2363 :3

125 2400 288 2443 constat,
320 2400 359 2435 et
388 2397 622 2447 magistrum
653 2397 830 2447 equitum
861 2395 944 2435 Ser.
968 2397 1197 2435 Cornelium
1226 2397 1555 2446 Maluginensem.

125 2464 259 2503 Macer
274 2465 454 2503 Licinius
471 2465 722 2503 comitiorum
741 2465 1015 2504 habendorum
1032 2479 1149 2503 causa
1165 2470 1202 2503 et
1226 2465 1274 2503 ab
1291 2465 1449 2503 Licinio
1466 2478 1554 2503 con·
1573 2466 1595 2501 4

126 2533 209 2572 sule
225 2532 374 2572 dictum
392 2533 547 2581 scribit,
557 2533 664 2584 quia,
675 2533 827 2584 collega
838 2534 997 2572 comitia
1012 2533 1120 2572 bello
1133 2533 1319 2584 praeferre
1333 2532 1557 2581 festinante,
