<?xml version="1.0" encoding="UTF-8"?>
<!DOCTYPE html PUBLIC "-//W3C//DTD XHTML 1.0 Transitional//EN"
    "http://www.w3.org/TR/xhtml1/DTD/xhtml1-transitional.dtd">
<html xmlns="http://www.w3.org/1999/xhtml" xml:lang="en" lang="en">
 <head>
  <title>
</title>
<meta http-equiv="Content-Type" content="text/html;charset=utf-8" />
  <meta name='ocr-system' content='tesseract 3.04.00' />
  <meta name='ocr-capabilities' content='ocr_page ocr_carea ocr_par ocr_line ocrx_word'/>
</head>
<body>
  <div class='ocr_page' id='page_1' title='image "./historiarumroman01livyuoft_0538.png"; bbox 0 0 1821 2928; ppageno 0'>
   <div class='ocr_carea' id='block_1_1' title="bbox 368 218 1237 258">
    <p class='ocr_par' dir='ltr' id='par_1_1' title="bbox 368 218 1237 258">
     <span class='ocr_line' id='line_1_1' title="bbox 368 218 1237 258; baseline -0.001 -4"><span class='ocrx_word' id='word_1_1' title='bbox 368 218 442 254; x_wconf 74' lang='lat'>182</span> <span class='ocrx_word' id='word_1_2' title='bbox 812 229 901 254; x_wconf 81' lang='lat' dir='ltr'>Liber</span> <span class='ocrx_word' id='word_1_3' title='bbox 920 229 973 254; x_wconf 86' lang='lat' dir='ltr'>1x.</span> <span class='ocrx_word' id='word_1_4' title='bbox 1010 228 1057 257; x_wconf 75' lang='lat' dir='ltr'>(A.</span> <span class='ocrx_word' id='word_1_5' title='bbox 1078 236 1104 254; x_wconf 81' lang='lat' dir='ltr'>u.</span> <span class='ocrx_word' id='word_1_6' title='bbox 1123 236 1148 254; x_wconf 83' lang='lat' dir='ltr'>c.</span> <span class='ocrx_word' id='word_1_7' title='bbox 1168 230 1237 258; x_wconf 70' lang='grc'>111.)</span> 
     </span>
    </p>
   </div>
   <div class='ocr_carea' id='block_1_2' title="bbox 175 338 1735 2641">
    <p class='ocr_par' dir='ltr' id='par_1_2' title="bbox 175 338 1735 656">
     <span class='ocr_line' id='line_1_2' title="bbox 175 338 1735 393; baseline 0.004 -15"><span class='ocrx_word' id='word_1_8' title='bbox 175 338 230 385; x_wconf 76' lang='grc'>36</span> <span class='ocrx_word' id='word_1_9' title='bbox 311 341 411 379; x_wconf 85' lang='grc' dir='ltr'>Τ11111</span> <span class='ocrx_word' id='word_1_10' title='bbox 445 342 491 379; x_wconf 86' lang='lat' dir='ltr'>de</span> <span class='ocrx_word' id='word_1_11' title='bbox 517 343 793 393; x_wconf 79' lang='lat' dir='ltr'>persequendo</span> <span class='ocrx_word' id='word_1_12' title='bbox 818 344 928 381; x_wconf 83' lang='lat' dir='ltr'>hoste</span> <span class='ocrx_word' id='word_1_13' title='bbox 945 343 1090 392; x_wconf 82' lang='lat' dir='ltr'>agitari</span> <span class='ocrx_word' id='word_1_14' title='bbox 1106 347 1286 393; x_wconf 66' lang='lat' dir='ltr'>emptum.</span> <span class='ocrx_word' id='word_1_15' title='bbox 1334 343 1444 381; x_wconf 83' lang='lat' dir='ltr'>Silva</span> <span class='ocrx_word' id='word_1_16' title='bbox 1462 348 1546 382; x_wconf 86' lang='lat' dir='ltr'>erat</span> <span class='ocrx_word' id='word_1_17' title='bbox 1562 345 1735 384; x_wconf 82' lang='lat' dir='ltr'>Ciminia</span> 
     </span>
     <span class='ocr_line' id='line_1_3' title="bbox 306 411 1731 462; baseline 0.004 -16"><span class='ocrx_word' id='word_1_18' title='bbox 306 411 430 457; x_wconf 67' lang='lat' dir='ltr'>magis</span> <span class='ocrx_word' id='word_1_19' title='bbox 462 415 543 447; x_wconf 90' lang='lat' dir='ltr'>tum</span> <span class='ocrx_word' id='word_1_20' title='bbox 574 411 681 449; x_wconf 84' lang='lat' dir='ltr'>invia</span> <span class='ocrx_word' id='word_1_21' title='bbox 713 415 832 461; x_wconf 83' lang='lat' dir='ltr'>atque</span> <span class='ocrx_word' id='word_1_22' title='bbox 859 412 1070 458; x_wconf 83' lang='lat' dir='ltr'>horrenda,</span> <span class='ocrx_word' id='word_1_23' title='bbox 1100 426 1216 461; x_wconf 88' lang='lat' dir='ltr'>quam</span> <span class='ocrx_word' id='word_1_24' title='bbox 1234 426 1360 462; x_wconf 84' lang='lat' dir='ltr'>nuper</span> <span class='ocrx_word' id='word_1_25' title='bbox 1382 412 1490 451; x_wconf 87' lang='lat' dir='ltr'>suere</span> <span class='ocrx_word' id='word_1_26' title='bbox 1507 412 1731 452; x_wconf 82' lang='lat' dir='ltr'>Germanici</span> 
     </span>
     <span class='ocr_line' id='line_1_4' title="bbox 307 479 1730 530; baseline 0.004 -15"><span class='ocrx_word' id='word_1_27' title='bbox 307 479 441 523; x_wconf 71' lang='lat' dir='ltr'>saltus,</span> <span class='ocrx_word' id='word_1_28' title='bbox 473 479 573 515; x_wconf 90' lang='lat' dir='ltr'>nulli</span> <span class='ocrx_word' id='word_1_29' title='bbox 604 479 654 516; x_wconf 81' lang='lat' dir='ltr'>ad</span> <span class='ocrx_word' id='word_1_30' title='bbox 686 493 770 517; x_wconf 83' lang='lat' dir='ltr'>eam</span> <span class='ocrx_word' id='word_1_31' title='bbox 802 480 904 517; x_wconf 80' lang='lat' dir='ltr'>diem</span> <span class='ocrx_word' id='word_1_32' title='bbox 931 494 978 517; x_wconf 85' lang='lat' dir='ltr'>ne</span> <span class='ocrx_word' id='word_1_33' title='bbox 1002 484 1263 517; x_wconf 72' lang='lat' dir='ltr'>mercatorum</span> <span class='ocrx_word' id='word_1_34' title='bbox 1289 481 1449 530; x_wconf 88' lang='lat' dir='ltr'>quidem</span> <span class='ocrx_word' id='word_1_35' title='bbox 1474 481 1590 519; x_wconf 85' lang='lat' dir='ltr'>adita.</span> <span class='ocrx_word' id='word_1_36' title='bbox 1632 482 1730 520; x_wconf 81' lang='lat' dir='ltr'>Eam</span> 
     </span>
     <span class='ocr_line' id='line_1_5' title="bbox 307 547 1730 598; baseline 0.004 -15"><span class='ocrx_word' id='word_1_37' title='bbox 307 547 455 584; x_wconf 87' lang='lat' dir='ltr'>intrare</span> <span class='ocrx_word' id='word_1_38' title='bbox 499 547 606 584; x_wconf 83' lang='lat' dir='ltr'>haud</span> <span class='ocrx_word' id='word_1_39' title='bbox 651 549 731 585; x_wconf 87' lang='lat' dir='ltr'>fere</span> <span class='ocrx_word' id='word_1_40' title='bbox 777 549 984 598; x_wconf 71' lang='lat' dir='ltr'>quisquam</span> <span class='ocrx_word' id='word_1_41' title='bbox 1023 553 1168 598; x_wconf 75' lang='lat' dir='ltr'>praeter</span> <span class='ocrx_word' id='word_1_42' title='bbox 1198 548 1335 586; x_wconf 87' lang='lat' dir='ltr'>ducem</span> <span class='ocrx_word' id='word_1_43' title='bbox 1375 549 1505 598; x_wconf 85' lang='lat' dir='ltr'>ipsum</span> <span class='ocrx_word' id='word_1_44' title='bbox 1543 550 1730 597; x_wconf 76' lang='lat' dir='ltr'>audebat3</span> 
     </span>
     <span class='ocr_line' id='line_1_6' title="bbox 306 615 1730 656; baseline 0.003 -4"><span class='ocrx_word' id='word_1_45' title='bbox 306 615 398 652; x_wconf 69' lang='lat' dir='ltr'>aliis</span> <span class='ocrx_word' id='word_1_46' title='bbox 439 616 619 653; x_wconf 86' lang='lat' dir='ltr'>omnibus</span> <span class='ocrx_word' id='word_1_47' title='bbox 665 616 788 653; x_wconf 78' lang='lat' dir='ltr'>cladis</span> <span class='ocrx_word' id='word_1_48' title='bbox 828 617 1016 653; x_wconf 72' lang='lat' dir='ltr'>Caudinae</span> <span class='ocrx_word' id='word_1_49' title='bbox 1054 616 1228 654; x_wconf 83' lang='lat' dir='ltr'>nondum</span> <span class='ocrx_word' id='word_1_50' title='bbox 1265 618 1454 654; x_wconf 86' lang='lat' dir='ltr'>memoria</span> <span class='ocrx_word' id='word_1_51' title='bbox 1491 617 1730 656; x_wconf 79' lang='lat' dir='ltr'>aboleverat.</span> 
     </span>
    </p>

    <p class='ocr_par' dir='ltr' id='par_1_3' title="bbox 267 681 1730 872">
     <span class='ocr_line' id='line_1_7' title="bbox 267 681 1730 734; baseline 0.004 -15"><span class='ocrx_word' id='word_1_52' title='bbox 267 681 288 716; x_wconf 73' lang='grc'><em>2</em></span> <span class='ocrx_word' id='word_1_53' title='bbox 309 683 409 720; x_wconf 87' lang='lat' dir='ltr'>Tum</span> <span class='ocrx_word' id='word_1_54' title='bbox 441 698 486 721; x_wconf 79' lang='lat' dir='ltr'>ex</span> <span class='ocrx_word' id='word_1_55' title='bbox 517 685 576 731; x_wconf 70' lang='lat' dir='ltr'>iis,</span> <span class='ocrx_word' id='word_1_56' title='bbox 607 685 676 734; x_wconf 88' lang='lat' dir='ltr'>qui</span> <span class='ocrx_word' id='word_1_57' title='bbox 707 685 884 731; x_wconf 72' lang='lat' dir='ltr'>aderant,</span> <span class='ocrx_word' id='word_1_58' title='bbox 917 685 1088 722; x_wconf 69' lang='lat' dir='ltr'>consulis</span> <span class='ocrx_word' id='word_1_59' title='bbox 1121 686 1242 722; x_wconf 83' lang='lat' dir='ltr'>frater</span> <span class='ocrx_word' id='word_1_60' title='bbox 1273 686 1378 733; x_wconf 90' lang='lat' dir='ltr'>(eum</span> <span class='ocrx_word' id='word_1_61' title='bbox 1408 686 1577 724; x_wconf 77' lang='lat' dir='ltr'>Fabium</span> <span class='ocrx_word' id='word_1_62' title='bbox 1602 685 1730 725; x_wconf 85' lang='lat' dir='ltr'>Caeso-</span> 
     </span>
     <span class='ocr_line' id='line_1_8' title="bbox 306 752 1730 803; baseline 0.004 -16"><span class='ocrx_word' id='word_1_63' title='bbox 306 765 394 788; x_wconf 89' lang='lat' dir='ltr'>nem</span> <span class='ocrx_word' id='word_1_64' title='bbox 424 752 507 799; x_wconf 74' lang='lat' dir='ltr'>alii,</span> <span class='ocrx_word' id='word_1_65' title='bbox 539 752 580 789; x_wconf 84' lang='lat' dir='ltr'>C.</span> <span class='ocrx_word' id='word_1_66' title='bbox 613 753 826 790; x_wconf 81' lang='lat' dir='ltr'>Claudium</span> <span class='ocrx_word' id='word_1_67' title='bbox 857 753 1030 802; x_wconf 73' lang='lat' dir='ltr'>quidam,</span> <span class='ocrx_word' id='word_1_68' title='bbox 1076 757 1200 790; x_wconf 83' lang='lat' dir='ltr'>matre</span> <span class='ocrx_word' id='word_1_69' title='bbox 1232 753 1378 801; x_wconf 88' lang='lat' dir='ltr'>eadem,</span> <span class='ocrx_word' id='word_1_70' title='bbox 1410 767 1487 803; x_wconf 88' lang='lat' dir='ltr'>qua</span> <span class='ocrx_word' id='word_1_71' title='bbox 1517 755 1730 801; x_wconf 89' lang='lat' dir='ltr'>consulem,</span> 
     </span>
     <span class='ocr_line' id='line_1_9' title="bbox 305 821 1730 872; baseline 0.003 -16"><span class='ocrx_word' id='word_1_72' title='bbox 305 821 480 867; x_wconf 83' lang='lat' dir='ltr'>genitum</span> <span class='ocrx_word' id='word_1_73' title='bbox 510 822 692 869; x_wconf 83' lang='lat' dir='ltr'>tradunt)</span> <span class='ocrx_word' id='word_1_74' title='bbox 740 823 984 870; x_wconf 80' lang='lat' dir='ltr'>speculatum</span> <span class='ocrx_word' id='word_1_75' title='bbox 1022 835 1061 858; x_wconf 89' lang='lat' dir='ltr'>se</span> <span class='ocrx_word' id='word_1_76' title='bbox 1100 822 1248 858; x_wconf 86' lang='lat' dir='ltr'>iturum</span> <span class='ocrx_word' id='word_1_77' title='bbox 1278 823 1491 871; x_wconf 73' lang='lat' dir='ltr'>professus,</span> <span class='ocrx_word' id='word_1_78' title='bbox 1537 822 1730 872; x_wconf 86' lang='lat' dir='ltr'>brevique</span> 
     </span>
    </p>

    <p class='ocr_par' dir='ltr' id='par_1_4' title="bbox 267 887 1730 1076">
     <span class='ocr_line' id='line_1_10' title="bbox 267 887 1730 941; baseline 0.004 -19"><span class='ocrx_word' id='word_1_79' title='bbox 267 887 289 922; x_wconf 83' lang='lat'><strong>3</strong></span> <span class='ocrx_word' id='word_1_80' title='bbox 308 889 437 926; x_wconf 84' lang='lat' dir='ltr'>onmia</span> <span class='ocrx_word' id='word_1_81' title='bbox 469 892 575 926; x_wconf 77' lang='lat' dir='ltr'>certa</span> <span class='ocrx_word' id='word_1_82' title='bbox 600 890 826 927; x_wconf 74' lang='lat' dir='ltr'>allaturum.</span> <span class='ocrx_word' id='word_1_83' title='bbox 874 889 983 927; x_wconf 57' lang='grc' dir='ltr'>θεῖα-9</span> <span class='ocrx_word' id='word_1_84' title='bbox 1007 891 1196 927; x_wconf 78' lang='lat' dir='ltr'><strong>educatus</strong></span> <span class='ocrx_word' id='word_1_85' title='bbox 1219 890 1323 939; x_wconf 78' lang='lat' dir='ltr'>apud</span> <span class='ocrx_word' id='word_1_86' title='bbox 1340 891 1526 941; x_wconf 78' lang='lat' dir='ltr'>hospites,</span> <span class='ocrx_word' id='word_1_87' title='bbox 1549 891 1730 928; x_wconf 73' lang='lat' dir='ltr'>Etruscis</span> 
     </span>
     <span class='ocr_line' id='line_1_11' title="bbox 305 957 1730 1008; baseline 0.002 -15"><span class='ocrx_word' id='word_1_88' title='bbox 305 957 396 994; x_wconf 89' lang='lat' dir='ltr'>inde</span> <span class='ocrx_word' id='word_1_89' title='bbox 414 958 559 994; x_wconf 83' lang='lat' dir='ltr'>litteris</span> <span class='ocrx_word' id='word_1_90' title='bbox 577 958 756 995; x_wconf 84' lang='lat' dir='ltr'>eruditus</span> <span class='ocrx_word' id='word_1_91' title='bbox 781 961 875 1004; x_wconf 82' lang='lat' dir='ltr'>erat,</span> <span class='ocrx_word' id='word_1_92' title='bbox 907 959 1163 1007; x_wconf 72' lang='lat' dir='ltr'>linguamque</span> <span class='ocrx_word' id='word_1_93' title='bbox 1181 958 1388 995; x_wconf 82' lang='lat' dir='ltr'>Etruscam</span> <span class='ocrx_word' id='word_1_94' title='bbox 1410 959 1534 1008; x_wconf 85' lang='lat' dir='ltr'>probe</span> <span class='ocrx_word' id='word_1_95' title='bbox 1555 961 1730 996; x_wconf 80' lang='lat' dir='ltr'>noverat.</span> 
     </span>
     <span class='ocr_line' id='line_1_12' title="bbox 306 1025 1729 1076; baseline 0.002 -15"><span class='ocrx_word' id='word_1_96' title='bbox 306 1025 446 1062; x_wconf 83' lang='lat' dir='ltr'>Habeo</span> <span class='ocrx_word' id='word_1_97' title='bbox 478 1030 668 1064; x_wconf 74' lang='lat' dir='ltr'>auctores.</span> <span class='ocrx_word' id='word_1_98' title='bbox 700 1027 819 1074; x_wconf 78' lang='lat' dir='ltr'>vulgo</span> <span class='ocrx_word' id='word_1_99' title='bbox 850 1031 933 1063; x_wconf 88' lang='lat' dir='ltr'>tum</span> <span class='ocrx_word' id='word_1_100' title='bbox 950 1027 1151 1064; x_wconf 80' lang='lat' dir='ltr'>Romanos</span> <span class='ocrx_word' id='word_1_101' title='bbox 1181 1040 1337 1076; x_wconf 80' lang='lat' dir='ltr'>pueros,</span> <span class='ocrx_word' id='word_1_102' title='bbox 1368 1027 1471 1064; x_wconf 86' lang='lat' dir='ltr'>sicut</span> <span class='ocrx_word' id='word_1_103' title='bbox 1500 1040 1603 1064; x_wconf 86' lang='lat' dir='ltr'>nunc</span> <span class='ocrx_word' id='word_1_104' title='bbox 1620 1025 1729 1064; x_wconf 76' lang='lat' dir='ltr'>G-rae-</span> 
     </span>
    </p>

    <p class='ocr_par' dir='ltr' id='par_1_5' title="bbox 267 1091 1730 1277">
     <span class='ocr_line' id='line_1_13' title="bbox 267 1091 1730 1144; baseline 0.003 -16"><span class='ocrx_word' id='word_1_105' title='bbox 267 1091 374 1139; x_wconf 76' lang='lat' dir='ltr'>4c·is,</span> <span class='ocrx_word' id='word_1_106' title='bbox 407 1093 463 1129; x_wconf 78' lang='lat' dir='ltr'>ita</span> <span class='ocrx_word' id='word_1_107' title='bbox 493 1094 672 1131; x_wconf 75' lang='lat' dir='ltr'>Etruscis</span> <span class='ocrx_word' id='word_1_108' title='bbox 703 1095 846 1131; x_wconf 78' lang='lat' dir='ltr'>litteris</span> <span class='ocrx_word' id='word_1_109' title='bbox 878 1095 1027 1132; x_wconf 82' lang='lat' dir='ltr'>erudiri</span> <span class='ocrx_word' id='word_1_110' title='bbox 1059 1095 1212 1141; x_wconf 72' lang='lat' dir='ltr'>solitos3</span> <span class='ocrx_word' id='word_1_111' title='bbox 1251 1095 1318 1132; x_wconf 84' lang='lat' dir='ltr'>sed</span> <span class='ocrx_word' id='word_1_112' title='bbox 1341 1095 1507 1144; x_wconf 84' lang='lat' dir='ltr'>propius</span> <span class='ocrx_word' id='word_1_113' title='bbox 1539 1097 1596 1132; x_wconf 77' lang='lat' dir='ltr'>est</span> <span class='ocrx_word' id='word_1_114' title='bbox 1624 1108 1730 1142; x_wconf 86' lang='lat' dir='ltr'>vero,</span> 
     </span>
     <span class='ocr_line' id='line_1_14' title="bbox 308 1161 1730 1213; baseline 0.001 -16"><span class='ocrx_word' id='word_1_115' title='bbox 308 1161 552 1211; x_wconf 78' lang='lat' dir='ltr'>praecipuum</span> <span class='ocrx_word' id='word_1_116' title='bbox 584 1163 737 1212; x_wconf 87' lang='lat' dir='ltr'>aliquid</span> <span class='ocrx_word' id='word_1_117' title='bbox 768 1164 888 1201; x_wconf 87' lang='lat' dir='ltr'>fuisse</span> <span class='ocrx_word' id='word_1_118' title='bbox 915 1163 954 1199; x_wconf 93' lang='lat' dir='ltr'>in</span> <span class='ocrx_word' id='word_1_119' title='bbox 979 1176 1033 1200; x_wconf 87' lang='lat' dir='ltr'>eo.</span> <span class='ocrx_word' id='word_1_120' title='bbox 1066 1163 1134 1213; x_wconf 89' lang='lat' dir='ltr'>qui</span> <span class='ocrx_word' id='word_1_121' title='bbox 1160 1177 1198 1200; x_wconf 87' lang='lat' dir='ltr'>se</span> <span class='ocrx_word' id='word_1_122' title='bbox 1214 1166 1295 1199; x_wconf 81' lang='lat' dir='ltr'>tam</span> <span class='ocrx_word' id='word_1_123' title='bbox 1312 1163 1452 1200; x_wconf 80' lang='lat' dir='ltr'>audaci</span> <span class='ocrx_word' id='word_1_124' title='bbox 1475 1162 1730 1200; x_wconf 73' lang='lat' dir='ltr'>simulatione</span> 
     </span>
     <span class='ocr_line' id='line_1_15' title="bbox 306 1230 1730 1277; baseline 0.002 -12"><span class='ocrx_word' id='word_1_125' title='bbox 306 1230 486 1267; x_wconf 80' lang='lat' dir='ltr'>hostibus</span> <span class='ocrx_word' id='word_1_126' title='bbox 518 1231 785 1268; x_wconf 79' lang='lat' dir='ltr'>immiscuerit.</span> <span class='ocrx_word' id='word_1_127' title='bbox 860 1231 1005 1268; x_wconf 75' lang='lat' dir='ltr'>Servus</span> <span class='ocrx_word' id='word_1_128' title='bbox 1037 1231 1071 1268; x_wconf 90' lang='lat' dir='ltr'>ei</span> <span class='ocrx_word' id='word_1_129' title='bbox 1110 1231 1256 1268; x_wconf 81' lang='lat' dir='ltr'>dicitur</span> <span class='ocrx_word' id='word_1_130' title='bbox 1294 1244 1421 1268; x_wconf 87' lang='lat' dir='ltr'>comes</span> <span class='ocrx_word' id='word_1_131' title='bbox 1460 1243 1560 1268; x_wconf 84' lang='lat' dir='ltr'>unus</span> <span class='ocrx_word' id='word_1_132' title='bbox 1597 1230 1730 1277; x_wconf 83' lang='lat' dir='ltr'>fuisse,</span> 
     </span>
    </p>

    <p class='ocr_par' dir='ltr' id='par_1_6' title="bbox 269 1295 1732 1553">
     <span class='ocr_line' id='line_1_16' title="bbox 269 1295 1729 1348; baseline 0.001 -15"><span class='ocrx_word' id='word_1_133' title='bbox 269 1295 290 1332; x_wconf 84' lang='lat'>5</span> <span class='ocrx_word' id='word_1_134' title='bbox 308 1298 483 1335; x_wconf 83' lang='lat' dir='ltr'>nutritus</span> <span class='ocrx_word' id='word_1_135' title='bbox 507 1312 585 1335; x_wconf 78' lang='lat' dir='ltr'>una</span> <span class='ocrx_word' id='word_1_136' title='bbox 602 1313 724 1348; x_wconf 90' lang='lat' dir='ltr'>eoque</span> <span class='ocrx_word' id='word_1_137' title='bbox 741 1300 847 1336; x_wconf 82' lang='lat' dir='ltr'>haud</span> <span class='ocrx_word' id='word_1_138' title='bbox 864 1299 1024 1347; x_wconf 81' lang='lat' dir='ltr'>ignarus</span> <span class='ocrx_word' id='word_1_139' title='bbox 1042 1299 1190 1347; x_wconf 73' lang='lat' dir='ltr'>linguae</span> <span class='ocrx_word' id='word_1_140' title='bbox 1207 1299 1398 1345; x_wconf 85' lang='lat' dir='ltr'>eiusdem3</span> <span class='ocrx_word' id='word_1_141' title='bbox 1430 1312 1500 1336; x_wconf 87' lang='lat' dir='ltr'>nec</span> <span class='ocrx_word' id='word_1_142' title='bbox 1517 1298 1729 1348; x_wconf 85' lang='lat' dir='ltr'>quicquam</span> 
     </span>
     <span class='ocr_line' id='line_1_17' title="bbox 307 1365 1730 1416; baseline 0 -14"><span class='ocrx_word' id='word_1_143' title='bbox 307 1366 417 1403; x_wconf 81' lang='lat' dir='ltr'>aliud</span> <span class='ocrx_word' id='word_1_144' title='bbox 448 1367 741 1416; x_wconf 84' lang='lat' dir='ltr'>proficiscentes</span> <span class='ocrx_word' id='word_1_145' title='bbox 773 1381 889 1416; x_wconf 87' lang='lat' dir='ltr'>quam</span> <span class='ocrx_word' id='word_1_146' title='bbox 921 1368 1141 1404; x_wconf 80' lang='lat' dir='ltr'>summatim</span> <span class='ocrx_word' id='word_1_147' title='bbox 1178 1367 1372 1415; x_wconf 70' lang='lat' dir='ltr'>regionis,</span> <span class='ocrx_word' id='word_1_148' title='bbox 1418 1379 1506 1416; x_wconf 86' lang='lat' dir='ltr'>quae</span> <span class='ocrx_word' id='word_1_149' title='bbox 1544 1365 1730 1402; x_wconf 84' lang='lat' dir='ltr'>intranda</span> 
     </span>
     <span class='ocr_line' id='line_1_18' title="bbox 308 1435 1732 1485; baseline -0.001 -14"><span class='ocrx_word' id='word_1_150' title='bbox 308 1439 403 1479; x_wconf 79' lang='lat' dir='ltr'>erat.</span> <span class='ocrx_word' id='word_1_151' title='bbox 436 1439 618 1472; x_wconf 83' lang='lat' dir='ltr'>naturam</span> <span class='ocrx_word' id='word_1_152' title='bbox 649 1449 693 1472; x_wconf 84' lang='lat' dir='ltr'>ae</span> <span class='ocrx_word' id='word_1_153' title='bbox 724 1436 878 1472; x_wconf 81' lang='lat' dir='ltr'>nomina</span> <span class='ocrx_word' id='word_1_154' title='bbox 913 1435 1139 1485; x_wconf 76' lang='lat' dir='ltr'>principum</span> <span class='ocrx_word' id='word_1_155' title='bbox 1171 1436 1211 1472; x_wconf 89' lang='lat' dir='ltr'>in</span> <span class='ocrx_word' id='word_1_156' title='bbox 1241 1436 1400 1485; x_wconf 85' lang='lat' dir='ltr'>populis</span> <span class='ocrx_word' id='word_1_157' title='bbox 1439 1447 1643 1483; x_wconf 74' lang='lat' dir='ltr'>accepere,</span> <span class='ocrx_word' id='word_1_158' title='bbox 1683 1446 1732 1470; x_wconf 87' lang='lat' dir='ltr'>ne</span> 
     </span>
     <span class='ocr_line' id='line_1_19' title="bbox 307 1503 1731 1553; baseline -0.001 -14"><span class='ocrx_word' id='word_1_159' title='bbox 307 1516 384 1551; x_wconf 88' lang='lat' dir='ltr'>qua</span> <span class='ocrx_word' id='word_1_160' title='bbox 416 1503 520 1540; x_wconf 87' lang='lat' dir='ltr'>inter</span> <span class='ocrx_word' id='word_1_161' title='bbox 551 1505 750 1553; x_wconf 87' lang='lat' dir='ltr'>colloquia</span> <span class='ocrx_word' id='word_1_162' title='bbox 780 1504 930 1553; x_wconf 80' lang='lat' dir='ltr'>insigni</span> <span class='ocrx_word' id='word_1_163' title='bbox 961 1508 1054 1541; x_wconf 86' lang='lat' dir='ltr'>nota</span> <span class='ocrx_word' id='word_1_164' title='bbox 1085 1504 1312 1541; x_wconf 83' lang='lat' dir='ltr'>haesitantes</span> <span class='ocrx_word' id='word_1_165' title='bbox 1345 1503 1537 1552; x_wconf 79' lang='lat' dir='ltr'>deprendi</span> <span class='ocrx_word' id='word_1_166' title='bbox 1560 1503 1731 1552; x_wconf 79' lang='lat' dir='ltr'>possent.</span> 
     </span>
    </p>

    <p class='ocr_par' dir='ltr' id='par_1_7' title="bbox 270 1569 1733 1757">
     <span class='ocr_line' id='line_1_20' title="bbox 270 1569 1732 1621; baseline 0.001 -16"><span class='ocrx_word' id='word_1_167' title='bbox 270 1570 292 1605; x_wconf 80' lang='lat'>6</span> <span class='ocrx_word' id='word_1_168' title='bbox 311 1572 399 1607; x_wconf 76' lang='lat' dir='ltr'>,lere</span> <span class='ocrx_word' id='word_1_169' title='bbox 431 1573 619 1621; x_wconf 75' lang='lat' dir='ltr'>pastorali</span> <span class='ocrx_word' id='word_1_170' title='bbox 650 1573 799 1611; x_wconf 81' lang='lat' dir='ltr'>habitu.</span> <span class='ocrx_word' id='word_1_171' title='bbox 831 1572 1052 1621; x_wconf 78' lang='lat' dir='ltr'>agrestibus</span> <span class='ocrx_word' id='word_1_172' title='bbox 1082 1573 1183 1619; x_wconf 68' lang='grc'>19115,</span> <span class='ocrx_word' id='word_1_173' title='bbox 1214 1572 1387 1609; x_wconf 84' lang='lat' dir='ltr'>falcibus</span> <span class='ocrx_word' id='word_1_174' title='bbox 1403 1570 1599 1620; x_wconf 72' lang='lat' dir='ltr'>gaesisque</span> <span class='ocrx_word' id='word_1_175' title='bbox 1615 1569 1732 1616; x_wconf 89' lang='lat' dir='ltr'>binis,</span> 
     </span>
     <span class='ocr_line' id='line_1_21' title="bbox 307 1639 1733 1689; baseline -0.001 -13"><span class='ocrx_word' id='word_1_176' title='bbox 307 1641 460 1676; x_wconf 83' lang='lat' dir='ltr'>armati.</span> <span class='ocrx_word' id='word_1_177' title='bbox 506 1639 584 1677; x_wconf 79' lang='lat' dir='ltr'>Sed</span> <span class='ocrx_word' id='word_1_178' title='bbox 613 1653 740 1689; x_wconf 79' lang='lat' dir='ltr'>neque</span> <span class='ocrx_word' id='word_1_179' title='bbox 765 1639 1042 1676; x_wconf 78' lang='lat' dir='ltr'>commercium</span> <span class='ocrx_word' id='word_1_180' title='bbox 1074 1641 1220 1689; x_wconf 81' lang='lat' dir='ltr'>linguae</span> <span class='ocrx_word' id='word_1_181' title='bbox 1252 1653 1323 1677; x_wconf 88' lang='lat' dir='ltr'>nec</span> <span class='ocrx_word' id='word_1_182' title='bbox 1348 1639 1469 1677; x_wconf 86' lang='lat' dir='ltr'>vestis</span> <span class='ocrx_word' id='word_1_183' title='bbox 1487 1650 1733 1675; x_wconf 83' lang='lat' dir='ltr'>armorumve</span> 
     </span>
     <span class='ocr_line' id='line_1_22' title="bbox 308 1705 1732 1757; baseline -0.001 -13"><span class='ocrx_word' id='word_1_184' title='bbox 308 1708 467 1745; x_wconf 84' lang='lat' dir='ltr'>habitus</span> <span class='ocrx_word' id='word_1_185' title='bbox 484 1709 537 1745; x_wconf 84' lang='lat' dir='ltr'>sic</span> <span class='ocrx_word' id='word_1_186' title='bbox 555 1722 621 1745; x_wconf 88' lang='lat' dir='ltr'>eos</span> <span class='ocrx_word' id='word_1_187' title='bbox 637 1708 747 1754; x_wconf 62' lang='lat' dir='ltr'>texit,</span> <span class='ocrx_word' id='word_1_188' title='bbox 775 1722 891 1756; x_wconf 86' lang='lat' dir='ltr'>quam</span> <span class='ocrx_word' id='word_1_189' title='bbox 916 1707 1021 1757; x_wconf 85' lang='lat' dir='ltr'>quod</span> <span class='ocrx_word' id='word_1_190' title='bbox 1047 1709 1287 1745; x_wconf 75' lang='lat' dir='ltr'>abhorrebat</span> <span class='ocrx_word' id='word_1_191' title='bbox 1309 1708 1357 1744; x_wconf 89' lang='lat' dir='ltr'>ab</span> <span class='ocrx_word' id='word_1_192' title='bbox 1373 1705 1463 1752; x_wconf 82' lang='lat' dir='ltr'>fide,</span> <span class='ocrx_word' id='word_1_193' title='bbox 1496 1717 1732 1756; x_wconf 85' lang='lat' dir='ltr'>quemquam</span> 
     </span>
    </p>

    <p class='ocr_par' dir='ltr' id='par_1_8' title="bbox 269 1773 1732 1962">
     <span class='ocr_line' id='line_1_23' title="bbox 269 1773 1732 1825; baseline -0.001 -13"><span class='ocrx_word' id='word_1_194' title='bbox 269 1774 290 1809; x_wconf 74' lang='grc' dir='ltr'>Τ</span> <span class='ocrx_word' id='word_1_195' title='bbox 309 1781 513 1813; x_wconf 80' lang='lat' dir='ltr'>externum</span> <span class='ocrx_word' id='word_1_196' title='bbox 525 1776 714 1814; x_wconf 85' lang='lat' dir='ltr'>Ciminios</span> <span class='ocrx_word' id='word_1_197' title='bbox 727 1776 850 1813; x_wconf 79' lang='lat' dir='ltr'>saltus</span> <span class='ocrx_word' id='word_1_198' title='bbox 861 1776 1110 1812; x_wconf 81' lang='lat' dir='ltr'>intraturum.</span> <span class='ocrx_word' id='word_1_199' title='bbox 1138 1775 1276 1825; x_wconf 85' lang='lat' dir='ltr'>Usque</span> <span class='ocrx_word' id='word_1_200' title='bbox 1288 1775 1337 1813; x_wconf 83' lang='lat' dir='ltr'>ad</span> <span class='ocrx_word' id='word_1_201' title='bbox 1349 1774 1549 1811; x_wconf 76' lang='lat' dir='ltr'>Camertes</span> <span class='ocrx_word' id='word_1_202' title='bbox 1558 1773 1732 1811; x_wconf 86' lang='lat' dir='ltr'>Umbros</span> 
     </span>
     <span class='ocr_line' id='line_1_24' title="bbox 305 1841 1732 1893; baseline -0.003 -12"><span class='ocrx_word' id='word_1_203' title='bbox 305 1850 532 1893; x_wconf 76' lang='lat' dir='ltr'>penetrasse</span> <span class='ocrx_word' id='word_1_204' title='bbox 549 1844 746 1881; x_wconf 86' lang='lat' dir='ltr'>dicuntur.</span> <span class='ocrx_word' id='word_1_205' title='bbox 792 1844 868 1890; x_wconf 79' lang='lat' dir='ltr'>lbi,</span> <span class='ocrx_word' id='word_1_206' title='bbox 887 1844 954 1893; x_wconf 89' lang='lat' dir='ltr'>qui</span> <span class='ocrx_word' id='word_1_207' title='bbox 972 1847 1110 1890; x_wconf 80' lang='lat' dir='ltr'>essent,</span> <span class='ocrx_word' id='word_1_208' title='bbox 1127 1844 1244 1880; x_wconf 84' lang='lat' dir='ltr'>fateri</span> <span class='ocrx_word' id='word_1_209' title='bbox 1260 1843 1483 1879; x_wconf 82' lang='lat' dir='ltr'>Romanum</span> <span class='ocrx_word' id='word_1_210' title='bbox 1500 1855 1649 1887; x_wconf 73' lang='lat' dir='ltr'>ausum,</span> <span class='ocrx_word' id='word_1_211' title='bbox 1675 1841 1732 1878; x_wconf 90' lang='lat' dir='ltr'>in-</span> 
     </span>
     <span class='ocr_line' id='line_1_25' title="bbox 306 1907 1730 1962; baseline -0.002 -14"><span class='ocrx_word' id='word_1_212' title='bbox 306 1912 612 1962; x_wconf 86' lang='lat' dir='ltr'>troductumque</span> <span class='ocrx_word' id='word_1_213' title='bbox 630 1913 669 1949; x_wconf 92' lang='grc'>111</span> <span class='ocrx_word' id='word_1_214' title='bbox 686 1915 864 1950; x_wconf 81' lang='lat' dir='ltr'>senat-um</span> <span class='ocrx_word' id='word_1_215' title='bbox 881 1912 1051 1948; x_wconf 87' lang='lat' dir='ltr'>consulis</span> <span class='ocrx_word' id='word_1_216' title='bbox 1070 1912 1202 1949; x_wconf 84' lang='lat' dir='ltr'>verbis</span> <span class='ocrx_word' id='word_1_217' title='bbox 1227 1911 1352 1959; x_wconf 84' lang='lat' dir='ltr'>egisse</span> <span class='ocrx_word' id='word_1_218' title='bbox 1368 1910 1416 1947; x_wconf 89' lang='lat' dir='ltr'>de</span> <span class='ocrx_word' id='word_1_219' title='bbox 1431 1909 1619 1947; x_wconf 86' lang='lat' dir='ltr'>societate</span> <span class='ocrx_word' id='word_1_220' title='bbox 1636 1907 1730 1946; x_wconf 87' lang='lat' dir='ltr'>ami—</span> 
     </span>
    </p>

    <p class='ocr_par' dir='ltr' id='par_1_9' title="bbox 265 1976 1732 2164">
     <span class='ocr_line' id='line_1_26' title="bbox 265 1976 1732 2030; baseline -0.001 -16"><span class='ocrx_word' id='word_1_221' title='bbox 265 1978 289 2013; x_wconf 77' lang='grc'>8</span> <span class='ocrx_word' id='word_1_222' title='bbox 309 1980 490 2029; x_wconf 71' lang='lat' dir='ltr'>eitiaque,</span> <span class='ocrx_word' id='word_1_223' title='bbox 523 1984 640 2030; x_wconf 84' lang='lat' dir='ltr'>atque</span> <span class='ocrx_word' id='word_1_224' title='bbox 664 1981 757 2017; x_wconf 85' lang='lat' dir='ltr'>inde</span> <span class='ocrx_word' id='word_1_225' title='bbox 781 1979 881 2017; x_wconf 85' lang='lat' dir='ltr'>comi</span> <span class='ocrx_word' id='word_1_226' title='bbox 897 1980 1068 2028; x_wconf 86' lang='lat' dir='ltr'>hospitio</span> <span class='ocrx_word' id='word_1_227' title='bbox 1094 1983 1309 2029; x_wconf 82' lang='lat' dir='ltr'>acceptum,</span> <span class='ocrx_word' id='word_1_228' title='bbox 1340 1977 1525 2015; x_wconf 84' lang='lat' dir='ltr'>nuntiare</span> <span class='ocrx_word' id='word_1_229' title='bbox 1541 1976 1732 2014; x_wconf 83' lang='lat' dir='ltr'>Romanis</span> 
     </span>
     <span class='ocr_line' id='line_1_27' title="bbox 307 2045 1731 2096; baseline -0.001 -12"><span class='ocrx_word' id='word_1_230' title='bbox 307 2048 467 2093; x_wconf 67' lang='grc'>1115511111,</span> <span class='ocrx_word' id='word_1_231' title='bbox 499 2052 756 2085; x_wconf 77' lang='lat' dir='ltr'>commeatum</span> <span class='ocrx_word' id='word_1_232' title='bbox 787 2048 979 2085; x_wconf 86' lang='lat' dir='ltr'>exercitui</span> <span class='ocrx_word' id='word_1_233' title='bbox 1010 2047 1165 2084; x_wconf 85' lang='lat' dir='ltr'>dierum</span> <span class='ocrx_word' id='word_1_234' title='bbox 1196 2047 1363 2096; x_wconf 80' lang='lat' dir='ltr'>triginta</span> <span class='ocrx_word' id='word_1_235' title='bbox 1395 2050 1539 2096; x_wconf 83' lang='lat' dir='ltr'>praesto</span> <span class='ocrx_word' id='word_1_236' title='bbox 1570 2046 1666 2091; x_wconf 84' lang='lat' dir='ltr'>fore,</span> <span class='ocrx_word' id='word_1_237' title='bbox 1697 2045 1731 2083; x_wconf 88' lang='lat' dir='ltr'>si</span> 
     </span>
     <span class='ocr_line' id='line_1_28' title="bbox 308 2112 1732 2164; baseline -0.002 -13"><span class='ocrx_word' id='word_1_238' title='bbox 308 2129 353 2153; x_wconf 85' lang='lat' dir='ltr'>ea</span> <span class='ocrx_word' id='word_1_239' title='bbox 392 2116 477 2153; x_wconf 88' lang='lat' dir='ltr'>loca</span> <span class='ocrx_word' id='word_1_240' title='bbox 516 2116 722 2163; x_wconf 71' lang='lat' dir='ltr'>intrasset,</span> <span class='ocrx_word' id='word_1_241' title='bbox 770 2116 1090 2164; x_wconf 81' lang='lat' dir='ltr'>iuventutemque</span> <span class='ocrx_word' id='word_1_242' title='bbox 1131 2115 1371 2152; x_wconf 78' lang='lat' dir='ltr'>Camertium</span> <span class='ocrx_word' id='word_1_243' title='bbox 1409 2114 1652 2152; x_wconf 80' lang='lat' dir='ltr'>Umbrorum</span> <span class='ocrx_word' id='word_1_244' title='bbox 1690 2112 1732 2149; x_wconf 89' lang='lat' dir='ltr'>in</span> 
     </span>
    </p>

    <p class='ocr_par' dir='ltr' id='par_1_10' title="bbox 270 2180 1735 2301">
     <span class='ocr_line' id='line_1_29' title="bbox 270 2180 1732 2234; baseline -0.001 -15"><span class='ocrx_word' id='word_1_245' title='bbox 270 2184 429 2221; x_wconf 54' lang='lat' dir='ltr'>&amp;armis</span> <span class='ocrx_word' id='word_1_246' title='bbox 461 2189 640 2233; x_wconf 79' lang='lat' dir='ltr'>paratam</span> <span class='ocrx_word' id='word_1_247' title='bbox 679 2184 846 2234; x_wconf 84' lang='lat' dir='ltr'>imperio</span> <span class='ocrx_word' id='word_1_248' title='bbox 884 2185 1068 2221; x_wconf 79' lang='lat' dir='ltr'>suturam.</span> <span class='ocrx_word' id='word_1_249' title='bbox 1127 2183 1227 2219; x_wconf 78' lang='lat' dir='ltr'>Haec</span> <span class='ocrx_word' id='word_1_250' title='bbox 1265 2196 1385 2232; x_wconf 92' lang='lat' dir='ltr'>quum</span> <span class='ocrx_word' id='word_1_251' title='bbox 1422 2182 1547 2218; x_wconf 85' lang='lat' dir='ltr'>relata</span> <span class='ocrx_word' id='word_1_252' title='bbox 1577 2180 1732 2218; x_wconf 82' lang='lat' dir='ltr'>consuli</span> 
     </span>
     <span class='ocr_line' id='line_1_30' title="bbox 309 2249 1735 2301; baseline -0.001 -14"><span class='ocrx_word' id='word_1_253' title='bbox 309 2258 447 2297; x_wconf 74' lang='lat' dir='ltr'>essent,</span> <span class='ocrx_word' id='word_1_254' title='bbox 478 2252 769 2301; x_wconf 83' lang='lat' dir='ltr'>impedimentis</span> <span class='ocrx_word' id='word_1_255' title='bbox 800 2253 928 2301; x_wconf 83' lang='lat' dir='ltr'>prima</span> <span class='ocrx_word' id='word_1_256' title='bbox 957 2251 1098 2299; x_wconf 83' lang='lat' dir='ltr'>vigilia</span> <span class='ocrx_word' id='word_1_257' title='bbox 1128 2251 1352 2300; x_wconf 84' lang='lat' dir='ltr'>praemissis,</span> <span class='ocrx_word' id='word_1_258' title='bbox 1384 2249 1612 2299; x_wconf 81' lang='lat' dir='ltr'>legionibus</span> <span class='ocrx_word' id='word_1_259' title='bbox 1642 2251 1735 2298; x_wconf 86' lang='lat' dir='ltr'>post</span> 
     </span>
    </p>

    <p class='ocr_par' dir='ltr' id='par_1_11' title="bbox 241 2316 1734 2641">
     <span class='ocr_line' id='line_1_31' title="bbox 241 2316 1732 2370; baseline -0.003 -14"><span class='ocrx_word' id='word_1_260' title='bbox 241 2321 291 2356; x_wconf 76' lang='lat'>10</span> <span class='ocrx_word' id='word_1_261' title='bbox 310 2320 590 2370; x_wconf 82' lang='lat' dir='ltr'>impedimenta</span> <span class='ocrx_word' id='word_1_262' title='bbox 622 2320 679 2357; x_wconf 88' lang='lat' dir='ltr'>ire</span> <span class='ocrx_word' id='word_1_263' title='bbox 710 2321 844 2366; x_wconf 77' lang='lat' dir='ltr'>iussis,</span> <span class='ocrx_word' id='word_1_264' title='bbox 892 2319 976 2369; x_wconf 80' lang='lat' dir='ltr'>ipse</span> <span class='ocrx_word' id='word_1_265' title='bbox 1008 2319 1184 2356; x_wconf 86' lang='lat' dir='ltr'>substitit</span> <span class='ocrx_word' id='word_1_266' title='bbox 1215 2332 1301 2355; x_wconf 85' lang='lat' dir='ltr'>cum</span> <span class='ocrx_word' id='word_1_267' title='bbox 1340 2318 1531 2368; x_wconf 82' lang='lat' dir='ltr'>equitatu,</span> <span class='ocrx_word' id='word_1_268' title='bbox 1577 2319 1616 2354; x_wconf 84' lang='lat' dir='ltr'>et</span> <span class='ocrx_word' id='word_1_269' title='bbox 1645 2316 1732 2353; x_wconf 89' lang='lat' dir='ltr'>luce</span> 
     </span>
     <span class='ocr_line' id='line_1_32' title="bbox 310 2386 1733 2438; baseline -0.004 -13"><span class='ocrx_word' id='word_1_270' title='bbox 310 2395 394 2425; x_wconf 79' lang='lat' dir='ltr'>orta</span> <span class='ocrx_word' id='word_1_271' title='bbox 426 2394 582 2438; x_wconf 81' lang='lat' dir='ltr'>postero</span> <span class='ocrx_word' id='word_1_272' title='bbox 616 2387 678 2424; x_wconf 79' lang='lat' dir='ltr'>die</span> <span class='ocrx_word' id='word_1_273' title='bbox 711 2387 959 2436; x_wconf 83' lang='lat' dir='ltr'>obequitavit</span> <span class='ocrx_word' id='word_1_274' title='bbox 999 2387 1236 2424; x_wconf 75' lang='lat' dir='ltr'>stationibus</span> <span class='ocrx_word' id='word_1_275' title='bbox 1275 2387 1464 2432; x_wconf 88' lang='lat' dir='ltr'>hostium,</span> <span class='ocrx_word' id='word_1_276' title='bbox 1502 2397 1589 2434; x_wconf 86' lang='lat' dir='ltr'>quae</span> <span class='ocrx_word' id='word_1_277' title='bbox 1620 2386 1733 2421; x_wconf 82' lang='lat' dir='ltr'>extra</span> 
     </span>
     <span class='ocr_line' id='line_1_33' title="bbox 312 2452 1731 2505; baseline -0.004 -12"><span class='ocrx_word' id='word_1_278' title='bbox 312 2457 455 2493; x_wconf 82' lang='lat' dir='ltr'>saltum</span> <span class='ocrx_word' id='word_1_279' title='bbox 487 2456 691 2505; x_wconf 54' lang='lat' dir='ltr'>dispositae</span> <span class='ocrx_word' id='word_1_280' title='bbox 723 2459 853 2501; x_wconf 69' lang='lat' dir='ltr'>erant3</span> <span class='ocrx_word' id='word_1_281' title='bbox 893 2459 930 2492; x_wconf 87' lang='lat' dir='ltr'>et</span> <span class='ocrx_word' id='word_1_282' title='bbox 969 2468 1088 2503; x_wconf 89' lang='lat' dir='ltr'>quum</span> <span class='ocrx_word' id='word_1_283' title='bbox 1120 2455 1215 2491; x_wconf 84' lang='lat' dir='ltr'>satis</span> <span class='ocrx_word' id='word_1_284' title='bbox 1247 2455 1317 2491; x_wconf 91' lang='lat' dir='ltr'>diu</span> <span class='ocrx_word' id='word_1_285' title='bbox 1346 2453 1539 2491; x_wconf 83' lang='lat' dir='ltr'>tenuisset</span> <span class='ocrx_word' id='word_1_286' title='bbox 1567 2452 1731 2497; x_wconf 83' lang='lat' dir='ltr'>hostem,</span> 
     </span>
     <span class='ocr_line' id='line_1_34' title="bbox 309 2522 1734 2572; baseline -0.004 -11"><span class='ocrx_word' id='word_1_287' title='bbox 309 2525 348 2561; x_wconf 86' lang='lat' dir='ltr'>in</span> <span class='ocrx_word' id='word_1_288' title='bbox 381 2530 507 2561; x_wconf 82' lang='lat' dir='ltr'>castra</span> <span class='ocrx_word' id='word_1_289' title='bbox 539 2537 621 2561; x_wconf 85' lang='lat' dir='ltr'>sese</span> <span class='ocrx_word' id='word_1_290' title='bbox 652 2523 818 2572; x_wconf 86' lang='lat' dir='ltr'>recepit,</span> <span class='ocrx_word' id='word_1_291' title='bbox 855 2526 1048 2572; x_wconf 84' lang='lat' dir='ltr'>portaque</span> <span class='ocrx_word' id='word_1_292' title='bbox 1086 2523 1212 2560; x_wconf 77' lang='lat' dir='ltr'>altera</span> <span class='ocrx_word' id='word_1_293' title='bbox 1242 2535 1422 2571; x_wconf 85' lang='lat' dir='ltr'>egressus</span> <span class='ocrx_word' id='word_1_294' title='bbox 1453 2523 1540 2557; x_wconf 84' lang='lat' dir='ltr'>ant-e</span> <span class='ocrx_word' id='word_1_295' title='bbox 1577 2522 1734 2556; x_wconf 89' lang='lat' dir='ltr'>noctem</span> 
     </span>
     <span class='ocr_line' id='line_1_35' title="bbox 245 2586 1733 2641; baseline -0.004 -12"><span class='ocrx_word' id='word_1_296' title='bbox 245 2594 288 2629; x_wconf 91' lang='lat' dir='ltr'>ll</span> <span class='ocrx_word' id='word_1_297' title='bbox 312 2606 450 2641; x_wconf 71' lang='lat' dir='ltr'>agmen</span> <span class='ocrx_word' id='word_1_298' title='bbox 482 2592 716 2641; x_wconf 84' lang='lat' dir='ltr'>assequitur.</span> <span class='ocrx_word' id='word_1_299' title='bbox 761 2590 927 2628; x_wconf 86' lang='lat' dir='ltr'>Postero</span> <span class='ocrx_word' id='word_1_300' title='bbox 956 2591 1018 2628; x_wconf 86' lang='lat' dir='ltr'>die</span> <span class='ocrx_word' id='word_1_301' title='bbox 1044 2590 1130 2627; x_wconf 85' lang='lat' dir='ltr'>luce</span> <span class='ocrx_word' id='word_1_302' title='bbox 1152 2590 1281 2640; x_wconf 79' lang='lat' dir='ltr'>prima</span> <span class='ocrx_word' id='word_1_303' title='bbox 1298 2590 1392 2638; x_wconf 80' lang='lat' dir='ltr'>iuga</span> <span class='ocrx_word' id='word_1_304' title='bbox 1409 2587 1572 2626; x_wconf 86' lang='lat' dir='ltr'>Ciminii</span> <span class='ocrx_word' id='word_1_305' title='bbox 1586 2586 1733 2624; x_wconf 84' lang='lat' dir='ltr'>montis</span> 
     </span>
    </p>
   </div>
  </div>
 </body>
</html>
