1821 2928
390 199 467 236 126
777 208 866 233 Liber
883 207 970 232 vm.
1008 207 1055 234 (A.
1075 214 1103 231 u.
1123 214 1147 232 c.
1167 207 1322 236 428—429.)

329 323 507 372 profecto
540 320 680 359 'rerum
725 335 883 359 suarum
930 321 969 357 in
1011 320 1117 358 bello
1151 318 1392 357 Samnitium
1431 321 1651 368 eventuque
1681 318 1764 356 eius

329 391 449 429 verti:
496 403 580 427 eam
613 389 737 427 solam
768 392 925 437 gentem
957 391 1118 435 restare,
1163 400 1234 425 nec
1266 400 1349 424 eam
1380 387 1508 437 ipsam
1538 386 1635 425 satis
1663 385 1763 424 vali-

290 458 312 494 5
331 458 432 505 dam,
465 457 625 507 quando
643 457 829 494 Lucanus
861 456 1068 502 defecerit,
1110 468 1224 505 quem
1256 455 1435 492 revocari
1466 455 1595 492 adhuc
1626 454 1763 504 impel-

328 526 437 575 lique
469 525 519 562 ad
551 525 787 563 abolendam
828 524 1058 562 societatem
1088 522 1310 561 Romanam
1350 536 1482 573 posse,
1528 523 1561 560 si
1592 535 1670 572 qua
1701 535 1764 560 ars

289 593 507 632 &serendis
553 593 766 631 discordiis
812 591 1062 629 adhibeatur.
1136 590 1234 628 Haec
1281 591 1446 629 consilia
1491 603 1612 641 quum
1657 589 1764 639 apud

327 662 494 711 cupidos
524 674 656 698 rerum
686 661 960 698 novandarum
990 659 1221 707 valuissent,
1266 673 1313 697 ex
1352 659 1556 697 iuventute
1602 657 1764 708 quidam

328 729 581 767 Lucanorum
612 729 742 779 pretio
775 728 929 774 adsciti,
975 727 1073 765 clari
1105 727 1231 776 magis
1269 727 1372 764 inter
1402 727 1614 777 populares
1646 739 1764 775 quam

326 798 495 845 honesti,
526 798 632 835 inter
664 810 703 834 se
734 795 899 833 mulcati
931 795 1008 844 ipsi
1031 795 1169 843 virgis,
1201 808 1322 845 quum
1342 807 1508 845 corpora
1525 788 1638 832 'nuda
1662 793 1764 830 intu-

293 867 471 903 TIissent
510 865 552 903 in
591 865 737 902 civium
779 867 939 910 coetum,
978 863 1186 901 vociferati
1232 866 1343 910 sunt,
1389 876 1445 909 se,
1491 861 1598 912 quod
1636 863 1767 898 castra

325 935 509 972 Romana
555 933 713 981 ingredi
754 932 840 969 ausi
881 936 1027 978 essent,
1073 945 1095 969 a
1133 931 1359 969 consulibus
1398 930 1524 979 virgis
1562 942 1680 967 caesos
1719 941 1764 966 ao

286 1003 310 1040 8
327 1015 451 1052 prope
475 1001 603 1039 securi
625 1013 833 1050 percussos
859 1013 952 1037 esse.
997 999 1202 1036 Deformis
1226 1001 1366 1048 suapte
1391 1001 1536 1035 natura
1557 1010 1620 1034 res
1643 1008 1764 1046 quum

326 1070 498 1120 speciem
529 1069 686 1106 iniuriae
728 1068 854 1117 magis
901 1081 1019 1116 quam
1065 1066 1149 1103 doli
1192 1079 1275 1116 prae
1321 1080 1360 1103 se
1397 1065 1531 1112 ferret,
1577 1063 1764 1102 concitati

325 1138 504 1176 homines
550 1139 698 1185 cogunt
743 1136 914 1173 clamore
960 1148 1029 1172 suo
1074 1135 1333 1185 magistratus
1378 1137 1557 1172 senatum
1601 1145 1761 1179 vocare,

287 1208 309 1243 9
328 1209 365 1243 et
397 1206 467 1243 alii
498 1205 799 1242 circumstantes
846 1203 1058 1241 concilium
1094 1203 1244 1240 bellum
1281 1203 1322 1240 in
1352 1202 1555 1240 Romanos
1584 1203 1764 1250 poscunt,

325 1274 396 1311 alii
427 1273 478 1310 ad
509 1272 787 1310 concitandam
819 1272 859 1308 in
891 1285 1000 1309 arma
1038 1271 1335 1308 multitudinem
1365 1270 1582 1319 agrestium
1613 1268 1763 1306 discur-

324 1345 429 1387 runt,
459 1341 713 1390 tumultuque
736 1340 854 1378 etiam
879 1353 994 1377 sanos
1030 1342 1308 1377 consternante
1334 1338 1496 1384 animos,
1527 1336 1765 1383 decernitur,

325 1413 369 1446 ut
401 1410 567 1447 societas
600 1423 687 1446 cum
706 1407 955 1446 Samnitibus
972 1410 1243 1452 renovaretur,
1274 1406 1480 1455 legatique
1506 1405 1556 1443 ad
1573 1418 1656 1442 eam
1681 1417 1764 1441 rem

260 1479 310 1515 10
327 1478 551 1515 mittuntur.
611 1477 841 1526 Repentina
871 1490 934 1512 res
960 1475 1064 1524 quia,
1097 1488 1215 1524 quam
1240 1488 1398 1512 causam
1423 1473 1587 1520 nullam,
1617 1476 1699 1510 tam
1714 1485 1763 1508 ne

325 1545 443 1582 fidem
477 1545 636 1595 quidem
675 1544 866 1590 habebat,
913 1543 1039 1581 coacti
1077 1557 1099 1580 a
1130 1541 1379 1580 Samnitibus
1410 1545 1449 1578 et
1480 1540 1638 1579 obsides
1669 1540 1763 1577 dare

327 1617 363 1650 et
395 1613 583 1662 praesidia
613 1613 653 1649 in
685 1612 773 1649 loca
803 1611 956 1648 munita
987 1611 1177 1660 accipere,
1209 1610 1302 1647 caeci
1330 1609 1470 1647 fraude
1501 1612 1540 1646 et
1558 1608 1630 1646 'ira
1659 1607 1764 1644 nihil

261 1682 305 1718 ll
327 1684 572 1718 recusarunt.
633 1679 824 1717 Dilucere
857 1679 1001 1717 deinde
1023 1678 1137 1715 brevi
1158 1678 1268 1715 fraus
1292 1677 1423 1726 coepit,
1454 1680 1665 1727 postquam
1689 1675 1763 1712 cri-

327 1749 475 1786 minum
506 1748 696 1785 falsorum
728 1751 908 1785 auctores
926 1746 1143 1783 Tarentum
1168 1745 1497 1794 commigravere3
1527 1743 1595 1781 sed
1619 1743 1764 1782 amissa

326 1816 432 1853 omni
464 1815 512 1852 de
543 1829 583 1853 se
613 1818 825 1865 potestate,
863 1815 964 1852 nihil
995 1814 1112 1860 ultra,
1145 1827 1263 1863 quam
1293 1816 1338 1850 ut
1367 1813 1576 1863 paeniteret
1605 1811 1764 1858 frustra,

327 1884 513 1921 restabat.

194 1947 252 1995 28
442 1951 501 1988 Eo
533 1963 636 1988 anno
668 1949 801 1999 plebei
831 1949 1023 1986 Romanae
1063 1949 1174 1987 velut
1213 1949 1324 1986 aliud
1370 1948 1528 1986 initium
1566 1947 1764 1986 libertatis

327 2020 473 2056 factum
516 2023 588 2065 est,
637 2018 743 2067 quod
782 2018 888 2067 negti
934 2017 1162 2063 desierunt,
1207 2020 1402 2054 mutatum
1443 2019 1574 2054 autem
1614 2016 1674 2053 ius
1712 2015 1763 2053 ob

327 2087 444 2124 unius
474 2086 709 2123 feneratoris
733 2086 852 2123 simul
876 2084 1096 2132 libidinem,
1128 2085 1244 2122 simul
1262 2085 1540 2123 crudelitatem
1556 2083 1763 2132 insignem.

286 2155 309 2192 2
328 2154 373 2192 L.
405 2154 595 2203 Papirius
627 2154 661 2190 is
692 2154 778 2200 fuit,
811 2154 874 2190 cui
905 2166 1025 2202 quum
1056 2166 1096 2190 se
1123 2152 1165 2190 O.
1191 2152 1394 2189 Publilius
1426 2153 1476 2190 ob
1508 2164 1560 2189 aes
1591 2151 1763 2189 alienum

327 2226 536 2273 paternum
567 2235 711 2258 nexum
743 2221 928 2267 dedisset,
961 2233 1047 2269 quae
1079 2224 1174 2258 aetas
1205 2220 1409 2270 formaque
1448 2218 1764 2257 misericordiam
1802 2215 1808 2220 ’

329 2291 471 2328 elicere
502 2292 698 2339 poterant,
729 2289 779 2326 ad
810 2288 1020 2326 libidinem
1051 2292 1091 2325 et
1121 2288 1399 2326 contumeliam
1430 2287 1603 2326 animum
1626 2299 1762 2324 accen-

288 2360 311 2396 3
330 2359 485 2396 derunt.
544 2357 704 2395 Florem
736 2357 864 2394 aetatis
882 2357 965 2394 eius
981 2357 1153 2393 fructum
1180 2356 1448 2394 adventicium
1473 2354 1616 2393 crediti
1641 2356 1763 2401 ratus,

329 2427 458 2476 primo
498 2425 686 2475 pellicere
727 2423 1016 2462 adolescentem
1057 2438 1235 2462 sermone
1280 2424 1430 2462 incesto
1476 2425 1536 2461 est
1579 2424 1761 2467 conatus3

329 2494 434 2540 dein,
465 2496 675 2544 postquam
706 2493 1020 2542 aspernabantur
1050 2491 1247 2541 flagitium
1279 2505 1404 2538 aures,
1433 2490 1552 2528 minis
1576 2489 1761 2527 territare

290 2563 314 2599 4
331 2565 450 2610 atque
467 2560 685 2598 identidem
703 2560 913 2597 admonere
929 2560 1118 2606 fortunae3
1136 2563 1347 2610 postremo,
1364 2572 1486 2609 quum
1500 2556 1762 2607 ingenuitatis

329 2629 455 2678 magis
488 2641 604 2678 quam
636 2627 843 2678 praesentis
875 2627 1121 2666 condicionis
1160 2640 1371 2665 memorem
1400 2626 1572 2673 videret,
1617 2623 1762 2662 nudari
