1821 2928
579 91 694 126 Liber
718 91 769 126 II.
819 94 880 135 (A.
908 92 972 127 Ch.
999 92 1093 135 509.)
1505 93 1556 130 65

121 219 259 257 audita
284 223 389 266 sunt,
413 232 485 268 per
512 219 667 269 aliquot
693 219 780 258 dies
807 234 851 257 ea
877 220 1119 258 consultatio
1138 219 1278 265 tenuit,
1309 231 1357 255 ne
1375 231 1451 255 non
1470 217 1557 255 red-

120 292 207 330 dita
238 291 335 329 belli
369 304 497 336 causa,
530 291 688 330 reddita
721 292 818 329 belli
852 293 1017 329 materia
1049 296 1086 330 et
1118 292 1389 329 adiumentum
1416 293 1558 327 essent.

118 364 286 401 Interim
342 363 466 413 legati
526 364 605 401 alia
652 365 802 410 moliri,
858 368 994 414 aperte
1041 365 1144 402 bona
1190 366 1415 414 repetentes
1461 361 1561 399 clam
1581 362 1605 400 6

116 435 380 487 recuperandi
407 435 521 484 regni
545 437 715 474 consilia
739 440 912 482 struere,
945 441 983 474 et
1006 439 1195 485 tanquam
1214 435 1265 473 ad
1282 435 1335 481 id,
1368 433 1477 485 quod
1494 435 1559 482 agi

118 509 345 555 videbatur,
381 508 602 545 ambientes
641 509 835 546 nobilium
868 508 1183 546 adolescentium
1216 507 1369 545 animos
1400 510 1559 557 perten-

116 584 214 618 tant.
262 581 301 618 A
329 581 475 630 quibus
498 580 655 630 placide
680 581 811 618 oratio
837 583 1001 631 accepta
1028 584 1099 628 est,
1134 580 1184 617 iis
1209 579 1366 617 litteras
1393 579 1442 616 ab
1461 578 1557 617 Tar·
1578 578 1601 614 7

118 652 270 702 quiniis
300 652 475 690 reddunt
506 655 546 690 et
576 653 624 690 de
655 652 907 703 accipiendis
940 653 1043 690 clam
1073 656 1190 690 nocte
1222 652 1265 688 in
1288 651 1427 689 urbem
1452 651 1556 701 regi-

119 725 193 762 bus
226 725 525 775 colloquuntur.
572 725 754 763 Vitelliis
779 725 1044 775 Aquiliisque
1075 724 1267 761 fratribus
1299 724 1430 773 primo
1463 737 1566 762 com·

118 797 238 834 missa
277 810 340 835 res
379 800 451 834 est.
514 797 774 835 Vitelliorum
818 810 930 835 soror
961 796 1114 835 consuli
1147 799 1272 846 nupta
1304 795 1433 833 Bruto
1466 801 1561 843 erat,

120 869 278 919 iamque
312 882 361 906 ex
393 882 438 907 eo
470 870 725 908 matrimonio
756 869 1028 907 adolescentes
1060 872 1175 906 erant
1199 867 1330 915 liberi,
1361 867 1477 906 Titus
1493 866 1561 905 Ti-

119 940 358 991 beriusque,
389 955 455 980 eos
479 956 640 993 quoque
658 943 699 980 in
717 943 944 980 societatem
965 941 1122 980 consilii
1139 940 1327 978 avunculi
1344 944 1560 978 assumunt.
1581 943 1604 979 2

119 1013 324 1051 Praeterea
342 1014 501 1064 aliquot
516 1015 672 1053 nobiles
688 1014 963 1053 adolescentes
981 1013 1132 1051 conscii
1156 1013 1365 1062 assumpti,
1393 1026 1562 1062 quorum

121 1089 318 1123 vetustate
349 1087 541 1124 memoria
567 1087 680 1125 abiit.
726 1087 895 1125 Interim
922 1099 1043 1137 quum
1071 1085 1110 1122 in
1138 1089 1279 1122 senatu
1302 1085 1465 1123 vicisset
1481 1098 1565 1123 sen·
1585 1086 1609 1123 3

120 1157 260 1205 tentia,
303 1170 391 1208 quae
431 1159 617 1197 censebat
656 1159 862 1197 reddenda
893 1159 1008 1205 bona,
1047 1171 1214 1207 eamque
1244 1157 1373 1208 ipsam
1406 1170 1564 1196 causam

122 1243 241 1269 morae
270 1231 312 1268 in
339 1230 438 1268 urbe
462 1230 657 1269 haberent
684 1232 823 1282 legati,
856 1231 962 1281 quod
988 1231 1164 1280 spatium
1189 1229 1239 1268 ad
1256 1230 1443 1268 vehicula
1460 1242 1562 1268 com-

121 1302 301 1354 paranda
331 1316 354 1340 a
386 1303 617 1341 consulibus
649 1305 926 1353 sumpsissent,
961 1303 1107 1353 quibus
1138 1315 1277 1350 regum
1310 1306 1564 1352 asportarent

122 1388 197 1422 res,
236 1387 351 1412 omne
396 1375 437 1412 id
476 1379 631 1425 tempus
670 1389 759 1413 cum
792 1375 1011 1413 coniuratis
1042 1373 1306 1413 consultando
1338 1374 1562 1424 absumunt,

123 1447 393 1495 evincuntque
424 1446 624 1493 instando,
654 1451 698 1485 ut
729 1447 874 1485 litterae
907 1447 985 1485 sibi
1011 1446 1062 1484 ad
1080 1445 1325 1496 Tarquinios
1352 1445 1562 1484 darentur:

123 1531 215 1556 nam
246 1518 363 1556 aliter
395 1519 464 1568 qui
489 1518 710 1557 credituros
737 1533 814 1568 eos,
847 1533 927 1557 non
951 1532 1054 1556 vana
1078 1518 1129 1556 ab
1147 1518 1291 1567 legatis
1307 1531 1428 1568 super
1443 1518 1562 1556 rebus
1580 1518 1606 1556 4

125 1590 249 1628 tantis
274 1589 436 1627 afferri?
483 1590 601 1628 Datae
619 1592 777 1640 litterae,
802 1595 849 1628 ut
863 1591 1010 1641 pignus
1026 1589 1122 1628 fidei
1139 1593 1281 1637 essent,
1307 1590 1563 1629 manifestum

125 1663 277 1700 facinus
293 1662 485 1699 fecerunt.
531 1662 634 1701 Nam
662 1677 782 1713 quum
806 1663 948 1714 pridie,
974 1675 1092 1713 quam
1110 1662 1235 1712 legati
1251 1662 1303 1701 ad
1320 1663 1562 1714 Tarquinios
1581 1665 1605 1704 5

123 1733 481 1785 proficiscerentur,
512 1739 695 1774 cenatum
725 1736 828 1773 forte
859 1734 966 1785 apud
984 1734 1174 1773 Vitellios
1200 1739 1316 1782 esset,
1348 1737 1563 1775 coniurati·

123 1819 200 1856 que
231 1806 301 1855 ibi,
333 1807 496 1845 remotis
527 1807 707 1855 arbitris,
737 1808 865 1846 multa
895 1807 1004 1846 inter
1035 1821 1075 1845 se
1107 1807 1157 1845 de
1174 1821 1288 1855 novo,
1317 1811 1362 1845 ut
1385 1808 1442 1855 fit,
1473 1822 1562 1847 con-

121 1878 212 1917 silio
245 1879 430 1928 egissent,
470 1893 691 1918 sermonem
731 1893 866 1918 eorum
907 1892 957 1917 ex
989 1880 1115 1918 servis
1146 1893 1249 1918 unus
1281 1881 1453 1931 excepit,
1492 1882 1563 1932 qui

125 1950 203 1987 iam
235 1953 353 1988 antea
385 1950 427 1988 id
453 1956 633 1990 senserat
659 1951 736 2001 agi,
768 1951 839 1990 sed
863 1965 950 1990 eam
976 1951 1238 1999 occasionem,
1269 1956 1313 1990 ut
1337 1953 1481 1991 litterae
1508 1954 1560 1991 le·
1581 1955 1604 1992 6

124 2021 231 2071 gatis
263 2021 466 2071 darentur,
506 2036 594 2073 quae
632 2023 888 2074 deprehensae
919 2037 1002 2062 rem
1034 2037 1251 2074 coarguere
1281 2029 1457 2075 possent,
1498 2040 1563 2065 ex-

124 2094 342 2144 spectabat.
401 2093 622 2145 Postquam
653 2096 766 2134 datas
809 2096 946 2143 sensit,
993 2109 1075 2133 rem
1107 2096 1158 2134 ad
1190 2097 1372 2135 consules
1403 2098 1564 2137 detulit.

125 2165 317 2203 Consules
363 2165 413 2204 ad
451 2166 808 2217 deprehendendos
846 2168 999 2217 legatos
1041 2168 1353 2219 coniuratosque
1391 2171 1605 2221 profecti7

125 2237 242 2275 domo
274 2238 359 2275 sine
389 2240 565 2277 tumultu
587 2253 671 2278 rem
695 2253 851 2278 omnem
879 2253 1131 2290 oppressere,
1164 2241 1388 2280 litterarum
1415 2244 1456 2281 in
1482 2245 1564 2295 pri-

124 2310 197 2347 mis
228 2310 366 2348 habita
397 2324 503 2357 cura,
534 2325 583 2349 ne
616 2312 913 2351 interciderent.
973 2312 1262 2351 Proditoribus
1294 2316 1497 2366 extemplo
1523 2317 1562 2354 in

124 2381 258 2419 vincla
282 2382 486 2429 coniectis,
509 2383 558 2422 de
585 2384 729 2434 legatis
754 2384 963 2435 paululum
980 2384 1263 2424 addubitatum
1280 2391 1359 2433 est,
1385 2390 1424 2424 et
1439 2401 1564 2437 quan-

126 2465 244 2502 quam
285 2454 363 2492 visi
401 2459 494 2493 sunt
530 2457 786 2506 commisisse,
826 2459 872 2494 ut
901 2456 1076 2494 hostium
1108 2457 1196 2495 loco
1229 2463 1372 2508 essent,
1414 2459 1476 2497 ius
1506 2463 1563 2498 ta-

124 2538 214 2563 men
244 2526 423 2575 gentium
446 2527 585 2565 valuit.
630 2527 695 2566 De
721 2528 837 2566 bonis
864 2528 997 2578 regiis,
1029 2542 1118 2578 quae
1144 2529 1262 2567 reddi
1287 2534 1378 2568 ante
1403 2544 1564 2570 censue-

126 2599 228 2647 rant,
252 2610 315 2635 res
339 2598 500 2648 integra
524 2599 697 2638 refertur
722 2600 772 2638 ad
799 2603 945 2651 patreS.
992 2600 1030 2638 Ii
1053 2601 1151 2639 victi
1176 2601 1236 2639 ira
1258 2606 1421 2641 vetuere
1438 2603 1566 2652 reddi,

125 2671 287 2706 vetuere
320 2669 361 2707 in
392 2670 601 2720 publicum
632 2673 776 2723 redigi.
837 2671 1088 2722 Diripienda
1119 2673 1227 2722 plebi
1257 2677 1350 2711 sunt
1383 2675 1488 2724 data,
1520 2677 1605 2714 ut2

196 2748 300 2776 Livius
320 2758 358 2776 ex
377 2759 435 2778 rec.
455 2753 613 2786 Madvigii.
650 2754 673 2779 1.
1340 2755 1361 2788 5
