<?xml version="1.0" encoding="UTF-8"?>
<!DOCTYPE html PUBLIC "-//W3C//DTD XHTML 1.0 Transitional//EN"
    "http://www.w3.org/TR/xhtml1/DTD/xhtml1-transitional.dtd">
<html xmlns="http://www.w3.org/1999/xhtml" xml:lang="en" lang="en">
 <head>
  <title>
</title>
<meta http-equiv="Content-Type" content="text/html;charset=utf-8" />
  <meta name='ocr-system' content='tesseract 3.04.00' />
  <meta name='ocr-capabilities' content='ocr_page ocr_carea ocr_par ocr_line ocrx_word'/>
</head>
<body>
  <div class='ocr_page' id='page_1' title='image "./historiarumroman01livyuoft_0072.png"; bbox 0 0 1821 2928; ppageno 0'>
   <div class='ocr_carea' id='block_1_1' title="bbox 145 254 203 301">
    <p class='ocr_par' dir='ltr' id='par_1_1' title="bbox 145 254 203 301">
     <span class='ocr_line' id='line_1_1' title="bbox 145 254 203 301; baseline 0.017 -1"><span class='ocrx_word' id='word_1_1' title='bbox 145 254 203 301; x_wconf 88' lang='grc'>45</span> 
     </span>
    </p>
   </div>
   <div class='ocr_carea' id='block_1_2' title="bbox 139 2393 195 2439">
    <p class='ocr_par' dir='ltr' id='par_1_2' title="bbox 139 2393 195 2439">
     <span class='ocr_line' id='line_1_2' title="bbox 139 2393 195 2439; baseline 0 0"><span class='ocrx_word' id='word_1_2' title='bbox 139 2393 195 2439; x_wconf 81' lang='grc'>46</span> 
     </span>
    </p>
   </div>
   <div class='ocr_carea' id='block_1_3' title="bbox 286 128 1083 170">
    <p class='ocr_par' dir='ltr' id='par_1_3' title="bbox 286 128 1083 170">
     <span class='ocr_line' id='line_1_3' title="bbox 286 128 1083 170; baseline -0.01 0"><span class='ocrx_word' id='word_1_3' title='bbox 286 134 337 170; x_wconf 85' lang='grc'>46</span> <span class='ocrx_word' id='word_1_4' title='bbox 915 128 1029 163; x_wconf 88' lang='lat' dir='ltr'>Liber</span> <span class='ocrx_word' id='word_1_5' title='bbox 1053 129 1083 163; x_wconf 91' lang='grc' dir='ltr'>Ι.</span> 
     </span>
    </p>
   </div>
   <div class='ocr_carea' id='block_1_4' title="bbox 235 255 1713 2800">
    <p class='ocr_par' dir='ltr' id='par_1_4' title="bbox 282 255 1712 450">
     <span class='ocr_line' id='line_1_4' title="bbox 399 255 1712 304; baseline 0.001 -10"><span class='ocrx_word' id='word_1_6' title='bbox 399 257 531 294; x_wconf 85' lang='lat' dir='ltr'>Aucta</span> <span class='ocrx_word' id='word_1_7' title='bbox 556 255 718 293; x_wconf 84' lang='lat' dir='ltr'>civitate</span> <span class='ocrx_word' id='word_1_8' title='bbox 745 255 1018 304; x_wconf 76' lang='lat' dir='ltr'><strong>magnitudine</strong></span> <span class='ocrx_word' id='word_1_9' title='bbox 1039 256 1165 301; x_wconf 87' lang='lat' dir='ltr'>urbis,</span> <span class='ocrx_word' id='word_1_10' title='bbox 1198 257 1378 294; x_wconf 87' lang='lat' dir='ltr'>formatis</span> <span class='ocrx_word' id='word_1_11' title='bbox 1404 257 1587 295; x_wconf 89' lang='lat' dir='ltr'>omnibus</span> <span class='ocrx_word' id='word_1_12' title='bbox 1604 257 1712 295; x_wconf 88' lang='lat' dir='ltr'>domi</span> 
     </span>
     <span class='ocr_line' id='line_1_5' title="bbox 284 326 1712 378; baseline 0.001 -13"><span class='ocrx_word' id='word_1_13' title='bbox 284 332 322 365; x_wconf 88' lang='lat' dir='ltr'>et</span> <span class='ocrx_word' id='word_1_14' title='bbox 354 328 401 365; x_wconf 83' lang='lat' dir='ltr'>ad</span> <span class='ocrx_word' id='word_1_15' title='bbox 433 328 529 364; x_wconf 91' lang='lat' dir='ltr'>belli</span> <span class='ocrx_word' id='word_1_16' title='bbox 561 330 599 364; x_wconf 86' lang='lat' dir='ltr'>et</span> <span class='ocrx_word' id='word_1_17' title='bbox 630 326 680 363; x_wconf 77' lang='lat' dir='ltr'>ad</span> <span class='ocrx_word' id='word_1_18' title='bbox 712 327 822 376; x_wconf 83' lang='lat' dir='ltr'>pacis</span> <span class='ocrx_word' id='word_1_19' title='bbox 853 341 959 372; x_wconf 85' lang='lat' dir='ltr'>usus,</span> <span class='ocrx_word' id='word_1_20' title='bbox 992 342 1040 365; x_wconf 90' lang='lat' dir='ltr'>ne</span> <span class='ocrx_word' id='word_1_21' title='bbox 1071 341 1225 378; x_wconf 84' lang='lat' dir='ltr'>semper</span> <span class='ocrx_word' id='word_1_22' title='bbox 1256 329 1376 366; x_wconf 89' lang='lat' dir='ltr'>armis</span> <span class='ocrx_word' id='word_1_23' title='bbox 1408 341 1500 378; x_wconf 86' lang='lat' dir='ltr'>opes</span> <span class='ocrx_word' id='word_1_24' title='bbox 1533 329 1712 378; x_wconf 83' lang='lat' dir='ltr'>acquire-</span> 
     </span>
     <span class='ocr_line' id='line_1_6' title="bbox 282 397 1712 450; baseline 0.001 -14"><span class='ocrx_word' id='word_1_25' title='bbox 282 403 432 438; x_wconf 77' lang='lat' dir='ltr'>rentur,</span> <span class='ocrx_word' id='word_1_26' title='bbox 467 397 632 435; x_wconf 87' lang='lat' dir='ltr'>consilio</span> <span class='ocrx_word' id='word_1_27' title='bbox 657 411 803 446; x_wconf 82' lang='lat' dir='ltr'>augere</span> <span class='ocrx_word' id='word_1_28' title='bbox 829 399 1036 448; x_wconf 90' lang='lat' dir='ltr'>imperium</span> <span class='ocrx_word' id='word_1_29' title='bbox 1063 404 1226 437; x_wconf 86' lang='lat' dir='ltr'>conatus</span> <span class='ocrx_word' id='word_1_30' title='bbox 1253 404 1323 447; x_wconf 84' lang='lat' dir='ltr'>est,</span> <span class='ocrx_word' id='word_1_31' title='bbox 1351 399 1469 436; x_wconf 88' lang='lat' dir='ltr'>simul</span> <span class='ocrx_word' id='word_1_32' title='bbox 1493 403 1531 437; x_wconf 89' lang='lat' dir='ltr'>et</span> <span class='ocrx_word' id='word_1_33' title='bbox 1548 399 1712 450; x_wconf 86' lang='lat' dir='ltr'><strong>aliquod</strong></span> 
     </span>
    </p>

    <p class='ocr_par' dir='ltr' id='par_1_5' title="bbox 239 469 1713 876">
     <span class='ocr_line' id='line_1_7' title="bbox 239 469 1712 521; baseline 0.001 -14"><span class='ocrx_word' id='word_1_34' title='bbox 239 472 262 507; x_wconf 85' lang='lat'>2</span> <span class='ocrx_word' id='word_1_35' title='bbox 282 470 428 507; x_wconf 80' lang='lat' dir='ltr'>addere</span> <span class='ocrx_word' id='word_1_36' title='bbox 476 469 566 506; x_wconf 87' lang='lat' dir='ltr'>urbi</span> <span class='ocrx_word' id='word_1_37' title='bbox 599 469 730 507; x_wconf 89' lang='lat' dir='ltr'>decus.</span> <span class='ocrx_word' id='word_1_38' title='bbox 791 470 876 507; x_wconf 88' lang='lat' dir='ltr'>Iam</span> <span class='ocrx_word' id='word_1_39' title='bbox 908 475 991 507; x_wconf 89' lang='lat' dir='ltr'>tum</span> <span class='ocrx_word' id='word_1_40' title='bbox 1024 474 1109 507; x_wconf 87' lang='lat' dir='ltr'>erat</span> <span class='ocrx_word' id='word_1_41' title='bbox 1140 471 1321 508; x_wconf 90' lang='lat' dir='ltr'>inclitum</span> <span class='ocrx_word' id='word_1_42' title='bbox 1352 469 1498 508; x_wconf 81' lang='lat' dir='ltr'>Dianae</span> <span class='ocrx_word' id='word_1_43' title='bbox 1529 470 1712 521; x_wconf 81' lang='lat' dir='ltr'>Ephesiae</span> 
     </span>
     <span class='ocr_line' id='line_1_8' title="bbox 281 540 1713 590; baseline 0.003 -14"><span class='ocrx_word' id='word_1_44' title='bbox 281 541 436 580; x_wconf 82' lang='lat' dir='ltr'>fanum:</span> <span class='ocrx_word' id='word_1_45' title='bbox 484 540 524 577; x_wconf 88' lang='lat' dir='ltr'>id</span> <span class='ocrx_word' id='word_1_46' title='bbox 579 541 837 579; x_wconf 87' lang='lat' dir='ltr'>communiter</span> <span class='ocrx_word' id='word_1_47' title='bbox 885 555 907 578; x_wconf 91' lang='lat' dir='ltr'>a</span> <span class='ocrx_word' id='word_1_48' title='bbox 952 541 1184 580; x_wconf 87' lang='lat' dir='ltr'>civitatibus</span> <span class='ocrx_word' id='word_1_49' title='bbox 1232 542 1343 579; x_wconf 87' lang='lat' dir='ltr'>Asiae</span> <span class='ocrx_word' id='word_1_50' title='bbox 1387 541 1555 590; x_wconf 83' lang='lat' dir='ltr'>factum,</span> <span class='ocrx_word' id='word_1_51' title='bbox 1609 543 1713 580; x_wconf 76' lang='lat' dir='ltr'>fama</span> 
     </span>
     <span class='ocr_line' id='line_1_9' title="bbox 281 611 1712 663; baseline 0.001 -14"><span class='ocrx_word' id='word_1_52' title='bbox 281 612 442 649; x_wconf 88' lang='lat' dir='ltr'>ferebat.</span> <span class='ocrx_word' id='word_1_53' title='bbox 502 611 603 649; x_wconf 84' lang='lat' dir='ltr'>Eum</span> <span class='ocrx_word' id='word_1_54' title='bbox 651 625 882 650; x_wconf 88' lang='lat' dir='ltr'>consensum</span> <span class='ocrx_word' id='word_1_55' title='bbox 930 613 1101 663; x_wconf 88' lang='lat' dir='ltr'>deosque</span> <span class='ocrx_word' id='word_1_56' title='bbox 1143 613 1388 651; x_wconf 87' lang='lat' dir='ltr'>consociatos</span> <span class='ocrx_word' id='word_1_57' title='bbox 1419 612 1583 651; x_wconf 86' lang='lat' dir='ltr'>laudare</span> <span class='ocrx_word' id='word_1_58' title='bbox 1613 613 1712 651; x_wconf 88' lang='lat' dir='ltr'>mire</span> 
     </span>
     <span class='ocr_line' id='line_1_10' title="bbox 280 682 1713 735; baseline 0.001 -15"><span class='ocrx_word' id='word_1_59' title='bbox 280 682 444 721; x_wconf 86' lang='lat' dir='ltr'>Servius</span> <span class='ocrx_word' id='word_1_60' title='bbox 476 684 579 720; x_wconf 89' lang='lat' dir='ltr'>inter</span> <span class='ocrx_word' id='word_1_61' title='bbox 609 697 791 732; x_wconf 85' lang='lat' dir='ltr'>proceres</span> <span class='ocrx_word' id='word_1_62' title='bbox 822 684 1071 731; x_wconf 82' lang='lat' dir='ltr'>Latinorum,</span> <span class='ocrx_word' id='word_1_63' title='bbox 1102 698 1189 723; x_wconf 88' lang='lat' dir='ltr'>cum</span> <span class='ocrx_word' id='word_1_64' title='bbox 1221 685 1367 735; x_wconf 88' lang='lat' dir='ltr'>quibus</span> <span class='ocrx_word' id='word_1_65' title='bbox 1397 685 1559 734; x_wconf 88' lang='lat' dir='ltr'>publice</span> <span class='ocrx_word' id='word_1_66' title='bbox 1575 685 1713 734; x_wconf 82' lang='lat' dir='ltr'>priva-</span> 
     </span>
     <span class='ocr_line' id='line_1_11' title="bbox 282 755 1710 805; baseline 0.001 -14"><span class='ocrx_word' id='word_1_67' title='bbox 282 755 433 804; x_wconf 82' lang='lat' dir='ltr'>timque</span> <span class='ocrx_word' id='word_1_68' title='bbox 477 755 649 803; x_wconf 80' lang='lat' dir='ltr'>hospitia</span> <span class='ocrx_word' id='word_1_69' title='bbox 695 756 971 805; x_wconf 83' lang='lat' dir='ltr'>amicitiasque</span> <span class='ocrx_word' id='word_1_70' title='bbox 1019 756 1067 793; x_wconf 89' lang='lat' dir='ltr'>de</span> <span class='ocrx_word' id='word_1_71' title='bbox 1109 756 1306 794; x_wconf 85' lang='lat' dir='ltr'>industria</span> <span class='ocrx_word' id='word_1_72' title='bbox 1338 757 1534 794; x_wconf 85' lang='lat' dir='ltr'>iunxerat.</span> <span class='ocrx_word' id='word_1_73' title='bbox 1596 755 1710 805; x_wconf 85' lang='lat' dir='ltr'>Saepe</span> 
     </span>
     <span class='ocr_line' id='line_1_12' title="bbox 284 826 1711 876; baseline 0.001 -14"><span class='ocrx_word' id='word_1_74' title='bbox 284 826 462 864; x_wconf 85' lang='lat' dir='ltr'>iterando</span> <span class='ocrx_word' id='word_1_75' title='bbox 509 826 646 863; x_wconf 88' lang='lat' dir='ltr'>eadem</span> <span class='ocrx_word' id='word_1_76' title='bbox 690 827 867 876; x_wconf 77' lang='lat' dir='ltr'>perpulit</span> <span class='ocrx_word' id='word_1_77' title='bbox 911 828 1082 873; x_wconf 86' lang='lat' dir='ltr'>tandem,</span> <span class='ocrx_word' id='word_1_78' title='bbox 1127 831 1172 864; x_wconf 92' lang='lat' dir='ltr'>ut</span> <span class='ocrx_word' id='word_1_79' title='bbox 1217 828 1354 865; x_wconf 86' lang='lat' dir='ltr'>Romae</span> <span class='ocrx_word' id='word_1_80' title='bbox 1399 827 1535 865; x_wconf 87' lang='lat' dir='ltr'>fanum</span> <span class='ocrx_word' id='word_1_81' title='bbox 1565 826 1711 864; x_wconf 81' lang='lat' dir='ltr'>Dianae</span> 
     </span>
    </p>

    <p class='ocr_par' dir='ltr' id='par_1_6' title="bbox 241 897 1710 1234">
     <span class='ocr_line' id='line_1_13' title="bbox 241 897 1709 948; baseline 0.001 -14"><span class='ocrx_word' id='word_1_82' title='bbox 241 897 422 947; x_wconf 76' lang='lat' dir='ltr'>3p0pu‘li</span> <span class='ocrx_word' id='word_1_83' title='bbox 452 897 589 934; x_wconf 89' lang='lat' dir='ltr'>Latini</span> <span class='ocrx_word' id='word_1_84' title='bbox 635 910 722 934; x_wconf 88' lang='lat' dir='ltr'>cum</span> <span class='ocrx_word' id='word_1_85' title='bbox 768 899 915 948; x_wconf 90' lang='lat' dir='ltr'>populo</span> <span class='ocrx_word' id='word_1_86' title='bbox 946 898 1126 936; x_wconf 85' lang='lat' dir='ltr'>Romano</span> <span class='ocrx_word' id='word_1_87' title='bbox 1166 899 1352 936; x_wconf 88' lang='lat' dir='ltr'>facerent.</span> <span class='ocrx_word' id='word_1_88' title='bbox 1413 898 1473 935; x_wconf 85' lang='lat' dir='ltr'>Ea</span> <span class='ocrx_word' id='word_1_89' title='bbox 1503 901 1590 935; x_wconf 86' lang='lat' dir='ltr'>erat</span> <span class='ocrx_word' id='word_1_90' title='bbox 1619 911 1709 936; x_wconf 88' lang='lat' dir='ltr'>con-</span> 
     </span>
     <span class='ocr_line' id='line_1_14' title="bbox 279 969 1710 1020; baseline 0.001 -14"><span class='ocrx_word' id='word_1_91' title='bbox 279 970 408 1016; x_wconf 85' lang='lat' dir='ltr'>fessio,</span> <span class='ocrx_word' id='word_1_92' title='bbox 440 972 559 1018; x_wconf 87' lang='lat' dir='ltr'>caput</span> <span class='ocrx_word' id='word_1_93' title='bbox 581 981 713 1006; x_wconf 87' lang='lat' dir='ltr'>rerum</span> <span class='ocrx_word' id='word_1_94' title='bbox 731 969 899 1007; x_wconf 86' lang='lat' dir='ltr'>Romam</span> <span class='ocrx_word' id='word_1_95' title='bbox 927 983 1025 1018; x_wconf 75' lang='lat' dir='ltr'>esse,</span> <span class='ocrx_word' id='word_1_96' title='bbox 1057 970 1105 1007; x_wconf 91' lang='lat' dir='ltr'>de</span> <span class='ocrx_word' id='word_1_97' title='bbox 1131 984 1209 1020; x_wconf 92' lang='lat' dir='ltr'>quo</span> <span class='ocrx_word' id='word_1_98' title='bbox 1235 970 1356 1008; x_wconf 87' lang='lat' dir='ltr'>toties</span> <span class='ocrx_word' id='word_1_99' title='bbox 1382 970 1500 1007; x_wconf 89' lang='lat' dir='ltr'>armis</span> <span class='ocrx_word' id='word_1_100' title='bbox 1517 972 1710 1007; x_wconf 82' lang='lat' dir='ltr'>certatum</span> 
     </span>
     <span class='ocr_line' id='line_1_15' title="bbox 279 1040 1709 1090; baseline 0 -12"><span class='ocrx_word' id='word_1_101' title='bbox 279 1041 420 1079; x_wconf 83' lang='lat' dir='ltr'>fuerat.</span> <span class='ocrx_word' id='word_1_102' title='bbox 482 1040 531 1076; x_wconf 87' lang='lat' dir='ltr'>Id</span> <span class='ocrx_word' id='word_1_103' title='bbox 577 1054 802 1090; x_wconf 84' lang='lat' dir='ltr'>quanquam</span> <span class='ocrx_word' id='word_1_104' title='bbox 848 1041 1032 1078; x_wconf 91' lang='lat' dir='ltr'>omissum</span> <span class='ocrx_word' id='word_1_105' title='bbox 1077 1042 1154 1079; x_wconf 90' lang='lat' dir='ltr'>iam</span> <span class='ocrx_word' id='word_1_106' title='bbox 1186 1055 1234 1079; x_wconf 84' lang='lat' dir='ltr'>ex</span> <span class='ocrx_word' id='word_1_107' title='bbox 1267 1042 1442 1079; x_wconf 90' lang='lat' dir='ltr'>omnium</span> <span class='ocrx_word' id='word_1_108' title='bbox 1474 1054 1570 1079; x_wconf 87' lang='lat' dir='ltr'>cura</span> <span class='ocrx_word' id='word_1_109' title='bbox 1600 1041 1709 1079; x_wconf 77' lang='lat' dir='ltr'>Lati-</span> 
     </span>
     <span class='ocr_line' id='line_1_16' title="bbox 279 1111 1708 1162; baseline 0.001 -13"><span class='ocrx_word' id='word_1_110' title='bbox 279 1125 419 1149; x_wconf 89' lang='lat' dir='ltr'>norum</span> <span class='ocrx_word' id='word_1_111' title='bbox 465 1111 515 1148; x_wconf 91' lang='lat' dir='ltr'>ob</span> <span class='ocrx_word' id='word_1_112' title='bbox 562 1125 644 1149; x_wconf 87' lang='lat' dir='ltr'>rem</span> <span class='ocrx_word' id='word_1_113' title='bbox 689 1112 807 1149; x_wconf 88' lang='lat' dir='ltr'>toties</span> <span class='ocrx_word' id='word_1_114' title='bbox 854 1112 1072 1150; x_wconf 83' lang='lat' dir='ltr'>infeliciter</span> <span class='ocrx_word' id='word_1_115' title='bbox 1102 1116 1298 1151; x_wconf 73' lang='lat' dir='ltr'>tentatam</span> <span class='ocrx_word' id='word_1_116' title='bbox 1330 1113 1450 1150; x_wconf 88' lang='lat' dir='ltr'>armis</span> <span class='ocrx_word' id='word_1_117' title='bbox 1480 1112 1708 1162; x_wconf 74' lang='lat' dir='ltr'>videbatur,</span> 
     </span>
     <span class='ocr_line' id='line_1_17' title="bbox 278 1182 1708 1234; baseline 0.001 -15"><span class='ocrx_word' id='word_1_118' title='bbox 278 1184 348 1220; x_wconf 89' lang='lat' dir='ltr'>uni</span> <span class='ocrx_word' id='word_1_119' title='bbox 380 1197 420 1220; x_wconf 92' lang='lat' dir='ltr'>se</span> <span class='ocrx_word' id='word_1_120' title='bbox 452 1197 499 1220; x_wconf 85' lang='lat' dir='ltr'>ex</span> <span class='ocrx_word' id='word_1_121' title='bbox 527 1182 686 1220; x_wconf 85' lang='lat' dir='ltr'>Sabinis</span> <span class='ocrx_word' id='word_1_122' title='bbox 717 1183 797 1220; x_wconf 91' lang='lat' dir='ltr'>fors</span> <span class='ocrx_word' id='word_1_123' title='bbox 831 1185 924 1221; x_wconf 86' lang='lat' dir='ltr'>dare</span> <span class='ocrx_word' id='word_1_124' title='bbox 956 1185 1041 1221; x_wconf 84' lang='lat' dir='ltr'>visa</span> <span class='ocrx_word' id='word_1_125' title='bbox 1072 1188 1130 1222; x_wconf 88' lang='lat' dir='ltr'>est</span> <span class='ocrx_word' id='word_1_126' title='bbox 1160 1185 1316 1234; x_wconf 85' lang='lat' dir='ltr'>privato</span> <span class='ocrx_word' id='word_1_127' title='bbox 1349 1184 1516 1222; x_wconf 86' lang='lat' dir='ltr'>consilio</span> <span class='ocrx_word' id='word_1_128' title='bbox 1549 1183 1708 1234; x_wconf 81' lang='lat' dir='ltr'>imperii</span> 
     </span>
    </p>

    <p class='ocr_par' dir='ltr' id='par_1_7' title="bbox 235 1254 1710 1448">
     <span class='ocr_line' id='line_1_18' title="bbox 235 1254 1710 1306; baseline 0 -14"><span class='ocrx_word' id='word_1_129' title='bbox 235 1256 260 1292; x_wconf 87' lang='lat'>4</span> <span class='ocrx_word' id='word_1_130' title='bbox 278 1254 551 1304; x_wconf 79' lang='lat' dir='ltr'>recuperandi.</span> <span class='ocrx_word' id='word_1_131' title='bbox 595 1255 676 1292; x_wconf 86' lang='lat' dir='ltr'>Bos</span> <span class='ocrx_word' id='word_1_132' title='bbox 708 1255 746 1291; x_wconf 91' lang='lat' dir='ltr'>in</span> <span class='ocrx_word' id='word_1_133' title='bbox 765 1254 926 1292; x_wconf 83' lang='lat' dir='ltr'>Sabinis</span> <span class='ocrx_word' id='word_1_134' title='bbox 953 1259 1045 1293; x_wconf 87' lang='lat' dir='ltr'>nata</span> <span class='ocrx_word' id='word_1_135' title='bbox 1071 1256 1229 1293; x_wconf 87' lang='lat' dir='ltr'>cuidam</span> <span class='ocrx_word' id='word_1_136' title='bbox 1255 1256 1362 1306; x_wconf 89' lang='lat' dir='ltr'>patri</span> <span class='ocrx_word' id='word_1_137' title='bbox 1377 1255 1540 1293; x_wconf 83' lang='lat' dir='ltr'>familiae</span> <span class='ocrx_word' id='word_1_138' title='bbox 1560 1255 1710 1293; x_wconf 87' lang='lat' dir='ltr'>dicitur</span> 
     </span>
     <span class='ocr_line' id='line_1_19' title="bbox 277 1325 1710 1377; baseline 0 -13"><span class='ocrx_word' id='word_1_139' title='bbox 277 1325 462 1364; x_wconf 86' lang='lat' dir='ltr'>miranda</span> <span class='ocrx_word' id='word_1_140' title='bbox 487 1326 764 1375; x_wconf 81' lang='lat' dir='ltr'>magnitudine</span> <span class='ocrx_word' id='word_1_141' title='bbox 790 1340 834 1363; x_wconf 91' lang='lat' dir='ltr'>ac</span> <span class='ocrx_word' id='word_1_142' title='bbox 852 1327 1002 1376; x_wconf 74' lang='lat' dir='ltr'>specie3</span> <span class='ocrx_word' id='word_1_143' title='bbox 1034 1327 1114 1365; x_wconf 83' lang='lat' dir='ltr'>fixa</span> <span class='ocrx_word' id='word_1_144' title='bbox 1140 1341 1210 1377; x_wconf 90' lang='lat' dir='ltr'>per</span> <span class='ocrx_word' id='word_1_145' title='bbox 1237 1327 1383 1364; x_wconf 87' lang='lat' dir='ltr'>multas</span> <span class='ocrx_word' id='word_1_146' title='bbox 1409 1331 1544 1365; x_wconf 85' lang='lat' dir='ltr'>aetates</span> <span class='ocrx_word' id='word_1_147' title='bbox 1561 1339 1710 1364; x_wconf 83' lang='lat' dir='ltr'>cornua</span> 
     </span>
     <span class='ocr_line' id='line_1_20' title="bbox 278 1398 1708 1448; baseline 0.001 -13"><span class='ocrx_word' id='word_1_148' title='bbox 278 1399 318 1435; x_wconf 91' lang='lat' dir='ltr'>in</span> <span class='ocrx_word' id='word_1_149' title='bbox 363 1398 559 1435; x_wconf 87' lang='lat' dir='ltr'>vestibulo</span> <span class='ocrx_word' id='word_1_150' title='bbox 605 1398 744 1448; x_wconf 88' lang='lat' dir='ltr'>templi</span> <span class='ocrx_word' id='word_1_151' title='bbox 776 1398 919 1435; x_wconf 87' lang='lat' dir='ltr'>Dianae</span> <span class='ocrx_word' id='word_1_152' title='bbox 966 1402 1263 1436; x_wconf 82' lang='lat' dir='ltr'>monumentum</span> <span class='ocrx_word' id='word_1_153' title='bbox 1294 1399 1331 1435; x_wconf 91' lang='lat' dir='ltr'>ei</span> <span class='ocrx_word' id='word_1_154' title='bbox 1361 1399 1472 1436; x_wconf 87' lang='lat' dir='ltr'>fuere</span> <span class='ocrx_word' id='word_1_155' title='bbox 1503 1398 1708 1436; x_wconf 82' lang='lat' dir='ltr'>miraculo.</span> 
     </span>
    </p>

    <p class='ocr_par' dir='ltr' id='par_1_8' title="bbox 235 1469 1708 1592">
     <span class='ocr_line' id='line_1_21' title="bbox 235 1469 1707 1519; baseline -0.001 -11"><span class='ocrx_word' id='word_1_156' title='bbox 235 1470 258 1508; x_wconf 88' lang='lat'>5</span> <span class='ocrx_word' id='word_1_157' title='bbox 276 1469 439 1516; x_wconf 85' lang='lat' dir='ltr'>Habita,</span> <span class='ocrx_word' id='word_1_158' title='bbox 470 1473 515 1506; x_wconf 89' lang='lat' dir='ltr'>ut</span> <span class='ocrx_word' id='word_1_159' title='bbox 546 1472 643 1515; x_wconf 89' lang='lat' dir='ltr'>erat,</span> <span class='ocrx_word' id='word_1_160' title='bbox 673 1482 735 1506; x_wconf 89' lang='lat' dir='ltr'>res</span> <span class='ocrx_word' id='word_1_161' title='bbox 761 1469 940 1519; x_wconf 84' lang='lat' dir='ltr'>prodigii</span> <span class='ocrx_word' id='word_1_162' title='bbox 965 1470 1052 1507; x_wconf 82' lang='lat'>1000</span> <span class='ocrx_word' id='word_1_163' title='bbox 1080 1474 1149 1516; x_wconf 86' lang='lat' dir='ltr'>est,</span> <span class='ocrx_word' id='word_1_164' title='bbox 1181 1473 1219 1508; x_wconf 86' lang='lat' dir='ltr'>et</span> <span class='ocrx_word' id='word_1_165' title='bbox 1244 1470 1424 1507; x_wconf 84' lang='lat' dir='ltr'>cecinere</span> <span class='ocrx_word' id='word_1_166' title='bbox 1440 1471 1561 1516; x_wconf 85' lang='lat' dir='ltr'>vates,</span> <span class='ocrx_word' id='word_1_167' title='bbox 1595 1469 1707 1507; x_wconf 82' lang='lat' dir='ltr'>cuius</span> 
     </span>
     <span class='ocr_line' id='line_1_22' title="bbox 276 1540 1708 1592; baseline -0.001 -14"><span class='ocrx_word' id='word_1_168' title='bbox 276 1541 453 1578; x_wconf 84' lang='lat' dir='ltr'>civitatis</span> <span class='ocrx_word' id='word_1_169' title='bbox 499 1553 583 1578; x_wconf 90' lang='lat' dir='ltr'>eam</span> <span class='ocrx_word' id='word_1_170' title='bbox 629 1540 728 1578; x_wconf 90' lang='lat' dir='ltr'>civis</span> <span class='ocrx_word' id='word_1_171' title='bbox 760 1541 903 1578; x_wconf 88' lang='lat' dir='ltr'>Dianae</span> <span class='ocrx_word' id='word_1_172' title='bbox 950 1542 1205 1592; x_wconf 80' lang='lat' dir='ltr'>immolasset,</span> <span class='ocrx_word' id='word_1_173' title='bbox 1254 1541 1312 1578; x_wconf 89' lang='lat' dir='ltr'>ibi</span> <span class='ocrx_word' id='word_1_174' title='bbox 1356 1541 1441 1578; x_wconf 86' lang='lat' dir='ltr'>fore</span> <span class='ocrx_word' id='word_1_175' title='bbox 1474 1541 1708 1590; x_wconf 88' lang='lat' dir='ltr'>imperium;</span> 
     </span>
    </p>

    <p class='ocr_par' dir='ltr' id='par_1_9' title="bbox 237 1610 1709 2090">
     <span class='ocr_line' id='line_1_23' title="bbox 237 1610 1707 1662; baseline 0.001 -14"><span class='ocrx_word' id='word_1_176' title='bbox 237 1612 259 1649; x_wconf 87' lang='lat'>6</span> <span class='ocrx_word' id='word_1_177' title='bbox 279 1612 400 1662; x_wconf 89' lang='lat' dir='ltr'>idque</span> <span class='ocrx_word' id='word_1_178' title='bbox 431 1625 586 1649; x_wconf 88' lang='lat' dir='ltr'>carmen</span> <span class='ocrx_word' id='word_1_179' title='bbox 617 1616 852 1661; x_wconf 87' lang='lat' dir='ltr'>pervenerat</span> <span class='ocrx_word' id='word_1_180' title='bbox 883 1613 933 1649; x_wconf 91' lang='lat' dir='ltr'>ad</span> <span class='ocrx_word' id='word_1_181' title='bbox 964 1613 1186 1650; x_wconf 82' lang='lat' dir='ltr'>antistitem</span> <span class='ocrx_word' id='word_1_182' title='bbox 1209 1613 1292 1650; x_wconf 90' lang='lat' dir='ltr'>fani</span> <span class='ocrx_word' id='word_1_183' title='bbox 1317 1612 1475 1652; x_wconf 82' lang='lat' dir='ltr'>Dianae.</span> <span class='ocrx_word' id='word_1_184' title='bbox 1522 1610 1707 1659; x_wconf 82' lang='lat' dir='ltr'>Sabinus,</span> 
     </span>
     <span class='ocr_line' id='line_1_24' title="bbox 275 1683 1707 1733; baseline 0 -13"><span class='ocrx_word' id='word_1_185' title='bbox 275 1688 320 1721; x_wconf 89' lang='lat' dir='ltr'>ut</span> <span class='ocrx_word' id='word_1_186' title='bbox 349 1684 479 1733; x_wconf 88' lang='lat' dir='ltr'>prima</span> <span class='ocrx_word' id='word_1_187' title='bbox 510 1686 605 1732; x_wconf 88' lang='lat' dir='ltr'>apta</span> <span class='ocrx_word' id='word_1_188' title='bbox 636 1683 720 1720; x_wconf 89' lang='lat' dir='ltr'>dies</span> <span class='ocrx_word' id='word_1_189' title='bbox 752 1683 948 1721; x_wconf 90' lang='lat' dir='ltr'>sacrificio</span> <span class='ocrx_word' id='word_1_190' title='bbox 980 1684 1066 1722; x_wconf 88' lang='lat' dir='ltr'>visa</span> <span class='ocrx_word' id='word_1_191' title='bbox 1098 1688 1168 1731; x_wconf 87' lang='lat' dir='ltr'>est,</span> <span class='ocrx_word' id='word_1_192' title='bbox 1207 1684 1348 1721; x_wconf 89' lang='lat' dir='ltr'>bovem</span> <span class='ocrx_word' id='word_1_193' title='bbox 1379 1683 1547 1720; x_wconf 83' lang='lat' dir='ltr'>Romam</span> <span class='ocrx_word' id='word_1_194' title='bbox 1579 1687 1707 1720; x_wconf 83' lang='lat' dir='ltr'>actam</span> 
     </span>
     <span class='ocr_line' id='line_1_25' title="bbox 275 1753 1709 1794; baseline 0.001 -3"><span class='ocrx_word' id='word_1_195' title='bbox 275 1754 440 1792; x_wconf 90' lang='lat' dir='ltr'>deducit</span> <span class='ocrx_word' id='word_1_196' title='bbox 478 1754 528 1792; x_wconf 88' lang='lat' dir='ltr'>ad</span> <span class='ocrx_word' id='word_1_197' title='bbox 559 1754 691 1791; x_wconf 90' lang='lat' dir='ltr'>fanum</span> <span class='ocrx_word' id='word_1_198' title='bbox 722 1754 867 1792; x_wconf 82' lang='lat' dir='ltr'>Dianae</span> <span class='ocrx_word' id='word_1_199' title='bbox 898 1759 937 1792; x_wconf 91' lang='lat' dir='ltr'>et</span> <span class='ocrx_word' id='word_1_200' title='bbox 967 1759 1058 1792; x_wconf 87' lang='lat' dir='ltr'>ante</span> <span class='ocrx_word' id='word_1_201' title='bbox 1090 1769 1200 1794; x_wconf 91' lang='lat' dir='ltr'>aram</span> <span class='ocrx_word' id='word_1_202' title='bbox 1232 1755 1384 1792; x_wconf 86' lang='lat' dir='ltr'>statuit.</span> <span class='ocrx_word' id='word_1_203' title='bbox 1443 1753 1510 1790; x_wconf 83' lang='lat' dir='ltr'>Ibi</span> <span class='ocrx_word' id='word_1_204' title='bbox 1541 1754 1709 1792; x_wconf 76' lang='lat' dir='ltr'>antistes</span> 
     </span>
     <span class='ocr_line' id='line_1_26' title="bbox 275 1825 1708 1875; baseline -0.001 -11"><span class='ocrx_word' id='word_1_205' title='bbox 275 1826 491 1875; x_wconf 84' lang='lat' dir='ltr'>Romanus,</span> <span class='ocrx_word' id='word_1_206' title='bbox 524 1839 643 1875; x_wconf 91' lang='lat' dir='ltr'>quum</span> <span class='ocrx_word' id='word_1_207' title='bbox 676 1840 761 1863; x_wconf 84' lang='lat' dir='ltr'>eum</span> <span class='ocrx_word' id='word_1_208' title='bbox 794 1825 1026 1875; x_wconf 83' lang='lat' dir='ltr'>magnitudo</span> <span class='ocrx_word' id='word_1_209' title='bbox 1058 1827 1228 1864; x_wconf 88' lang='lat' dir='ltr'>victimae</span> <span class='ocrx_word' id='word_1_210' title='bbox 1260 1825 1458 1863; x_wconf 85' lang='lat' dir='ltr'>celebrata</span> <span class='ocrx_word' id='word_1_211' title='bbox 1488 1825 1591 1863; x_wconf 88' lang='lat' dir='ltr'>fama</span> <span class='ocrx_word' id='word_1_212' title='bbox 1622 1838 1708 1863; x_wconf 91' lang='lat' dir='ltr'>mo-</span> 
     </span>
     <span class='ocr_line' id='line_1_27' title="bbox 275 1896 1705 1947; baseline -0.001 -13"><span class='ocrx_word' id='word_1_213' title='bbox 275 1899 408 1945; x_wconf 77' lang='lat' dir='ltr'>visset,</span> <span class='ocrx_word' id='word_1_214' title='bbox 441 1911 588 1935; x_wconf 86' lang='lat' dir='ltr'>memor</span> <span class='ocrx_word' id='word_1_215' title='bbox 618 1899 799 1947; x_wconf 86' lang='lat' dir='ltr'>responsi</span> <span class='ocrx_word' id='word_1_216' title='bbox 818 1898 1008 1936; x_wconf 82' lang='lat' dir='ltr'>Sabinum</span> <span class='ocrx_word' id='word_1_217' title='bbox 1042 1899 1097 1935; x_wconf 87' lang='lat' dir='ltr'>ita</span> <span class='ocrx_word' id='word_1_218' title='bbox 1128 1898 1364 1947; x_wconf 88' lang='lat' dir='ltr'>alloquitur:</span> <span class='ocrx_word' id='word_1_219' title='bbox 1400 1896 1626 1946; x_wconf 75' lang='lat' dir='ltr'>„Quidnam</span> <span class='ocrx_word' id='word_1_220' title='bbox 1649 1900 1705 1943; x_wconf 85' lang='lat' dir='ltr'>tu,</span> 
     </span>
     <span class='ocr_line' id='line_1_28' title="bbox 275 1966 1704 2020; baseline -0.001 -14"><span class='ocrx_word' id='word_1_221' title='bbox 275 1970 428 2018; x_wconf 83' lang='lat' dir='ltr'>hospes,</span> <span class='ocrx_word' id='word_1_222' title='bbox 476 1982 594 2018; x_wconf 87' lang='lat' dir='ltr'>paras</span> <span class='ocrx_word' id='word_1_223' title='bbox 608 1968 649 2005; x_wconf 69' lang='lat'>‘?⁴‘</span> <span class='ocrx_word' id='word_1_224' title='bbox 701 1970 843 2020; x_wconf 77' lang='lat' dir='ltr'>inquit,</span> <span class='ocrx_word' id='word_1_225' title='bbox 895 1970 1067 2015; x_wconf 71' lang='lat' dir='ltr'>„inceste</span> <span class='ocrx_word' id='word_1_226' title='bbox 1099 1969 1336 2007; x_wconf 88' lang='lat' dir='ltr'>sacrificium</span> <span class='ocrx_word' id='word_1_227' title='bbox 1367 1967 1513 2005; x_wconf 82' lang='lat' dir='ltr'>Dianae</span> <span class='ocrx_word' id='word_1_228' title='bbox 1543 1966 1704 2005; x_wconf 78' lang='lat' dir='ltr'>facere?</span> 
     </span>
     <span class='ocr_line' id='line_1_29' title="bbox 277 2038 1706 2090; baseline -0.001 -14"><span class='ocrx_word' id='word_1_229' title='bbox 277 2040 383 2087; x_wconf 76' lang='lat' dir='ltr'>Quin</span> <span class='ocrx_word' id='word_1_230' title='bbox 413 2044 457 2077; x_wconf 89' lang='lat' dir='ltr'>tu</span> <span class='ocrx_word' id='word_1_231' title='bbox 489 2045 578 2078; x_wconf 89' lang='lat' dir='ltr'>ante</span> <span class='ocrx_word' id='word_1_232' title='bbox 608 2041 699 2078; x_wconf 87' lang='lat' dir='ltr'>vivo</span> <span class='ocrx_word' id='word_1_233' title='bbox 730 2040 982 2090; x_wconf 89' lang='lat' dir='ltr'>perfunderis</span> <span class='ocrx_word' id='word_1_234' title='bbox 1012 2040 1204 2078; x_wconf 72' lang='lat' dir='ltr'>flumine?</span> <span class='ocrx_word' id='word_1_235' title='bbox 1236 2040 1370 2077; x_wconf 89' lang='lat' dir='ltr'>infima</span> <span class='ocrx_word' id='word_1_236' title='bbox 1399 2039 1505 2076; x_wconf 83' lang='lat' dir='ltr'>valle</span> <span class='ocrx_word' id='word_1_237' title='bbox 1521 2038 1706 2088; x_wconf 31' lang='lat' dir='ltr'>&#39;praefluit</span> 
     </span>
    </p>

    <p class='ocr_par' dir='ltr' id='par_1_10' title="bbox 235 2110 1705 2374">
     <span class='ocr_line' id='line_1_30' title="bbox 235 2110 1705 2162; baseline -0.001 -15"><span class='ocrx_word' id='word_1_238' title='bbox 235 2111 471 2149; x_wconf 53' lang='lat' dir='ltr'>7Tiberisq⁴</span> <span class='ocrx_word' id='word_1_239' title='bbox 535 2111 745 2160; x_wconf 84' lang='lat' dir='ltr'>Religione</span> <span class='ocrx_word' id='word_1_240' title='bbox 790 2116 920 2149; x_wconf 86' lang='lat' dir='ltr'>tactus</span> <span class='ocrx_word' id='word_1_241' title='bbox 952 2113 1106 2162; x_wconf 79' lang='lat' dir='ltr'>hospes,</span> <span class='ocrx_word' id='word_1_242' title='bbox 1155 2113 1224 2161; x_wconf 90' lang='lat' dir='ltr'>qui</span> <span class='ocrx_word' id='word_1_243' title='bbox 1256 2111 1398 2157; x_wconf 83' lang='lat' dir='ltr'>omnia,</span> <span class='ocrx_word' id='word_1_244' title='bbox 1444 2114 1489 2147; x_wconf 90' lang='lat' dir='ltr'>ut</span> <span class='ocrx_word' id='word_1_245' title='bbox 1519 2110 1705 2159; x_wconf 83' lang='lat' dir='ltr'>prodigio</span> 
     </span>
     <span class='ocr_line' id='line_1_31' title="bbox 275 2180 1704 2233; baseline -0.002 -13"><span class='ocrx_word' id='word_1_246' title='bbox 275 2183 536 2232; x_wconf 87' lang='lat' dir='ltr'>responderet</span> <span class='ocrx_word' id='word_1_247' title='bbox 580 2187 755 2230; x_wconf 86' lang='lat' dir='ltr'>eventus,</span> <span class='ocrx_word' id='word_1_248' title='bbox 801 2187 964 2233; x_wconf 87' lang='lat' dir='ltr'>cuperet</span> <span class='ocrx_word' id='word_1_249' title='bbox 994 2184 1070 2220; x_wconf 87' lang='lat' dir='ltr'>rite</span> <span class='ocrx_word' id='word_1_250' title='bbox 1102 2184 1219 2232; x_wconf 73' lang='lat' dir='ltr'>facta,</span> <span class='ocrx_word' id='word_1_251' title='bbox 1268 2182 1468 2232; x_wconf 84' lang='lat' dir='ltr'>extemplo</span> <span class='ocrx_word' id='word_1_252' title='bbox 1499 2180 1704 2218; x_wconf 86' lang='lat' dir='ltr'>descendit</span> 
     </span>
     <span class='ocr_line' id='line_1_32' title="bbox 276 2252 1704 2300; baseline -0.001 -10"><span class='ocrx_word' id='word_1_253' title='bbox 276 2254 325 2290; x_wconf 91' lang='lat' dir='ltr'>ad</span> <span class='ocrx_word' id='word_1_254' title='bbox 342 2253 536 2300; x_wconf 83' lang='lat' dir='ltr'>Tiberim3</span> <span class='ocrx_word' id='word_1_255' title='bbox 570 2255 720 2292; x_wconf 85' lang='lat' dir='ltr'>interea</span> <span class='ocrx_word' id='word_1_256' title='bbox 737 2254 941 2292; x_wconf 86' lang='lat' dir='ltr'>Romanus</span> <span class='ocrx_word' id='word_1_257' title='bbox 966 2255 1147 2292; x_wconf 88' lang='lat' dir='ltr'>immolat</span> <span class='ocrx_word' id='word_1_258' title='bbox 1166 2254 1312 2291; x_wconf 88' lang='lat' dir='ltr'>Dianae</span> <span class='ocrx_word' id='word_1_259' title='bbox 1339 2255 1491 2292; x_wconf 85' lang='lat' dir='ltr'>bovem.</span> <span class='ocrx_word' id='word_1_260' title='bbox 1539 2252 1588 2289; x_wconf 86' lang='lat' dir='ltr'>Id</span> <span class='ocrx_word' id='word_1_261' title='bbox 1605 2252 1704 2289; x_wconf 87' lang='lat' dir='ltr'>mire</span> 
     </span>
     <span class='ocr_line' id='line_1_33' title="bbox 275 2326 1008 2374; baseline 0.001 -13"><span class='ocrx_word' id='word_1_262' title='bbox 275 2329 430 2374; x_wconf 86' lang='lat' dir='ltr'>gratum</span> <span class='ocrx_word' id='word_1_263' title='bbox 463 2326 549 2373; x_wconf 86' lang='lat' dir='ltr'>regi</span> <span class='ocrx_word' id='word_1_264' title='bbox 582 2329 701 2374; x_wconf 88' lang='lat' dir='ltr'>atque</span> <span class='ocrx_word' id='word_1_265' title='bbox 733 2326 889 2362; x_wconf 84' lang='lat' dir='ltr'>civitati</span> <span class='ocrx_word' id='word_1_266' title='bbox 922 2326 1008 2362; x_wconf 89' lang='lat' dir='ltr'>fuit.</span> 
     </span>
    </p>

    <p class='ocr_par' dir='ltr' id='par_1_11' title="bbox 274 2395 1704 2729">
     <span class='ocr_line' id='line_1_34' title="bbox 391 2395 1704 2445; baseline -0.001 -13"><span class='ocrx_word' id='word_1_267' title='bbox 391 2395 552 2432; x_wconf 83' lang='lat' dir='ltr'>Servius</span> <span class='ocrx_word' id='word_1_268' title='bbox 598 2409 825 2445; x_wconf 86' lang='lat' dir='ltr'>quanquam</span> <span class='ocrx_word' id='word_1_269' title='bbox 871 2396 950 2433; x_wconf 89' lang='lat' dir='ltr'>iam</span> <span class='ocrx_word' id='word_1_270' title='bbox 980 2409 1055 2433; x_wconf 91' lang='lat' dir='ltr'>usu</span> <span class='ocrx_word' id='word_1_271' title='bbox 1086 2396 1192 2433; x_wconf 84' lang='lat' dir='ltr'>haud</span> <span class='ocrx_word' id='word_1_272' title='bbox 1225 2395 1347 2433; x_wconf 85' lang='lat' dir='ltr'>dubie</span> <span class='ocrx_word' id='word_1_273' title='bbox 1377 2408 1542 2444; x_wconf 88' lang='lat' dir='ltr'>regnum</span> <span class='ocrx_word' id='word_1_274' title='bbox 1572 2407 1704 2444; x_wconf 84' lang='lat' dir='ltr'>posse-</span> 
     </span>
     <span class='ocr_line' id='line_1_35' title="bbox 277 2465 1704 2515; baseline -0.001 -11"><span class='ocrx_word' id='word_1_275' title='bbox 277 2468 401 2512; x_wconf 84' lang='lat' dir='ltr'>derat,</span> <span class='ocrx_word' id='word_1_276' title='bbox 430 2470 578 2515; x_wconf 69' lang='lat' dir='ltr'>tamen,</span> <span class='ocrx_word' id='word_1_277' title='bbox 613 2467 707 2515; x_wconf 88' lang='lat' dir='ltr'>quia</span> <span class='ocrx_word' id='word_1_278' title='bbox 738 2467 936 2504; x_wconf 89' lang='lat' dir='ltr'>interdum</span> <span class='ocrx_word' id='word_1_279' title='bbox 966 2468 1107 2505; x_wconf 87' lang='lat' dir='ltr'>iactari</span> <span class='ocrx_word' id='word_1_280' title='bbox 1138 2480 1254 2504; x_wconf 88' lang='lat' dir='ltr'>voces</span> <span class='ocrx_word' id='word_1_281' title='bbox 1285 2467 1465 2504; x_wconf 88' lang='lat' dir='ltr'>aiuvene</span> <span class='ocrx_word' id='word_1_282' title='bbox 1481 2465 1704 2515; x_wconf 82' lang='lat' dir='ltr'>Tarquinio</span> 
     </span>
     <span class='ocr_line' id='line_1_36' title="bbox 276 2536 1702 2587; baseline -0.002 -12"><span class='ocrx_word' id='word_1_283' title='bbox 276 2538 474 2587; x_wconf 84' lang='lat' dir='ltr'>audiebat,</span> <span class='ocrx_word' id='word_1_284' title='bbox 508 2551 547 2574; x_wconf 90' lang='lat' dir='ltr'>se</span> <span class='ocrx_word' id='word_1_285' title='bbox 572 2538 725 2574; x_wconf 89' lang='lat' dir='ltr'>iniussu</span> <span class='ocrx_word' id='word_1_286' title='bbox 749 2538 887 2586; x_wconf 90' lang='lat' dir='ltr'>populi</span> <span class='ocrx_word' id='word_1_287' title='bbox 911 2551 1090 2586; x_wconf 87' lang='lat' dir='ltr'>regnare,</span> <span class='ocrx_word' id='word_1_288' title='bbox 1124 2539 1336 2576; x_wconf 84' lang='lat' dir='ltr'>conciliata</span> <span class='ocrx_word' id='word_1_289' title='bbox 1358 2538 1470 2586; x_wconf 89' lang='lat' dir='ltr'>prius</span> <span class='ocrx_word' id='word_1_290' title='bbox 1495 2536 1702 2573; x_wconf 84' lang='lat' dir='ltr'>voluntate</span> 
     </span>
     <span class='ocr_line' id='line_1_37' title="bbox 274 2607 1703 2659; baseline -0.002 -13"><span class='ocrx_word' id='word_1_291' title='bbox 274 2609 406 2659; x_wconf 88' lang='lat' dir='ltr'>plebis</span> <span class='ocrx_word' id='word_1_292' title='bbox 438 2622 534 2658; x_wconf 86' lang='lat' dir='ltr'>agro</span> <span class='ocrx_word' id='word_1_293' title='bbox 568 2612 684 2658; x_wconf 89' lang='lat' dir='ltr'>capto</span> <span class='ocrx_word' id='word_1_294' title='bbox 717 2621 765 2644; x_wconf 87' lang='lat' dir='ltr'>ex</span> <span class='ocrx_word' id='word_1_295' title='bbox 797 2608 976 2645; x_wconf 88' lang='lat' dir='ltr'>hostibus</span> <span class='ocrx_word' id='word_1_296' title='bbox 1007 2610 1157 2645; x_wconf 86' lang='lat' dir='ltr'>viritim</span> <span class='ocrx_word' id='word_1_297' title='bbox 1190 2609 1335 2657; x_wconf 84' lang='lat' dir='ltr'>diviso,</span> <span class='ocrx_word' id='word_1_298' title='bbox 1367 2620 1486 2645; x_wconf 87' lang='lat' dir='ltr'>ausus</span> <span class='ocrx_word' id='word_1_299' title='bbox 1517 2609 1576 2644; x_wconf 82' lang='lat' dir='ltr'>est</span> <span class='ocrx_word' id='word_1_300' title='bbox 1599 2607 1703 2644; x_wconf 85' lang='lat' dir='ltr'>ferre</span> 
     </span>
     <span class='ocr_line' id='line_1_38' title="bbox 276 2678 1701 2729; baseline -0.002 -12"><span class='ocrx_word' id='word_1_301' title='bbox 276 2680 325 2717; x_wconf 89' lang='lat' dir='ltr'>ad</span> <span class='ocrx_word' id='word_1_302' title='bbox 352 2681 555 2729; x_wconf 89' lang='lat' dir='ltr'>populum,</span> <span class='ocrx_word' id='word_1_303' title='bbox 586 2679 735 2716; x_wconf 88' lang='lat' dir='ltr'>vellent</span> <span class='ocrx_word' id='word_1_304' title='bbox 759 2678 991 2716; x_wconf 86' lang='lat' dir='ltr'>iuberentne</span> <span class='ocrx_word' id='word_1_305' title='bbox 1007 2692 1047 2716; x_wconf 89' lang='lat' dir='ltr'>se</span> <span class='ocrx_word' id='word_1_306' title='bbox 1064 2691 1246 2727; x_wconf 83' lang='lat' dir='ltr'>regnare3</span> <span class='ocrx_word' id='word_1_307' title='bbox 1278 2682 1469 2727; x_wconf 84' lang='lat' dir='ltr'>tantoque</span> <span class='ocrx_word' id='word_1_308' title='bbox 1495 2690 1701 2728; x_wconf 81' lang='lat' dir='ltr'>consensu,</span> 
     </span>
    </p>

    <p class='ocr_par' dir='ltr' id='par_1_12' title="bbox 238 2748 1702 2800">
     <span class='ocr_line' id='line_1_39' title="bbox 238 2748 1702 2800; baseline -0.001 -13"><span class='ocrx_word' id='word_1_309' title='bbox 238 2751 261 2787; x_wconf 81' lang='lat'>2</span> <span class='ocrx_word' id='word_1_310' title='bbox 281 2756 428 2799; x_wconf 85' lang='lat' dir='ltr'>quanto</span> <span class='ocrx_word' id='word_1_311' title='bbox 460 2751 565 2788; x_wconf 88' lang='lat' dir='ltr'>haud</span> <span class='ocrx_word' id='word_1_312' title='bbox 597 2751 802 2800; x_wconf 86' lang='lat' dir='ltr'>quisquam</span> <span class='ocrx_word' id='word_1_313' title='bbox 834 2748 936 2787; x_wconf 84' lang='lat' dir='ltr'>alius</span> <span class='ocrx_word' id='word_1_314' title='bbox 969 2753 1071 2796; x_wconf 81' lang='lat' dir='ltr'>ante,</span> <span class='ocrx_word' id='word_1_315' title='bbox 1101 2763 1170 2787; x_wconf 89' lang='lat' dir='ltr'>rex</span> <span class='ocrx_word' id='word_1_316' title='bbox 1203 2753 1262 2786; x_wconf 89' lang='lat' dir='ltr'>est</span> <span class='ocrx_word' id='word_1_317' title='bbox 1285 2749 1516 2786; x_wconf 87' lang='lat' dir='ltr'>declaratus.</span> <span class='ocrx_word' id='word_1_318' title='bbox 1562 2749 1702 2798; x_wconf 85' lang='lat' dir='ltr'>Neque</span> 
     </span>
    </p>
   </div>
  </div>
 </body>
</html>
