1821 2928
522 216 612 241 Liber
630 215 715 242 vm.
754 216 802 245 (A.
823 216 874 242 ch.
892 216 1048 246 πεῖ-325.)
1385 207 1461 243 127

67 330 179 368 iubet
207 329 455 380 verberaque
495 330 638 368 afferri.
699 330 854 378 Quibus
896 332 1092 369 laceratus
1124 331 1279 369 iuvenis
1311 344 1432 381 quum
1471 345 1511 370 se
1532 331 1554 369 5

70 398 111 435 in
127 397 333 448 publicum
351 398 628 448 proripuisset,
659 398 869 436 libidinem
897 400 1257 449 crudelitatemque
1274 412 1519 449 conquerens

70 466 319 514 feneratoris,
351 467 491 515 ingens
507 466 568 503 vis
599 466 804 504 hominum
831 481 952 517 quum
969 468 1100 505 aetatis
1118 468 1371 506 miseratione
1397 472 1516 517 atque
1535 469 1558 505 6

70 534 315 583 indignitate
346 534 506 572 iniuriae
543 547 719 583 accensa,
757 539 843 573 tum
874 549 954 574 suae
985 536 1234 574 condicionis
1266 535 1520 585 liberumque

69 615 231 640 suorum
260 606 456 653 respectu,
489 602 530 639 in
560 603 692 640 forum
723 607 842 654 atque
867 605 961 642 inde
987 605 1144 654 agmine
1170 605 1274 642 facto
1292 604 1343 642 ad
1368 604 1519 641 curiam

69 671 290 717 concurrit3
323 674 363 708 et
393 684 515 721 quum
547 672 728 709 consules
758 673 934 709 tumultu
950 673 1161 723 repentino
1187 672 1310 710 coacti
1336 676 1516 710 senatum
1537 673 1559 709 7

66 742 268 785 vocarent,
301 739 601 776 introeuntibus
632 740 674 777 in
705 740 859 778 curiam
892 741 1078 791 patribus
1109 741 1328 778 laceratum
1361 741 1517 778 iuvenis

66 809 242 856 tergum,
294 807 599 857 procumbentes
652 808 702 846 ad
755 809 1005 858 singulorum
1051 809 1194 859 pedes,
1249 809 1518 846 ostentabant.

70 874 236 912 Victum
268 888 314 913 eo
346 875 410 913 die
438 876 487 914 ob
512 876 773 925 impotentem
798 877 990 915 iniuriam
1025 877 1144 914 unius
1171 877 1313 926 ingens
1338 876 1559 914 vinclum8

69 942 176 991 fidei,
208 943 387 993 iussique
419 944 600 982 consules
632 945 736 983 ferre
767 944 816 982 ad
848 945 1053 995 populum,
1099 959 1148 983 ne
1179 946 1288 995 quis,
1334 945 1414 982 nisi
1447 945 1516 995 qui

66 1025 210 1050 noxam
241 1013 462 1059 meruisset,
493 1013 620 1050 donec
650 1027 809 1063 poenam
838 1014 976 1061 lueret,
1008 1014 1051 1051 in
1082 1013 1342 1064 compedibus
1374 1017 1444 1051 aut
1474 1013 1516 1051 in

68 1093 190 1118 nervo
220 1083 439 1126 teneretur;
470 1081 652 1131 pecuniae
685 1082 848 1120 creditae
879 1083 984 1120 bona
1017 1082 1226 1129 debitoris,
1257 1095 1338 1120 non
1369 1095 1514 1132 corpus
1533 1083 1555 1119 9

68 1149 285 1187 obnoxium
317 1153 429 1187 esset.
496 1149 562 1188 Ita
592 1150 685 1187 nexi
718 1151 849 1205 soluti:
874 1154 1113 1202 cautumque
1145 1151 1186 1188 in
1218 1154 1434 1201 posterum,
1466 1163 1514 1187 ne
1571 1141 1575 1151 ¹

66 1220 332 1255 necterentur.
980 1223 982 1225 ’

181 1285 334 1323 Eodem
365 1299 468 1324 anno
501 1299 622 1335 quum
654 1287 750 1324 satis
782 1300 853 1337 per
884 1301 924 1325 se
948 1287 1080 1337 ipsum
1098 1285 1342 1324 Samnitium
1365 1287 1517 1324 bellum
1591 1283 1646 1331 29

39 1362 41 1365 ’
67 1357 106 1391 et
137 1353 308 1391 defectio
338 1367 482 1404 repens
512 1354 768 1393 Lucanorum
799 1359 1061 1406 auctoresque
1093 1355 1332 1393 defectionis
1365 1355 1514 1393 Taren-

64 1421 142 1459 tini
173 1422 366 1460 sollicitos
397 1423 592 1460 haberent
615 1428 760 1473 patres,
792 1425 968 1472 accessit,
998 1428 1044 1461 ut
1067 1427 1106 1461 et
1123 1424 1318 1462 Vestinus
1341 1424 1514 1474 populus

67 1489 319 1528 Samnitibus
350 1504 433 1528 sese
465 1491 734 1541 coniungeret.
795 1492 895 1540 Quae
926 1506 989 1530 res
1020 1492 1126 1529 sicut
1155 1505 1200 1529 eo
1233 1505 1336 1530 anno
1364 1505 1510 1529 sermo·
1529 1491 1552 1528 2
1576 1513 1581 1519 =

66 1559 187 1596 nibus
232 1559 361 1607 magis
399 1560 548 1608 passim
585 1560 791 1598 hominum
832 1561 982 1599 iactata
1013 1574 1133 1611 quam
1166 1560 1208 1597 in
1238 1560 1401 1610 publico
1433 1560 1515 1598 ullo

67 1627 241 1665 concilio
273 1631 342 1674 est,
374 1628 431 1665 ita
463 1628 710 1678 insequentis
735 1630 829 1668 anni
853 1630 1100 1676 consulibus,
1131 1628 1176 1666 L.
1194 1629 1318 1666 Furio
1337 1628 1512 1667 Camillo
1531 1619 1568 1652 Ass
1585 1626 1718 1653 ¹¹·⁰·4²⁹·

66 1694 222 1742 iterum,
268 1695 389 1733 Iunio
422 1696 549 1734 Bruto
582 1696 747 1745 Scaevae,
792 1698 906 1736 nulla
936 1698 1049 1748 prior
1081 1697 1296 1748 potiorque
1325 1697 1411 1735 visa
1443 1700 1512 1744 est,

67 1762 116 1801 de
147 1777 226 1813 qua
257 1763 308 1801 ad
339 1769 518 1802 senatum
549 1766 755 1804 referrent.
829 1766 884 1804 Et
915 1779 1144 1816 quanquam
1187 1777 1273 1805 non
1310 1779 1414 1804 nova
1451 1779 1514 1803 res
1532 1765 1555 1803 3

67 1835 163 1879 erat,
208 1836 342 1870 tamen
377 1836 492 1870 tanta
531 1847 625 1872 cura
655 1839 790 1884 patres
822 1834 1007 1882 incessit,
1053 1838 1098 1871 ut
1128 1834 1283 1884 pariter
1315 1848 1400 1872 eam
1432 1847 1514 1871 sus-

66 1904 220 1949 ceptam
274 1902 577 1952 neglectamque
627 1903 836 1949 timerent,
890 1916 940 1940 ne
994 1906 1064 1940 aut
1110 1902 1330 1952 impunitas
1376 1915 1513 1939 eorum

66 1968 234 2006 lascivia
265 1970 533 2019 superbiaque
564 1975 632 2008 aut
662 1972 768 2009 bello
786 1984 912 2021 poenae
939 1970 1125 2020 expetitae
1152 1974 1259 2007 metu
1286 1970 1512 2020 propinquo

67 2040 194 2087 atque·
218 2038 278 2075 ira
309 2038 515 2075 concirent
555 2039 750 2078 finitimos
792 2040 981 2090 populos;
1027 2043 1065 2076 et
1111 2042 1197 2076 erat
1233 2051 1357 2087 genus
1397 2037 1555 2076 omne4

67 2105 227 2147 abunde
257 2106 364 2143 bello
396 2104 649 2145 Samnitibus
680 2121 764 2157 par,
795 2108 921 2145 Marsi
948 2107 1190 2157 Pelignique
1222 2111 1261 2145 et
1276 2107 1513 2154 Marrucini,

68 2188 178 2224 quos,
209 2175 243 2212 si
276 2174 468 2212 Vestinus
499 2176 780 2224 attingeretur,
811 2189 944 2214 omnes
975 2176 1180 2214 habendos
1205 2176 1350 2214 hostes.
1397 2175 1511 2214 Vicit
1530 2174 1553 2211 5

66 2245 200 2280 tamen
231 2256 335 2292 pars,
382 2256 469 2293 quae
509 2244 551 2281 in
589 2244 802 2294 praesentia
839 2245 970 2282 videri
1008 2245 1140 2294 potuit
1182 2245 1347 2282 maioris
1389 2244 1513 2282 animi

67 2324 186 2361 quam
225 2310 405 2354 consilii:
452 2313 519 2350 sed
559 2317 721 2351 eventus
763 2313 917 2360 docuit,
959 2313 1081 2352 fortes
1120 2313 1321 2350 fortunam
1364 2313 1512 2349 iuvare.

65 2379 225 2417 Bellum
256 2393 303 2417 ex
328 2381 569 2419 auctoritate
594 2386 752 2431 patrum
769 2382 942 2431 populus
959 2382 1148 2420 adversus
1167 2381 1355 2420 Vestinos
1383 2380 1509 2418 iussit.
1528 2380 1551 2416 6

65 2447 286 2486 Provincia
316 2462 361 2486 ea
376 2449 518 2496 Bruto,
549 2448 755 2487 Samnium
783 2449 954 2488 Camillo
981 2454 1086 2488 sorte
1109 2450 1254 2488 evenit.
1299 2448 1510 2486 Exercitus
1530 2448 1552 2484 7

66 2518 238 2566 ussroque
284 2517 406 2564 ducti,
453 2522 491 2554 et
537 2531 631 2556 cura
678 2518 917 2556 tuendorum
962 2518 1101 2556 finium
1142 2518 1274 2555 hostes
1313 2516 1512 2566 prohibiti

68 2583 310 2633 coniungere
357 2598 477 2623 arma.
552 2585 738 2624 Ceterum
777 2587 946 2624 alterum
995 2586 1197 2624 consulem
1242 2585 1287 2622 L.
1328 2584 1551 2631 Furium‚8

68 2652 132 2689 cui
163 2652 291 2690 maior
321 2653 446 2691 moles
469 2667 601 2691 rerum
627 2654 813 2704 imposita
836 2658 934 2702 erat,
964 2655 1102 2693 morbo
1128 2653 1241 2704 gravi
1270 2652 1512 2702 implicitum

1530 1661 1567 1687 A.
1587 1661 1639 1687 eh.
1659 1662 1719 1688 326.
1738 1693 1741 1697 ¹
