1821 2928
603 180 693 205 mber
713 180 797 206 vm.
836 180 882 209 (A.
903 180 955 206 cu.
975 181 1046 208 340.)
1418 168 1496 205 103

111 296 200 342 fuit,
230 295 488 345 disciplinam
505 296 736 341 militarem,
769 308 846 344 qua
879 295 992 332 stetit
1025 294 1075 331 ad
1108 295 1207 331 hanc
1240 292 1346 330 diem
1374 292 1556 329 Romana

109 378 185 411 res,
216 363 386 409 solvisti,
418 377 558 414 meque
591 364 633 400 in
666 376 751 401 eam
782 363 1059 400 necessitatem
1083 361 1303 406 adduxisti,
1335 363 1377 397 ut
1403 364 1470 398 aut
1498 360 1556 397 rei

108 431 284 482 public-ae
329 432 428 468 mihi
473 435 540 470 aut
586 432 663 469 mei
708 444 965 481 meorumque
1006 429 1329 467 obliviscendum
1371 428 1436 474 sit,
1483 427 1626 465 nos17

107 501 246 551 potius
276 503 412 538 nostro
446 499 595 537 delicto
626 500 858 549 plectemur,
899 512 1018 549 quam
1049 511 1112 536 res
1143 498 1309 548 publica
1340 499 1453 534 tanto
1485 508 1556 533 suo

112 569 256 606 damno
287 572 425 607 nostra
455 571 619 617 peccata
651 568 756 613 luat;
786 568 903 605 triste
929 567 1164 616 exemplum,
1195 565 1264 603 sed
1289 565 1331 602 iu
1354 568 1557 615 posterum

105 637 268 674 salubre
298 637 500 674 iuventuti
533 637 690 674 erimus.
750 635 817 673 Me
849 634 1009 685 quidem
1041 647 1163 684 quum
1195 633 1376 682 ingenita
1409 632 1555 670 caritas
1577 632 1627 668 18

111 705 296 752 liberum,
326 709 411 743 tum
442 705 644 755 specimen
676 704 785 742 istud
815 703 981 741 virtutis
1013 702 1225 752 deceptum
1256 715 1359 739 vana
1382 700 1558 749 imagine

111 774 268 812 decoris
315 774 357 811 in
401 777 441 811 te
487 777 638 820 movet3
684 774 754 811 sed
799 786 920 822 quum
967 774 1036 809 aut
1080 774 1207 808 morte
1237 773 1308 807 tua
1340 768 1554 807 sancienda
1579 768 1627 805 19

108 843 193 880 sint
218 842 425 880 consulum
454 842 623 892 imperia
647 846 715 880 aut
738 841 979 891 impunitate
1003 840 1045 876 in
1060 842 1298 889 perpetuum
1315 836 1559 886 abroganda,

109 924 158 948 ne
188 914 228 948 te
271 909 453 959 quidem,
499 910 533 947 si
565 909 665 958 quid
703 910 744 946 in
773 913 813 947 te
843 909 972 946 nostri
1003 907 1212 957 sanguinis
1249 909 1328 953 est,
1374 918 1559 943 recusare

109 992 305 1025 censeam,
350 978 448 1028 quin
487 978 748 1027 disciplinam
779 977 1008 1023 militarem,
1055 975 1174 1025 culpa
1212 979 1283 1012 tua
1319 974 1560 1029 prolapsam⁷

108 1060 226 1096 poena
256 1047 458 1084 restituas.
517 1045 551 1092 I,
582 1045 711 1092 lictor,
743 1045 879 1094 deliga
909 1045 960 1083 ad
986 1044 1160 1094 palum.'·⁴
1224 1042 1459 1081 Exanimati
1477 1055 1556 1078 om·
1575 1042 1629 1078 520

108 1128 177 1152 nes
207 1118 290 1152 tam
321 1113 450 1151 atroci
480 1113 662 1163 imperio,
692 1127 763 1152 neo
790 1114 910 1152 aliter
937 1126 1055 1163 quam
1080 1112 1121 1149 in
1148 1125 1188 1149 se
1205 1111 1376 1161 quisque
1394 1109 1559 1147 destric-

104 1186 189 1220 tam
223 1185 428 1220 cernentes
460 1195 649 1228 securem,
680 1185 789 1219 metu
820 1181 947 1229 magis
980 1194 1099 1230 quam
1131 1179 1327 1217 modestia
1358 1178 1560 1228 quievere.

108 1251 253 1300 Itaque
284 1250 394 1287 velut
425 1263 553 1287 merso
585 1250 635 1287 ab
667 1250 937 1287 admiratione
969 1249 1115 1295 animo,
1147 1261 1270 1297 quum
1302 1247 1464 1284 silentio
1493 1245 1558 1283 de·
1577 1247 1627 1282 21

108 1319 178 1356 fixi
211 1319 426 1364 stetissent,
456 1322 632 1368 repente,
662 1323 876 1369 postquam
907 1317 1061 1355 cervice
1087 1330 1187 1354 caesa
1211 1316 1322 1352 fusus
1347 1318 1406 1352 est
1429 1327 1558 1359 cruor,

106 1392 190 1425 tam
235 1387 364 1426 libero
407 1391 627 1436 conquestu
659 1390 804 1425 coortae
835 1399 952 1424 voces
984 1388 1087 1431 sunt,
1132 1388 1177 1422 ut-
1207 1396 1337 1433 neque
1369 1382 1558 1420 lamentis

109 1469 240 1506 neque
265 1455 611 1492 exsecrationibus
634 1459 880 1505 parceretur,
910 1454 1132 1504 spoliisque
1159 1455 1384 1490 contectum
1401 1450 1558 1488 iuvenis
1576 1451 1628 1487 ‘22

112 1537 266 1573 corpus,
297 1527 490 1573 quantum
521 1523 770 1560 militaribus
802 1523 949 1560 studiis
981 1523 1100 1559 funus
1131 1521 1259 1558 ullum
1283 1519 1560 1557 concelebrari

111 1596 255 1642 potest,
285 1595 436 1629 structo
464 1594 575 1628 extra
592 1591 744 1628 vallum
768 1604 868 1641 rogo
895 1593 1149 1636 cremaretur,
1179 1589 1472 1638 Manlianaque
1490 1587 1561 1624 im-

112 1661 227 1710 peria
273 1673 353 1697 non
399 1660 442 1696 in
480 1659 693 1710 praesentia
730 1659 848 1697 modo
880 1658 1090 1704 horrenda,
1136 1657 1206 1695 sed
1237 1656 1409 1706 exempli
1441 1655 1561 1693 etiam

110 1729 244 1766 tristis
277 1728 318 1765 in
350 1731 556 1777 posterum
587 1731 728 1765 essent.

229 1796 348 1834 Fecit
376 1799 509 1833 tamen
541 1796 734 1834 atrocitas
763 1807 890 1845 poenae
922 1794 1242 1832 obedientiorem
1260 1793 1354 1831 duci
1370 1792 1558 1836 militem3
1647 1787 1676 1833 8

115 1870 156 1902 et
194 1869 461 1914 praeterquam
501 1864 609 1914 quod
646 1863 839 1901 custodiae
877 1863 1111 1912 vigiliaeque
1143 1865 1181 1899 et
1213 1862 1313 1899 ordo
1346 1861 1563 1898 stationum

115 1933 349 1970 intentioris
365 1933 517 1982 ubique
544 1945 647 1969 curae
665 1936 791 1979 erant,
822 1932 865 1969 in
880 1931 1023 1969 ultimo
1042 1931 1163 1968 etiam
1182 1930 1412 1975 certamine,
1443 1941 1564 1978 quum

117 2002 348 2039 descensum
382 2000 422 2037 in
454 2001 581 2038 aciem
613 2004 690 2046 est,
736 2013 782 2037 ea
813 1999 1004 2037 severitas
1046 1999 1212 2049 profuit.
1286 1998 1385 2036 Fuit
1430 1996 1604 2035 autem?

118 2070 233 2108 civili
266 2069 435 2107 maxime
467 2069 574 2106 bello
605 2081 740 2118 pugna
770 2067 936 2112 similis;
982 2066 1082 2104 adeo
1120 2066 1225 2104 nihil
1257 2065 1364 2116 apud
1395 2065 1565 2103 Latinos

119 2139 324 2176 dissonum
357 2138 407 2176 ab
439 2137 623 2174 Romana
653 2149 695 2174 re
726 2139 874 2185 praeter
904 2135 1059 2173 animos
1090 2138 1187 2173 erat.
1262 2134 1414 2184 Clipeis
1446 2137 1562 2171 antea
1584 2133 1606 2169 3

119 2206 292 2243 Romani
324 2206 385 2243 usi
418 2209 520 2245 sunt.
552 2204 657 2249 dein,
687 2206 898 2254 postquam
921 2203 1180 2253 stipendiarii
1198 2204 1296 2242 facti
1319 2206 1423 2248 sunt,
1454 2205 1563 2239 scuta

119 2288 192 2325 pro
238 2274 378 2324 clipeis
423 2274 568 2317 secere;
615 2276 654 2309 et
699 2272 808 2322 quod
853 2276 971 2309 autea
1002 2271 1222 2321 phalanges
1253 2271 1403 2308 similes
1433 2270 1566 2306 Mace-

123 2343 292 2388 donicis,
337 2342 411 2380 hoc
457 2345 597 2390 postea
643 2339 923 2390 manipulatim
964 2343 1117 2377 structa
1155 2340 1260 2377 acies
1306 2339 1426 2388 coepit
1465 2350 1567 2374 esse:

120 2415 322 2460 postremo
355 2410 397 2447 in
429 2409 565 2458 plures
597 2408 759 2446 ordines
784 2407 1107 2453 instruebantur3
1139 2407 1236 2446 ordo
1260 2419 1477 2455 sexagenos
1495 2405 1566 2442 mi·
1586 2405 1609 2440 4

122 2479 224 2525 lites,
246 2479 363 2517 binos
380 2477 645 2523 centuriones,
661 2476 919 2514 vexillarium
935 2489 1058 2513 unum
1075 2475 1260 2514 habebat.
1302 2474 1442 2512 Prima
1460 2473 1563 2511 acies
1583 2472 1607 2510 5

124 2547 272 2585 hastati
296 2551 421 2592 erant,
452 2545 649 2595 manipuli
676 2544 918 2595 quindecim,
951 2545 1145 2582 distantes
1168 2545 1275 2582 inter
1301 2556 1342 2580 se
1367 2541 1568 2580 modicum

122 2616 316 2665 spatium3
348 2614 579 2664 manipulus
610 2614 716 2650 leves
747 2613 909 2650 vicenos
939 2613 1102 2659 milites,
1141 2612 1262 2650 aliam
1292 2610 1453 2648 turbam
1484 2623 1569 2647 scu-
