1821 2928
306 152 388 188 286
698 148 813 182 Liber
837 147 883 183 V.
932 150 992 192 (A.
1019 161 1053 183 u.
1081 161 1111 184 e.
1139 150 1347 193 360—361.)

243 275 292 311 10
310 280 463 313 noctem
496 279 803 326 expugnassent.
852 275 1110 314 Collaudatos
1142 289 1309 327 corpora
1338 291 1476 316 curare
1500 282 1748 329 paratosque

310 360 393 384 esse
433 353 575 396 quarta
614 347 757 396 vigilia
795 347 916 385 iubet.
977 348 1029 385 Et
1061 349 1205 394 hostes,
1249 352 1485 387 nocturnam
1523 351 1659 400 fugam
1688 363 1739 388 ex

307 419 460 456 tumulo
491 419 761 456 Romanorum
799 424 842 456 ut
881 420 930 456 ab
962 433 1006 457 ea
1037 420 1112 465 via,
1159 433 1246 469 quae
1277 420 1430 459 ferebat
1459 421 1741 472 Verruginem,

309 489 575 536 excluderent,
613 491 723 528 fuere
761 491 885 537 obvii;
931 491 1197 540 proeliumque
1237 496 1328 530 ante
1368 492 1496 530 lucem
1527 493 1612 542 (sed
1642 494 1740 532 luna

306 574 460 611 pernox
507 564 605 611 erat)
652 562 899 599 commissum
947 566 1015 600 est.
1076 562 1158 612 [Et]
1204 563 1310 601 haud
1354 565 1546 602 incertius
1591 565 1738 604 diurno

240 635 281 670 ll
305 634 489 682 proelium
523 633 615 678 fuit;
657 635 725 671 sed
758 634 908 671 clamor
939 634 1206 682 Verruginem
1236 636 1425 685 perlatus,
1457 650 1577 686 quum
1608 641 1738 676 castra

305 704 485 742 Romana
503 705 708 742 crederent
727 706 963 755 oppugnari,
988 710 1142 743 tantum
1161 706 1303 744 iniecit
1318 708 1490 756 pavori8‚
1505 712 1560 756 ut,
1576 710 1737 759 nequic-

305 789 422 826 quam
453 778 651 814 retinente
682 782 800 827 atque
831 778 1062 815 obsecrante
1080 777 1257 826 AEmilio,
1286 778 1504 817 Tusculum
1527 781 1653 830 palati
1677 781 1738 818 fu-

239 847 287 883 12
306 852 456 898 gerent.
501 849 601 886 Inde
631 850 733 886 fama
751 849 921 887 Romam
952 849 1109 898 perlata
1134 853 1204 896 est,
1235 850 1484 888 Postumium
1503 853 1737 890 exercitum-

303 933 379 970 que
411 921 597 958 oecisum.
660 921 751 968 Qui,
789 921 858 957 ubi
895 921 1025 971 prima
1063 921 1132 958 lux
1171 925 1318 959 metum
1349 922 1583 960 insidiarum
1615 923 1735 961 effuse

303 992 561 1041 sequentibus
592 993 763 1038 sustulit,
795 1005 916 1042 quum
946 993 1239 1042 perequitasset
1264 993 1384 1030 aciem
1412 995 1608 1043 promissa
1622 1008 1735 1045 repe·

300 1067 400 1109 tens,
432 1068 586 1101 tantum
618 1065 757 1101 iniecit·
787 1064 954 1111 ardoris,
986 1068 1031 1101 ut
1046 1078 1123 1101 non
1141 1065 1248 1101 ultra
1264 1065 1531 1102 sustinuerint
1545 1067 1737 1116 impetum

235 1135 284 1170 13
304 1135 439 1185 AEqui.
500 1135 637 1172 Caedes
678 1136 771 1172 inde
809 1136 1058 1184 fugientium,
1097 1137 1229 1186 qualis
1269 1136 1339 1174 ubi
1370 1137 1430 1174 ira
1460 1137 1586 1186 magis
1616 1151 1734 1187 quam

297 1207 445 1244 virtute
477 1221 538 1244 res
569 1207 733 1255 geritur,
765 1207 814 1244 ad
838 1208 1056 1256 perniciem
1082 1209 1251 1245 hostium
1270 1208 1375 1245 facta
1391 1211 1468 1255 est3
1499 1209 1738 1259 tristemque

298 1279 347 1315 ab
373 1278 548 1315 Tusculo
580 1279 776 1325 nuntium,
807 1280 1073 1329 nequicquam
1105 1280 1298 1317 exterrita
1328 1280 1501 1327 civitate,
1533 1281 1680 1319 litterae
1711 1295 1736 1318 a.

298 1350 503 1388 Postumio
534 1351 723 1388 laureatae
755 1355 987 1400 sequuntur,
1023 1352 1232 1388 victoriam
1261 1352 1403 1401 populi
1435 1352 1607 1390 Romani
1637 1365 1738 1399 esse,

297 1422 521 1472 AEquorum
553 1423 770 1460 exercitum
802 1423 988 1460 deletum.

163 1489 216 1534 29
415 1494 683 1532 Tribunorum
723 1494 853 1545 plebis
885 1495 1060 1532 actiones
1092 1495 1188 1544 quia
1217 1494 1393 1533 nondum
1425 1495 1661 1533 invenerant
1688 1495 1735 1533 fi-

297 1579 399 1611 nem,
432 1570 470 1603 et
500 1566 613 1615 plebs
645 1567 881 1603 continuare
912 1567 1107 1604 latoribus
1138 1566 1238 1615 legis
1268 1567 1517 1604 tribunatum
1545 1570 1585 1604 et
1599 1570 1739 1617 patres

297 1637 458 1674 reficere
491 1638 768 1675 intercessores
798 1638 898 1686 legis
930 1639 1059 1675 annisi
1090 1643 1199 1684 sunt3
1233 1638 1302 1675 sed
1332 1630 1423 1688 plus
1453 1639 1534 1677 suis
1559 1638 1733 1677 comitiis

259 1709 280 1743 2
298 1709 412 1760 plebs
444 1710 584 1754 valuit:
620 1722 736 1758 quem
769 1709 945 1746 dolorem
976 1710 1052 1746 ulti
1082 1714 1216 1758 patres
1247 1713 1340 1746 sunt
1364 1714 1524 1747 senatus
1550 1710 1734 1748 consulto

91 1776 200 1848 2⁴¹3·
220 1780 276 1848 {3}-
296 1781 412 1827 facto,
443 1785 486 1817 ut
518 1780 711 1825 consules,
741 1781 894 1817 invisus
920 1780 1031 1830 plebi
1057 1781 1324 1828 magistratus,
1356 1784 1598 1819 crearentur.
1643 1780 1734 1819 An·

124 1841 130 1847 ¹
220 1840 225 1845 ⁴
255 1840 277 1847 ὼ
296 1866 388 1890 num
420 1856 511 1902 post
542 1852 727 1902 quintum
759 1853 953 1889 decimum
986 1852 1108 1889 creati
1139 1852 1319 1889 consules
1344 1852 1391 1891 L.
1409 1851 1620 1890 Lucretius
1635 1851 1729 1890 Fla-

257 1923 278 1958 3
296 1938 379 1971 vus,
411 1923 496 1962 Ser.
515 1923 718 1974 Sulpicius
746 1923 990 1961 Camerinus.
1036 1923 1246 1973 Principio
1271 1923 1390 1961 huius
1416 1925 1510 1961 anni
1533 1924 1735 1971 ferociter,

298 1995 393 2045 quia
432 2009 546 2032 nemo
590 2010 635 2032 ex
673 1996 842 2044 collegio
879 1996 1166 2033 intercessurus
1205 1999 1300 2041 erat,
1344 1996 1495 2033 coortis*
1521 1995 1571 2033 ad
1600 1995 1730 2046 perfe-

296 2067 460 2103 rendam
493 2067 620 2116 legem
651 2067 823 2104 tribunis
854 2067 996 2117 plebis,
1027 2080 1100 2103 nec
1131 2067 1290 2116 segnius
1320 2067 1370 2104 ob
1402 2066 1446 2104 id
1476 2067 1606 2117 ipsum
1637 2079 1730 2104 con-

297 2138 450 2175 sulibus
482 2139 768 2185 resistentibus,
808 2139 994 2189 omnique
1035 2138 1198 2176 civitate
1237 2138 1278 2175 in
1318 2151 1438 2176 unam
1479 2152 1564 2176 eam
1594 2151 1730 2176 curam

297 2222 499 2255 conversa,
544 2210 754 2247 Vitelliam
801 2210 998 2248 coloniam
1029 2210 1250 2247 Romanam
1295 2210 1337 2247 in
1374 2223 1444 2247 suo
1476 2222 1571 2259 agro
1601 2209 1729 2259 AEqui

255 2280 540 2331 4expugnant.
603 2281 845 2319 Colonorum
881 2295 973 2331 pars
1014 2282 1185 2319 maxima
1217 2281 1445 2328 incolumes,
1489 2281 1583 2330 quia
1612 2283 1728 2318 nocte

297 2352 528 2402 proditione
570 2353 763 2402 oppidum
795 2358 952 2403 captum
983 2353 1149 2390 liberam
1180 2365 1253 2402 per
1283 2365 1423 2390 aversa
1451 2352 1564 2389 urbis
1593 2352 1730 2400 fugam

257 2423 280 2459 5
298 2424 476 2471 dederat,
506 2424 672 2461 Romam
705 2425 928 2474 perfugere.
974 2425 1020 2462 L.
1047 2424 1237 2461 Lucretio
1269 2424 1422 2462 consuli
1452 2437 1498 2461 ea
1521 2423 1729 2473 provincia

296 2497 438 2533 evenit.
485 2495 526 2533 Is
559 2509 646 2533 cum
678 2497 857 2533 exercitu
882 2497 1085 2546 profectus
1103 2495 1187 2533 acie
1202 2496 1336 2533 hostes
1351 2495 1489 2542 vincit,
1518 2494 1727 2544 victorque

256 2569 279 2604 6
297 2566 466 2605 Romam
498 2568 547 2604 ad
576 2568 702 2604 maius
734 2567 938 2617 aliquanto
971 2571 1167 2605 certamen
1197 2566 1316 2604 redit.
1375 2566 1476 2603 Dies
1506 2565 1614 2603 dicta
1643 2569 1728 2603 erat

294 2639 471 2676 tribunis
501 2639 629 2688 plebis
659 2638 812 2676 biennii
843 2639 1060 2688 superioris
1077 2638 1130 2677 A.
1149 2637 1344 2687 Verginio
1371 2639 1410 2674 et
1425 2637 1474 2684 Q.
1491 2635 1728 2686 Pomponio,

294 2723 393 2759 quos
431 2710 592 2748 defendi
630 2697 789 2760 patrum
827 2715 1020 2747 consensu
1062 2709 1110 2747 ad
1141 2709 1258 2746 fidem
1289 2710 1450 2745 senatus
1478 2707 1732 2758 pertinebat;
