1821 2928
475 125 591 161 Liber
618 125 691 160 111.
741 126 801 170 (A.
828 124 893 159 Ch.
919 126 1130 168 462—461.)
1451 128 1529 166 135

74 271 277 298 sacrorum
309 257 432 303 aditi;
465 255 654 306 pericula
685 270 708 293 a
739 260 938 294 conventu
970 255 1287 303 alienigenarum
1321 254 1529 304 praedicta,

47 345 125 371 ‘ne
157 332 225 381 qui
257 331 295 368 in
329 331 416 367 loca
456 342 609 367 summa
640 328 752 366 urbis
786 329 960 378 impetus
1003 327 1212 377 caedesque
1244 326 1337 364 inde
1369 326 1530 372 fierent3

77 404 181 442 inter
213 406 344 441 cetera
366 402 573 449 monitum,
605 405 650 439 ut
677 401 946 439 seditionibus
971 400 1256 439 abstineretur.
1304 399 1355 436 Id
1379 399 1528 436 factum

76 476 126 515 ad
147 474 441 526 impediendam
467 474 595 523 legem
615 474 770 511 tribuni
788 473 1120 518 criminabantur,
1155 473 1375 521 ingensque
1392 471 1532 509 aderat

74 552 288 588 certamen.
353 547 469 593 Ecce,
499 550 544 584 ut
576 546 681 583 idem
714 547 756 584 in
788 546 969 596 singulos
996 558 1120 582 annos
1148 544 1256 581 orbis
1283 544 1524 593 volveretur,
1545 541 1569 579 8

76 620 245 658 Hernici
284 620 496 665 nuntiant,
536 617 704 657 Volscos
751 624 789 656 et
821 618 999 668 AEquos,
1040 617 1117 654 etsi
1158 617 1296 654 accisae
1337 630 1399 654 res
1431 616 1530 660 sint,

77 692 237 731 reficere
263 692 483 738 exercitus;
515 691 629 731 Antii
649 704 840 729 summam
858 691 917 728 rei
935 690 1127 740 positam3
1161 688 1317 726 Ecetrae
1336 688 1530 726 Antiates

75 766 238 803 colonos
268 765 402 815 palam
434 765 603 802 concilia
634 765 785 810 facere;
825 762 867 800 id
899 766 1031 813 caput,
1074 775 1140 800 eas
1171 762 1275 799 vires
1307 761 1405 798 belli
1436 774 1530 799 esse.

76 837 132 876 Ut
164 838 249 875 haec
279 836 386 874 dicta
417 838 456 874 in
490 840 630 874 senatu
659 840 764 887 sunt,
798 836 968 873 dilectus
995 835 1191 881 edicitur;
1224 834 1406 871 consules
1433 830 1568 871 belli9

75 910 468 948 administrationem
511 910 616 946 inter
657 923 698 946 se
738 908 948 960 dispertiri
981 908 1102 956 iussi.
1143 906 1262 944 alteri
1293 910 1338 943 ut
1369 905 1528 955 Volsci,

75 984 191 1021 alteri
222 987 267 1020 ut
298 982 426 1032 AEqui
458 982 668 1032 provincia
700 986 815 1020 esset.
877 981 1049 1018 Tribuni
1082 993 1214 1017 coram
1245 980 1286 1016 in
1318 980 1404 1017 foro
1437 992 1524 1029 per·
1547 975 1597 1012 10

75 1069 227 1102 sonare,
259 1055 434 1093 fabulam
467 1055 726 1105 compositam
758 1053 900 1092 Volsci
932 1053 1044 1100 belli,
1076 1052 1277 1090 Hernicos
1311 1051 1361 1089 ad
1394 1055 1530 1101 partes

72 1131 248 1179 paratos.
323 1127 412 1165 Iam
452 1141 500 1165 ne
545 1127 696 1164 virtute
742 1126 905 1177 quidem
945 1126 1072 1177 premi
1119 1125 1347 1162 libertatem
1387 1124 1530 1174 populi

75 1200 259 1247 Romani,
292 1200 359 1237 sed
387 1203 473 1238 arte
500 1199 621 1238 eludi.
668 1200 776 1248 Quia
800 1199 1005 1237 occidione
1031 1211 1158 1249 prope
1184 1197 1337 1235 occisos
1356 1196 1525 1235 Volscos
1547 1193 1594 1230 11

74 1278 114 1311 et.
145 1273 301 1323 AEquos
341 1286 499 1311 movere
532 1286 603 1310 sua
644 1279 784 1322 sponte
824 1285 935 1309 arma
966 1284 1082 1321 posse
1126 1271 1204 1308 iam
1235 1269 1335 1307 fides
1367 1269 1529 1316 abierit,

75 1359 200 1384 novos
239 1346 372 1383 hostes
413 1345 562 1394 quaeri;
604 1344 801 1382 coloniam
842 1343 983 1389 fidam,
1032 1342 1300 1393 propinquam
1342 1340 1531 1379 infamem

74 1418 174 1456 fieri.
207 1418 367 1455 Bellum
386 1417 561 1455 innoxiis
579 1416 817 1454 Antiatibus
835 1416 975 1463 indici,
992 1415 1079 1464 geri
1097 1428 1182 1452 cum
1201 1414 1319 1464 plebe
1330 1413 1524 1463 Romana,
1548 1410 1596 1446 12

79 1504 197 1540 quaxn
231 1493 435 1527 oneratam
461 1489 582 1526 armis
615 1503 662 1526 ex
687 1489 786 1526 urbe
810 1488 1014 1538 praecipiti
1040 1487 1200 1536 agmine
1227 1486 1358 1524 acturi
1386 1490 1529 1533 essent,

74 1563 214 1600 exsilio
245 1566 285 1599 et
311 1561 556 1611 relegatione
583 1562 728 1599 civium
745 1561 983 1598 ulciscentes
1000 1559 1197 1597 tribunos.
1246 1558 1326 1607 Sic,
1359 1573 1407 1596 ne
1425 1559 1525 1609 quid
1548 1557 1596 1594 13

75 1635 187 1673 aliud
219 1638 352 1672 actum
383 1637 538 1684 putent,
572 1634 721 1671 victam
755 1633 882 1682 legem
916 1646 1012 1681 esse,
1046 1633 1134 1678 nisi,
1168 1632 1262 1669 dum
1296 1632 1336 1669 in
1369 1632 1527 1680 integro

72 1721 135 1746 res
167 1708 230 1754 sit,
262 1706 356 1744 dum
389 1707 512 1752 domi,
547 1707 641 1744 dum
673 1707 805 1756 togati
837 1706 932 1754 sint,
976 1708 1156 1754 caveant,
1199 1718 1247 1741 ne
1278 1705 1529 1754 possessione

73 1780 186 1818 urbis
203 1780 415 1830 pellantur,
448 1793 497 1817 ne
522 1779 662 1828 iugum
687 1779 900 1828 accipiant.
947 1776 991 1814 Si
1009 1777 1163 1815 animus
1191 1776 1258 1826 sit,
1290 1790 1370 1814 non
1389 1776 1525 1814 defore
1547 1777 1597 1813 14

72 1852 287 1899 auxilium;
321 1851 549 1889 consentire
575 1864 712 1889 omnes
738 1851 936 1890 tribunos,
990 1849 1156 1888 Nullum
1180 1854 1373 1887 terrorem
1399 1853 1527 1886 exter-

73 1939 178 1971 num,
209 1925 363 1963 nullum
394 1924 619 1975 periculum
646 1937 750 1969 esse;
784 1923 935 1960 cavisse
952 1923 1046 1960 deos
1070 1922 1206 1972 priore
1231 1935 1347 1968 anno,
1378 1924 1423 1958 ut
1440 1924 1528 1959 tuto

74 1997 240 2036 libertas
279 1996 441 2034 defendi
480 1999 626 2045 posset.
687 1995 786 2033 Haec
825 1996 993 2034 tribuni.
1055 1994 1114 2031 At
1152 2007 1201 2031 ex
1242 1997 1355 2044 parte
1396 1993 1524 2031 altera
1604 1990 1648 2038 11

74 2070 254 2108 consules
287 2069 329 2106 in
362 2071 577 2118 conspectu
609 2081 746 2105 eorum
777 2068 921 2118 positis
952 2067 1061 2104 sellis
1089 2067 1279 2104 dilectum
1306 2065 1524 2106 habebant.

73 2142 132 2180 Eo
179 2142 397 2180 decurrunt
442 2140 595 2178 tribuni
640 2141 945 2190 contionemque
985 2153 1115 2178 secum
1158 2139 1338 2177 trahunt.
1401 2137 1528 2176 Citati

73 2216 190 2264 pauci
220 2214 333 2252 velut
357 2213 415 2250 rei
442 2212 696 2262 experiundae
725 2225 854 2261 causa,
889 2216 928 2249 et
944 2212 1078 2250 statim
1103 2211 1164 2249 vis
1181 2215 1332 2251 coorta.
1374 2211 1522 2259 Quem·
1540 2213 1563 2249 2

75 2300 230 2337 cunque
253 2286 372 2323 lictor
398 2286 509 2323 iussu
536 2285 710 2322 consulis
737 2285 978 2335 prendisset,
1007 2284 1195 2323 tribunus
1219 2283 1326 2321 mitti
1344 2283 1528 2342 iubebat3

74 2373 203 2410 neque
235 2372 348 2397 suum
383 2358 526 2407 cuique
559 2358 620 2394 ius
652 2357 812 2396 modum
845 2356 1030 2403 faciebat,
1071 2356 1140 2394 sed
1172 2356 1320 2393 virium
1353 2369 1455 2406 spes,
1490 2358 1528 2392 et

76 2445 196 2470 manu
229 2430 491 2469 obtinendum
525 2433 621 2477 erat,
652 2429 761 2480 quod
792 2429 1034 2468 intenderes.

190 2502 531 2551 Quemadmodum
560 2516 600 2540 se
616 2501 772 2539 tribuni
795 2502 1014 2551 gessissent
1031 2501 1071 2538 in
1089 2499 1340 2551 prohibendo
1359 2498 1526 2543 dilectu,
1544 2496 1567 2533 3

75 2576 131 2613 sic
161 2579 296 2626 patres
328 2576 370 2613 in
401 2575 504 2625 lege,
544 2587 634 2625 quae
664 2588 737 2625 per
768 2588 903 2612 omnes
935 2573 1156 2612 comitiales
1189 2572 1274 2609 dies
1307 2570 1524 2618 ferebatur,

76 2648 333 2698 impedienda
373 2647 580 2697 gerebant.
650 2647 818 2685 Initium
860 2650 947 2684 erat
986 2646 1109 2693 rixae,
1157 2656 1279 2693 quum
1319 2641 1568 2680 discedere4

74 2719 266 2769 populum
298 2719 510 2758 iussissent
539 2719 713 2770 tribuni,
756 2719 865 2769 quod
907 2722 1043 2768 patres
1075 2729 1115 2754 se
1148 2714 1389 2753 summoveri
1420 2713 1528 2752 haud
