1821 2928
454 83 570 119 Liber
593 83 655 118 IV.
700 86 761 128 (A.
788 84 852 119 Ch.
878 85 1085 127 444—443.)
1429 87 1511 125 205

77 225 167 262 que,
200 224 368 262 quorum
394 211 443 249 de
461 211 669 250 consulatu
702 211 926 261 dubitatur,
957 216 1002 249 ut
1033 224 1078 249 eo
1107 211 1344 260 magistratu
1370 224 1512 261 parum

75 283 250 322 solidum
274 284 524 322 consulatum
549 284 768 333 explerent,
800 285 934 321 censui
951 283 1105 333 agendo
1122 283 1295 333 populus
1311 283 1512 332 suffragiis

76 355 270 406 praefecit.
331 355 524 394 Censores
555 355 606 393 ab
638 368 681 392 re
713 355 905 406 appellati
937 359 1041 395 sunt.

189 426 300 465 Dum
330 428 414 465 haec
431 427 568 465 Romae
599 431 805 476 geruntur,
836 427 960 476 legati
991 426 1041 464 ab
1059 427 1198 464 Ardea
1228 427 1405 473 veniunt,
1435 439 1508 477 pro
1598 421 1624 470 9

74 499 290 538 veterrima
319 500 510 538 societate
537 504 808 549 renovatoque
834 498 983 537 foedere
999 499 1152 536 recenti
1171 499 1369 536 auxilium
1386 511 1511 549 prope

73 584 222 610 eversae
252 572 344 610 urbi
376 572 648 622 implorantes.
696 571 796 609 Frui
826 584 997 620 namque
1028 584 1126 621 pace
1158 571 1306 621 optimo
1339 570 1508 609 consilio
1529 571 1551 607 2

74 656 164 681 cum
202 643 352 694 populo
382 643 563 681 Romano
604 646 761 681 servata
801 656 872 693 per
903 643 1096 681 intestina
1126 656 1237 681 arma
1268 656 1347 680 non
1379 643 1512 689 licuit;

74 727 244 765 quorum
277 728 395 754 causa
426 718 545 765 atque
579 715 738 752 initium
769 715 947 753 traditur
977 729 1025 752 ex
1055 715 1271 753 certamine
1295 714 1513 752 factionum

75 789 220 836 ortum,
253 800 341 837 quae
372 788 535 825 fuerunt
567 791 761 837 eruntque
791 787 975 838 pluribus
1005 787 1166 837 populis
1199 787 1356 837 [magis]
1389 787 1554 825 exitio3

74 871 193 909 quam
232 859 339 898 bella
375 863 555 905 externa,
603 872 721 910 quam
760 860 883 897 fames
914 859 1114 908 morbive,
1160 871 1328 909 quaeque
1360 859 1441 896 alia
1472 859 1513 897 in

73 930 191 968 deum
223 931 302 969 iras
331 931 441 969 velut
472 932 612 969 ultima
643 931 895 981 publicorum
926 931 1121 969 malorum
1152 934 1325 970 vertunt.
1373 930 1507 980 Virgi-
1527 931 1552 967 4

74 1015 165 1040 nem
210 1003 362 1053 plebeii
405 1004 563 1052 generis
607 1004 776 1042 maxime
817 1004 946 1041 forma
983 1007 1120 1041 notam
1151 1003 1307 1053 petiere
1342 1003 1512 1041 iuvenes

72 1074 177 1112 alter
207 1075 357 1124 virgini
389 1088 535 1124 genere
566 1089 651 1125 par,
682 1076 884 1113 tutoribus
909 1076 1047 1125 fretus,
1079 1075 1150 1125 qui
1175 1079 1214 1113 et
1237 1075 1314 1125 ipsi
1331 1075 1512 1113 eiusdem

74 1147 256 1196 corporis
273 1150 398 1192 erant,
431 1148 582 1185 nobilis
600 1148 713 1194 alter,
744 1148 854 1186 nulla
870 1162 913 1186 re
930 1151 1198 1198 praeterquam
1215 1147 1343 1185 forma
1360 1151 1524 1197 captus.'

71 1218 338 1258 Adiuvabant
363 1232 452 1256 eum
477 1220 726 1270 optimatium
746 1220 892 1270 studia,
924 1234 995 1270 per
1012 1233 1099 1269 quae
1117 1221 1157 1257 in
1175 1219 1334 1257 domum
1351 1232 1510 1269 quoque
1530 1218 1552 1255 5

71 1291 218 1341 puellae
250 1294 448 1328 certamen
479 1291 656 1341 partium
689 1293 925 1341 penetravit.
973 1292 1133 1330 Nobilis
1158 1291 1341 1341 superior
1358 1290 1510 1328 iudicio

71 1363 212 1400 matris
229 1376 328 1411 esse,
339 1376 426 1412 quae
437 1376 555 1412 quam
573 1363 906 1413 splendidissimis
922 1364 1079 1414 nuptiis
1094 1363 1206 1413 iungi
1219 1363 1391 1413 puellam
1403 1362 1508 1401 vole·

72 1434 162 1480 bat;
194 1438 346 1472 tutores
364 1435 406 1471 in
433 1448 478 1472 ea
498 1448 657 1484 quoque
672 1448 714 1473 re
730 1436 904 1486 partium
923 1449 1112 1474 memores
1130 1435 1180 1474 ad
1197 1448 1310 1473 suum
1326 1435 1506 1474 tendere.

72 1504 206 1552 Quum
238 1519 300 1543 res
332 1507 470 1556 peragi
501 1507 608 1545 intra
638 1508 813 1557 parietes
837 1509 1052 1558 nequisset,
1084 1511 1248 1547 ventum
1281 1507 1322 1544 in
1348 1507 1408 1544 ius
1436 1509 1506 1544 est.
1526 1507 1548 1544 6

73 1577 290 1615 Postulatu
331 1578 467 1616 audito
508 1579 647 1617 matris
677 1582 955 1630 tutorumque.
995 1580 1257 1629 magistratus
1289 1578 1508 1617 secundum

71 1650 252 1700 parentis
284 1650 496 1687 arbitrium
522 1651 620 1689 dant
643 1653 705 1689 ius
721 1652 965 1702 nuptiarum.
1012 1651 1092 1690 Sed
1109 1652 1171 1690 vis
1187 1652 1392 1702 potentior
1409 1651 1506 1696 fuit;
1528 1652 1548 1686 7

71 1734 242 1771 namque
271 1725 436 1769 tutores,
469 1723 576 1760 inter
606 1736 686 1760 suae
718 1724 846 1774 partis
878 1725 1059 1763 homines
1093 1725 1141 1762 de
1174 1724 1324 1762 iniuria
1356 1722 1508 1760 decreti

71 1794 206 1844 palam
239 1794 280 1831 in
312 1795 398 1831 foro
424 1795 659 1842 contionati,
690 1809 810 1834 manu
827 1797 933 1835 facta
949 1797 1149 1845 virginem
1167 1810 1216 1833 ex
1234 1795 1351 1834 domo
1368 1794 1508 1832 matris

71 1866 257 1916 rapiunt;
296 1866 483 1904 adversus
516 1880 615 1916 quos
646 1867 831 1906 infestior
863 1873 999 1906 coorta
1030 1868 1284 1918 optimatium
1316 1868 1419 1905 acies
1451 1879 1507 1904 se·
1526 1867 1551 1904 8

70 1938 209 1988 quitur
239 1950 447 1976 accensum
480 1939 629 1977 iniuria
659 1940 852 1977 iuvenem.
900 1941 970 1978 Fit
999 1941 1186 1990 proelium
1213 1943 1338 1978 atrox.
1385 1939 1510 1977 Pulsa

72 2008 200 2060 plebs,
233 2010 335 2047 nihil
365 2009 557 2049 Romanae
589 2011 699 2061 plebi
729 2012 889 2058 similis,
922 2016 1075 2050 armata
1107 2026 1154 2050 ex
1185 2013 1282 2050 urbe
1314 2012 1508 2062 profecta,

73 2081 176 2120 colle
207 2081 380 2132 quodam
412 2086 540 2132 capto,
573 2082 614 2120 in
645 2096 764 2132 agros
795 2085 1049 2134 optimatium
1082 2098 1170 2122 cum
1201 2085 1308 2122 ferro
1340 2084 1508 2134 ignique

73 2153 327 2192 excursiones
358 2154 474 2201 facit3
522 2155 660 2192 urbem
693 2168 864 2205 quoque,
895 2156 1014 2204 omni,
1057 2157 1178 2194 etiam
1211 2160 1378 2207 experte
1410 2158 1503 2194 ante
1523 2156 1546 2192 9

72 2226 320 2274 certaminis,
354 2225 616 2264 multitudine
648 2227 835 2277 opificum
867 2227 917 2266 ad
935 2242 1043 2279 spem
1059 2229 1205 2279 praedae
1232 2232 1408 2275 evocata,
1440 2228 1507 2267 ob-

74 2297 206 2335 sidere
237 2300 369 2347 parat;
402 2311 474 2335 nec
497 2298 583 2335 ulla
607 2299 758 2348 species
785 2300 998 2351 cladesque
1014 2301 1113 2339 belli
1130 2302 1251 2348 abest,
1281 2301 1393 2339 velut
1410 2313 1501 2338 con·
1524 2300 1573 2338 10

75 2371 183 2407 tacta
206 2369 371 2407 civitate
396 2370 507 2407 rabie
532 2369 700 2408 duorum
726 2371 914 2410 iuvenum
930 2373 1106 2411 funestas
1123 2373 1283 2424 nuptias
1300 2386 1348 2411 ex
1366 2383 1508 2410 occasu

73 2440 213 2490 patriae
244 2441 476 2491 petentium.
524 2442 674 2480 Parum
691 2444 798 2493 parti
813 2445 973 2495 utrique
990 2445 1098 2483 domi
1114 2458 1311 2484 armorum
1330 2444 1506 2492 bellique
1526 2444 1573 2480 ll

75 2515 135 2550 est
174 2512 322 2559 visum3
370 2513 582 2564 optimates
612 2514 814 2554 Romanos
854 2516 904 2554 ad
935 2517 1131 2555 auxilium
1171 2517 1284 2555 urbis
1324 2516 1507 2568 obsessae,

75 2583 191 2633 plebs
207 2583 258 2622 ad
275 2586 582 2635 expugnandam
598 2599 729 2625 secum
738 2587 918 2627 Ardeam
929 2588 1095 2627 Volscos
1112 2589 1306 2626 excivere.
1340 2587 1505 2626 Priores
1525 2588 1574 2625 12

76 2653 215 2693 Volsci
246 2656 346 2695 duce
363 2657 498 2707 AEquo
516 2657 664 2697 Cluilio
682 2658 859 2697 Ardeam
884 2673 1028 2699 venere
1051 2664 1090 2698 et
1115 2660 1308 2697 moenibus
1332 2658 1506 2697 hostium
