1821 2928
254 157 307 196 42
886 151 1001 186 Liber
1024 152 1050 185 Ι.

255 293 390 317 servus
408 292 521 317 serva
539 283 654 315 natus
671 277 884 327 possideat.
931 279 1062 326 Quum
1090 292 1293 316 commune
1310 279 1483 317 Romani
1501 279 1685 327 nominis,

254 356 336 387 tum
381 350 580 400 praecipue
626 349 667 386 id
708 349 847 387 domus
879 363 958 387 suae
991 350 1160 388 dedecus
1192 351 1288 398 fore,
1335 350 1381 397 si,
1427 349 1535 387 Anci
1579 350 1686 399 regis

254 422 364 459 virili
396 422 520 470 stirpe
552 420 673 468 salva,
703 434 782 458 non
807 422 923 459 modo
949 421 1126 468 advenis,
1157 422 1226 459 sed
1243 421 1368 459 servis
1385 421 1503 460 etiam
1520 434 1685 470 regnum

211 496 238 531 4
256 494 393 531 Romae
420 497 585 542 pateret.
633 492 758 530 Ferro
786 493 913 542 igitur
939 506 1022 530 eam
1041 506 1174 531 arcere
1192 492 1471 530 contumeliam
1488 494 1685 538 statuunt;

253 565 321 602 sed
367 568 406 601 et
450 563 607 600 iniuriae
654 564 767 601 dolor
813 564 852 601 in
884 563 1147 613 Tarquinium
1178 566 1307 614 ipsum
1339 563 1464 612 magis
1495 576 1613 613 quam
1645 563 1685 600 in

255 635 438 673 Servium
471 648 536 672 eos
569 635 813 684 stimulabat.
847 640 885 672 et
918 636 1011 684 quia
1035 636 1196 684 gravior
1213 636 1318 673 ultor
1336 634 1465 682 caedis,
1495 634 1530 672 si
1547 647 1684 685 super-

253 711 365 752 esset,
412 721 482 744 rex
529 707 685 744 futurus
735 711 819 744 erat
859 720 975 755 quam
1006 707 1208 756 privatus;
1254 710 1338 743 tum
1369 705 1508 744 Servio
1539 706 1683 755 occiso,

253 791 525 828 quemcunque
552 778 674 815 alium
701 791 888 826 generum
915 778 1139 826 delegisset,
1174 777 1342 815 eundem
1367 777 1480 826 regni
1497 777 1684 814 heredem

210 850 234 887 5
254 851 430 888 facturus
461 849 691 893 videbatur;
738 850 786 887 ob
829 849 909 886 haec
943 850 1020 899 ipsi
1050 850 1136 898 regi
1168 849 1325 886 insidiae
1356 852 1561 898 parantur.
1622 848 1683 886 Ex

252 921 481 971 pastoribus
515 921 592 957 duo
624 921 862 958 ferocissimi
895 921 1041 958 delecti
1068 921 1116 958 ad
1141 921 1309 967 facinus,
1340 920 1486 970 quibus
1504 920 1684 958 consueti

253 998 365 1031 erant
391 998 558 1042 uterque
587 992 811 1040 agrestibus
829 992 1092 1038 ferramentis,
1125 993 1165 1029 in
1182 991 1381 1030 vestibulo
1399 991 1534 1041 regiae,
1565 1004 1683 1041 quam

253 1069 418 1115 potuere
449 1063 816 1100 tumultuosissimae
848 1064 979 1112 specie
1012 1064 1106 1100 rixae
1139 1064 1179 1100 in
1211 1077 1251 1101 se
1283 1075 1416 1100 omnes
1433 1062 1682 1112 apparitores

251 1136 383 1184 regios
402 1138 637 1172 convertunt
650 1149 657 1179 ;
670 1134 774 1181 inde,
786 1148 906 1183 quum
919 1135 1034 1172 ambo
1047 1149 1180 1184 regem
1194 1135 1445 1184 appellarent
1456 1134 1682 1183 clamorque

251 1220 384 1244 eorum
409 1206 567 1255 penitus
592 1207 631 1242 in
658 1206 811 1254 regiam
836 1207 1096 1256 pervenisset,
1129 1206 1259 1244 vocati
1283 1205 1333 1243 ad
1350 1218 1482 1253 regem
1498 1209 1680 1255 pergunt.

209 1281 231 1316 6
252 1278 388 1315 Primo
421 1282 588 1326 uterque
620 1277 830 1314 vociferari
862 1282 899 1314 et
932 1278 1112 1314 certatim
1145 1278 1248 1314 alter
1280 1277 1396 1314 alteri
1427 1277 1679 1326 obstrepere3

252 1349 415 1387 coerciti
463 1349 511 1386 ab
557 1349 697 1386 lictore
730 1353 767 1386 et
798 1349 896 1386 iussi
928 1350 967 1385 in
1000 1350 1127 1386 vicem
1159 1349 1293 1386 dicere
1326 1348 1486 1385 tandem
1517 1348 1682 1397 obloqui

209 1423 231 1458 7
250 1422 467 1467 desistunt;
497 1433 598 1457 unus
630 1433 713 1457 rem
745 1434 791 1457 ex
825 1421 1041 1469 composito
1075 1420 1242 1457 orditur.
1290 1420 1421 1466 Quum
1447 1419 1622 1457 intentus
1640 1420 1681 1457 in

252 1506 339 1530 eum
386 1506 426 1529 se
472 1505 542 1528 rex
582 1496 688 1529 totus
722 1496 931 1536 averteret,
979 1492 1081 1528 alter
1112 1492 1255 1528 elatam
1287 1490 1458 1528 securim
1489 1490 1530 1527 iu
1562 1493 1681 1540 caput

252 1564 407 1609 deiecit,
439 1564 660 1612 relictoque
693 1563 733 1600 in
766 1564 928 1600 vulnere
959 1563 1039 1600 telo
1072 1563 1186 1601 ambo
1218 1576 1258 1600 se
1289 1563 1395 1600 foras
1427 1561 1607 1602 eiiciunt.

111 1632 166 1680 41
362 1633 625 1683 Tarquinium
644 1634 922 1671 moribundum
941 1647 1074 1683 quum,
1086 1634 1155 1682 qui
1167 1634 1273 1671 circa
1282 1637 1408 1681 erant,
1420 1632 1678 1682 excepissent,

248 1707 337 1743 illos
368 1706 568 1755 fugientes
599 1706 760 1743 lictores
793 1705 1144 1755 comprehendunt.
1203 1703 1360 1742 Clamor
1391 1703 1484 1741 inde
1516 1716 1678 1741 concur-

247 1791 391 1827 susque
424 1777 605 1827 [populi,]
634 1777 878 1823 mirantium,
912 1776 1009 1825 quid
1034 1776 1091 1813 rei
1117 1778 1229 1813 esset.
1277 1774 1477 1824 Tanaquil
1496 1775 1601 1812 inter
1616 1778 1677 1812 tu-

246 1850 412 1886 multum
461 1848 594 1886 claudi
639 1849 788 1897 regiam
836 1848 956 1893 iubet,
1003 1847 1176 1885 arbitros
1217 1847 1338 1884 eiicit.
1400 1844 1543 1895 Simul,
1590 1859 1677 1895 quae

247 1921 422 1958 curando
468 1920 623 1958 vulneri
669 1933 767 1969 opus
799 1923 901 1965 suut,
947 1923 1136 1968 tanquam
1182 1931 1270 1967 spes
1302 1917 1494 1964 subesset,
1539 1917 1675 1955 sedulo

246 1995 460 2041 comparat,
506 1991 636 2041 simul,
685 1991 718 2028 si
768 1991 960 2028 destituat
1004 2004 1105 2040 spes,
1151 1990 1230 2027 alia
1274 1988 1461 2039 praesidia
1500 1988 1675 2026 molitur.

207 2064 229 2099 2
248 2061 389 2100 Servio
416 2075 587 2112 propere
603 2063 729 2100 accito
747 2075 867 2111 quum
884 2075 995 2111 paene
1020 2073 1260 2110 exsanguem
1277 2060 1407 2097 virum
1424 2059 1675 2110 ostendisset,

248 2134 428 2170 dextram
460 2136 597 2170 tenens
629 2137 728 2181 orat,
776 2146 823 2170 ne
857 2133 1025 2170 inultam
1057 2135 1221 2170 mortem
1252 2131 1393 2177 soceri,
1439 2144 1488 2168 ne
1519 2143 1674 2169 socrum

206 2203 421 2241 3inimicis
453 2204 630 2241 ludibrio
663 2217 746 2241 esse
779 2204 895 2242 sinat.
958 2203 1112 2251 „Tuum
1143 2206 1227 2240 est“
1261 2202 1404 2252 inquit,
1440 2201 1593 2251 „Servi,
1638 2203 1670 2240 si

244 2275 306 2313 vir
345 2288 397 2323 es,
445 2288 621 2323 regnum,
669 2288 747 2312 non
779 2288 926 2324 eorum,
975 2275 1043 2323 qui
1074 2274 1215 2311 alienis
1246 2274 1430 2311 manibus
1461 2273 1671 2323 pessimum

243 2347 394 2384 facinus
424 2345 562 2382 fecere.
623 2345 743 2394 Erige
774 2349 813 2382 te
846 2346 1018 2395 deosque
1051 2346 1170 2383 duces
1201 2358 1378 2394 sequere,
1423 2344 1493 2393 qui
1523 2345 1673 2382 clarum

243 2417 317 2455 1100
347 2419 429 2455 fore
462 2420 580 2465 caput
612 2416 749 2453 divino
783 2417 983 2465 quondam
1008 2417 1244 2454 circumfuso
1270 2416 1355 2465 igni
1372 2415 1672 2465 portenderunt.

242 2488 358 2526 Nunc
389 2492 428 2525 te
459 2488 528 2525 illa
559 2486 728 2524 caelestis
759 2487 907 2523 excitet
932 2487 1105 2533 flamma;
1136 2500 1240 2525 nunc
1265 2487 1542 2536 expergiscere
1568 2499 1671 2525 vere.

242 2559 295 2597 Et
340 2573 409 2597 nos
455 2557 658 2609 peregrini
689 2558 959 2606 regnavimus;
1009 2558 1078 2606 qui
1109 2559 1175 2603 sis,
1207 2571 1285 2595 non
1316 2558 1422 2595 unde
1455 2559 1572 2594 natus
1603 2557 1672 2604 sis,

241 2634 395 2680 reputa.
441 2629 485 2667 Si
509 2632 578 2666 tua
601 2642 642 2666 re
666 2628 797 2666 subita
814 2628 987 2666 consilia
1012 2631 1187 2677 torpent,
1214 2632 1255 2666 at
1280 2631 1324 2665 tu
1350 2640 1436 2665 mea
1460 2630 1666 2677 sequere.“

197 2700 372 2747 4Quum
404 2700 554 2738 clamor
586 2700 837 2750 impetusque
869 2698 1141 2736 multitudinis
1158 2699 1225 2736 vix
1241 2698 1430 2736 sustineri
1446 2702 1591 2748 posset,
1622 2712 1670 2737 ex
