1821 2928
317 108 396 145 236
701 102 811 137 Liber
837 101 904 136 IV.
954 104 1012 145 (A.
1039 114 1074 137 u.
1101 114 1131 136 c.
1156 104 1362 145 332—334.)

273 232 298 269 8
316 232 544 276 valuissent,
575 243 615 267 se
640 233 787 267 vestem
814 242 901 267 cum
929 243 973 268 eo
999 233 1229 276 mutaturos,
1260 234 1342 267 tum
1367 229 1609 268 Hortensius
1629 229 1741 276 „Non

314 303 490 340 videbit‘·
527 302 660 351 inquit
694 301 833 351 „plebs
864 301 1045 339 Romana
1075 300 1299 338 sordidatos
1329 301 1513 339 tribunos
1544 314 1646 339 suos.
1700 301 1741 339 C.

315 374 597 424 Sempronium
628 373 729 410 nihil
760 386 902 419 moror,
933 372 1092 422 quando
1123 372 1197 410 hoc
1229 375 1288 410 est
1319 372 1358 409 in
1376 372 1541 422 imperio
1559 385 1742 410 consecu-

275 448 297 484 9
316 450 391 493 tus,
421 451 465 483 ut
497 449 577 483 tam
609 458 722 482 carus
754 448 854 482 esset
885 444 1115 482 militibus,“
1151 444 1234 482 Nec
1260 444 1386 494 pietas
1412 446 1602 494 quattuor
1617 444 1743 481 tribu-

314 531 453 555 norum
499 530 618 566 quam
649 516 857 554 Hortensii
895 519 977 554 tam
1014 516 1212 565 placabile
1254 516 1305 553 ad
1346 516 1470 553 iustas
1510 528 1646 565 preces
1685 516 1742 553 in-

314 589 477 639 genium
507 588 659 638 pariter
689 588 798 637 plebi
829 587 1090 637 patribusque
1122 588 1274 636 gratius
1304 587 1392 624 fuit.

249 662 299 699 10
429 660 520 698 Non
552 659 702 697 diutius
732 660 890 697 fortuna
922 658 1066 708 AEquis
1098 658 1275 706 indulsit,
1307 659 1376 709 qui
1407 658 1634 708 ambiguam
1664 659 1742 696 vic-

180 729 239 778 43
313 732 459 769 toriam
491 731 728 770 Volscorum
767 744 839 781 pro
870 743 941 768 sua
972 730 1149 780 amplexi
1180 731 1346 768 fuerant.
1408 730 1596 768 Proximo
1628 743 1743 775 anno,

107 805 296 875 ἕὲἫέΞΞῨ
315 804 431 842 Num.
455 802 583 840 Fabio
609 802 825 849 Vibulano,
856 802 902 840 T.
928 802 1118 850 Quinctio
1144 801 1368 852 Capitolini
1397 801 1480 839 filio
1513 801 1743 852 Capitolino

139 867 145 874 ’
212 868 216 873 ”
290 868 556 921 'consulibua
589 874 710 911 ductu
727 874 856 921 Fabii,
887 875 951 912 cui
981 877 1086 912 sorte
1117 887 1163 911 ea
1192 873 1402 924 provincia
1419 877 1615 920 evenerat,
1645 873 1741 911 nihil

273 949 297 988 2
315 947 479 996 dignum
510 950 728 984 memoratu
759 950 907 993 aotum3
941 959 1061 996 quum
1085 945 1285 995 trepidam
1307 948 1462 983 tantum
1479 944 1745 983 ostendissent

314 1019 437 1056 aciem
455 1018 593 1068 AEqui,
615 1019 726 1068 turpi
743 1019 838 1068 fuga
854 1017 1088 1064 funduntur,
1112 1017 1218 1055 haud
1245 1030 1385 1066 magno
1405 1017 1577 1055 consulis
1593 1016 1745 1054 decore.

313 1091 457 1140 Itaque
502 1090 727 1139 triumphus
767 1093 946 1138 negatus,
992 1092 1165 1127 ceterum
1207 1089 1258 1127 ob
1290 1088 1586 1138 Sempronianae
1617 1088 1743 1126 cladis

313 1162 484 1200 levatam
517 1161 792 1210 ignominiam,
823 1165 868 1199 ut
899 1174 1020 1199 ovans
1050 1160 1189 1198 urbem
1214 1161 1393 1207 intraret,
1424 1173 1650 1198 concessum
1676 1165 1745 1197 est.

273 1235 297 1271 3
429 1233 772 1280 Quemadmodum
804 1233 955 1270 bellum
986 1233 1148 1279 minore,
1180 1245 1298 1282 quam
1320 1232 1548 1278 timuerant,
1581 1231 1743 1269 dimica-

312 1306 420 1343 tione
444 1308 531 1342 erat
554 1305 786 1354 perfectum,
810 1304 924 1342 sicin
950 1304 1050 1342 urbe
1068 1317 1116 1341 ex
1132 1304 1351 1353 tranquillo
1367 1304 1605 1353 necopinata
1621 1303 1743 1341 moles

314 1376 604 1414 discordiarum
649 1376 751 1414 inter
793 1376 950 1426 plebem
995 1389 1039 1413 ac
1080 1379 1212 1425 patres
1244 1379 1383 1413 exorta
1413 1378 1484 1422 est,
1532 1378 1663 1424 coepta
1694 1374 1743 1411 ab

269 1448 557 1498 4duplicando
602 1451 842 1497 quaestorum
887 1460 1063 1485 numero.
1138 1447 1266 1494 Quam
1312 1460 1406 1493 rem,
1454 1450 1600 1496 praeter
1645 1446 1744 1484 duos

312 1521 485 1558 urbanos
518 1523 734 1569 quaestores
766 1519 844 1557 duo
869 1522 914 1556 ut
931 1519 1159 1557 consulibus
1176 1519 1225 1556 ad
1243 1518 1466 1556 ministeria
1482 1518 1582 1556 belli
1598 1521 1742 1568 praesto

313 1595 455 1637 essent,
487 1605 510 1628 a
542 1590 774 1628 consulibus
806 1591 973 1628 relatam
1005 1604 1125 1640 quum
1158 1595 1196 1627 et
1226 1594 1359 1640 patres
1390 1603 1541 1628 summa
1572 1602 1645 1639 ope
1676 1602 1742 1638 ap-

313 1662 559 1713 probassent,
604 1662 758 1699 tribuni
789 1661 899 1710 plebi
929 1666 1130 1699 certamen
1162 1662 1395 1707 intulerunt,
1440 1665 1486 1698 ut
1515 1674 1608 1710 pars
1639 1672 1742 1709 quae·

313 1738 463 1773 storum
503 1735 611 1776 (nam
649 1733 699 1771 ad
738 1732 778 1770 id
815 1737 970 1782 tempus
1007 1733 1169 1782 patricii
1209 1723 1332 1770 creati
1370 1734 1499 1781 erant)
1541 1745 1588 1769 ex
1628 1731 1743 1782 plebe

273 1805 296 1842 5
315 1807 438 1843 fieret.
493 1804 697 1843 Adversus
729 1817 844 1854 quam
877 1805 1071 1842 actionem
1102 1805 1231 1854 primo
1261 1808 1299 1841 et
1330 1805 1509 1843 consules
1540 1806 1581 1841 et
1610 1807 1743 1853 patres

314 1891 465 1915 summa
496 1890 570 1926 ope
587 1876 715 1914 annisi
730 1879 839 1922 sunt;
871 1875 1122 1913 concedendo
1141 1876 1297 1919 deinde,
1328 1880 1383 1922 ut,
1415 1874 1743 1926 quemadmodum

314 1951 354 1986 in
379 1949 553 1986 tribunis
571 1948 772 1985 consulari
789 1950 986 1997 potestate
1003 1948 1184 1985 creandis
1200 1948 1261 1985 ius
1278 1948 1424 1985 sissent
1439 1946 1656 1997 adaequari,
1683 1947 1743 1984 ita

315 2022 354 2058 in
385 2019 650 2069 quaestoribus
681 2019 851 2057 liberum
883 2023 985 2057 esset
1015 2020 1224 2057 arbitrium
1256 2019 1409 2069 populi,
1449 2031 1572 2068 quum
1603 2031 1743 2068 parum

313 2091 561 2141 proficerent,
591 2095 714 2128 totam
741 2104 821 2128 rem
841 2091 889 2128 de
906 2091 1085 2141 augendo
1103 2094 1345 2140 quaestorum
1361 2103 1524 2128 numero
1542 2089 1740 2127 omittunt.

273 2163 531 2213 6Excipiunt
577 2163 757 2199 omissam
801 2163 970 2209 tribuni,
1015 2163 1184 2212 aliaeque
1215 2161 1397 2208 subinde,
1442 2161 1547 2198 inter
1577 2173 1674 2210 quas
1705 2163 1742 2197 et

313 2234 481 2283 agrariae
509 2234 622 2283 legis,
653 2234 853 2271 seditiosae
880 2235 1055 2272 actiones
1072 2234 1286 2279 exsistunt3
1318 2236 1481 2282 propter
1498 2245 1597 2282 quos
1614 2235 1742 2269 motus

314 2319 435 2355 quum
480 2308 640 2343 senatus
688 2305 868 2342 consules
900 2318 1018 2355 quam
1047 2305 1232 2342 tribunos
1263 2303 1390 2341 creari
1420 2303 1569 2350 mallet,
1613 2315 1741 2352 neque

313 2380 446 2427 posset
485 2390 556 2427 per
601 2377 903 2414 intercessiones
933 2376 1168 2413 tribunicias
1199 2378 1358 2412 senatus
1389 2374 1612 2412 consultum
1642 2373 1741 2419 fieri,

274 2449 295 2484 7
314 2462 377 2486 res
407 2448 568 2498 publica
598 2461 621 2485 a
647 2447 878 2485 consulibus
905 2447 955 2484 ad
974 2447 1259 2496 interregnum,
1289 2458 1418 2495 neque
1433 2445 1474 2483 id
1490 2445 1619 2495 ipsum
1635 2444 1741 2492 (nam

313 2520 418 2557 coire
434 2518 623 2569 patricios
638 2518 792 2555 tribuni
810 2517 1091 2568 prohibebant)
1105 2518 1188 2555 sine
1200 2517 1417 2555 certamine
1427 2516 1592 2564 ingenti,
1607 2515 1741 2552 rediit.

273 2590 298 2627 8
318 2590 446 2637 Quum
485 2603 578 2640 pars
609 2589 736 2627 maior
767 2589 1010 2638 insequentis
1043 2589 1136 2626 anni
1166 2602 1237 2638 per
1267 2600 1389 2626 novos
1419 2586 1600 2624 tribunos
1631 2586 1741 2637 plebi
