1821 2928
488 125 605 161 Liber
628 125 702 161 ΙΙΙ.
753 127 814 170 (A.
842 125 906 160 Ch.
932 125 1141 164 463-462.)
1470 126 1546 163 133

103 269 191 294 men
223 268 347 306 prope
380 255 554 293 deletum
587 259 658 294 est.
720 254 932 292 Tredecim
961 254 1090 292 millia
1115 252 1433 304 quadringentos
1461 264 1548 301 sep-

101 328 285 378 tuaginta
310 327 499 366 cecidisse
525 328 567 365 in
593 327 676 365 acie
701 341 745 365 ac
772 327 882 376 fuga,
915 327 1026 364 mille
1043 326 1322 377 septingentos
1351 324 1548 374 quiuqua-

104 401 218 451 ginta
248 400 361 438 vivos
393 404 549 450 captos,
590 401 703 450 signa
735 400 882 449 viginti
913 403 1062 449 septem
1094 398 1285 436 militaria
1315 397 1464 446 relata,
1510 396 1549 433 in

107 473 348 525 quibusdam
383 473 599 510 annalibus
632 473 806 519 invenio⁷
849 472 918 510 ubi
951 472 1025 509 etsi
1057 471 1256 509 adiectum
1289 469 1446 520 aliquid
1478 482 1548 506 nu-

101 559 210 583 mero
229 546 292 593 sit,
324 559 470 595 magna
487 549 593 583 certe
610 545 740 584 caedes
756 546 844 584 fuit.
893 544 1039 582 Victor
1056 544 1206 591 consul,
1238 542 1393 592 ingenti
1409 540 1545 592 praeda
1566 539 1614 576 11

100 619 265 669 potitus,
297 617 435 656 eodem
460 619 501 655 in
530 619 677 655 stativa
701 618 833 655 rediit.
889 616 992 654 Tum
1020 617 1201 654 consules
1229 618 1360 653 castra
1386 614 1550 652 coniun-

101 694 219 741 gunt,
263 693 303 728 et
334 689 475 729 Volsci
508 690 714 741 AEquique
746 690 918 728 afflictas
965 690 1070 728 vires
1102 702 1192 727 suas
1234 688 1273 725 in
1304 700 1425 725 unum
1459 700 1550 724 con-

100 764 242 802 tulere.
303 762 443 801 Tertia
476 763 546 800 illa
577 777 712 813 pugna
744 777 788 801 eo
821 776 924 800 anno
957 763 1046 801 fuit.
1107 760 1258 799 Eadem
1282 761 1443 798 fortuna
1468 759 1550 796 vic-

100 837 245 875 toriam
279 835 406 882 dedit3
439 836 538 874 fusis
570 836 751 873 hostibus
783 836 904 874 etiam
937 839 1067 873 castra
1098 839 1227 884 capta.

216 907 284 946 Sic
315 922 379 946 res
405 908 588 946 Romana
621 909 663 946 in
695 909 905 958 antiquum
939 911 1086 946 statum
1118 906 1254 953 rediit,
1287 904 1552 954 secundaeque
1643 898 1669 946 9

100 981 198 1020 belli
240 995 304 1019 res
343 981 546 1031 extemplo
584 981 758 1018 urbanos
797 984 928 1018 motus
973 980 1263 1018 excitaverunt..
1326 978 1369 1018 C.
1403 977 1595 1015 Teren-2

102 1054 216 1091 tilius
233 1053 369 1091 Harsa
400 1054 585 1091 tribunus
618 1054 751 1104 plebis
783 1067 828 1091 eo
861 1067 965 1092 anno
998 1053 1085 1090 fuit.
1145 1052 1187 1089 Is
1220 1050 1452 1090 consulibus
1484 1049 1550 1086 ab·

99 1126 280 1166 sentibus
311 1130 423 1164 ratus
455 1127 585 1164 locum
610 1126 838 1164 tribuniciis
865 1125 1092 1164 actionibus
1118 1125 1267 1171 datum,
1300 1137 1372 1174 per
1396 1123 1552 1173 aliquot

101 1199 188 1237 dies
212 1202 371 1250 patrum
399 1199 628 1249 superbiam
658 1198 708 1236 ad
734 1199 892 1249 plebem
919 1198 1167 1245 criminatus,
1199 1198 1368 1235 maxime
1393 1195 1434 1232 in
1461 1208 1551 1231 con-

100 1272 233 1310 sulare
259 1272 470 1322 imperium
498 1277 690 1322 tanquam
717 1272 884 1309 nimium
902 1284 974 1309 nec
1001 1270 1220 1308 tolerabile
1239 1270 1377 1307 liberae
1395 1266 1552 1305 civitati

100 1345 378 1384 invehebatur.
438 1343 611 1382 Nomine
637 1344 740 1381 enim
767 1347 922 1381 tantum
947 1343 1077 1380 minus
1105 1341 1362 1387 invidiosum,
1393 1353 1436 1377 re
1462 1340 1547 1389 ipsa
1568 1338 1590 1375 3

99 1430 226 1467 prope
257 1417 433 1454 atrocius
466 1429 585 1466 quam
617 1416 771 1465 regium
804 1429 910 1462 esse3
949 1415 1099 1466 quippe
1131 1414 1230 1452 duos
1261 1428 1334 1465 pro
1365 1427 1445 1451 uno
1478 1412 1586 1452 (lo-4

101 1489 231 1526 minos
263 1492 458 1538 acceptos,
489 1488 763 1533 immoderata,
794 1487 952 1525 infinita
977 1490 1190 1538 potestate,
1223 1487 1304 1537 qui,
1335 1486 1457 1524 soluti
1491 1491 1548 1524 at·

101 1574 177 1610 que
203 1560 384 1598 effrenati
413 1561 504 1611 ipsi,
538 1573 674 1598 omnes
702 1564 830 1598 metus
855 1560 987 1609 legum
1014 1560 1226 1610 omniaque
1243 1559 1448 1609 supplicia
1463 1572 1548 1596 ver·

98 1636 230 1671 terent
259 1634 300 1670 in
331 1633 499 1683 plebem.
561 1633 661 1681 Quae
692 1646 741 1670 ne
766 1636 914 1670 aeterna
944 1633 1026 1670 illis
1054 1632 1221 1670 licentia
1251 1632 1314 1679 sit,
1345 1632 1474 1681 legem
1506 1645 1547 1669 se
1565 1627 1588 1665 5

96 1705 458 1756 promulgaturum,
489 1709 535 1744 ut
566 1706 746 1757 quinque
777 1705 858 1743 viri
892 1709 1078 1743 creentur
1105 1705 1263 1755 legibus
1297 1704 1345 1742 de
1378 1704 1549 1755 imperio

99 1778 300 1816 consulari
330 1778 577 1825 scribendis;
609 1779 716 1829 quod
746 1778 920 1829 populus
944 1778 985 1815 in
1017 1791 1057 1815 se
1089 1778 1151 1815 ius
1178 1777 1346 1824 dederit,
1380 1791 1424 1815 eo
1457 1790 1547 1816 con-

98 1850 223 1888 sulem
254 1864 441 1901 usurum,
488 1865 566 1889 non
607 1851 716 1902 ipsos
755 1850 970 1888 libidinem
1009 1863 1055 1888 ac
1096 1850 1301 1887 licentiam
1333 1863 1442 1888 suam
1475 1863 1548 1900 pro

99 1923 187 1973 lege
218 1923 440 1964 habituros„
502 1923 592 1972 Qua
617 1924 873 1974 promulgata
899 1923 1000 1972 lege,
1034 1936 1154 1972 quum
1182 1922 1372 1960 timerent
1397 1928 1545 1972 patres,
1566 1922 1588 1958 6

100 2009 149 2034 ne
181 1996 413 2034 absentibus
441 1996 675 2034 consulibus
702 1997 841 2046 iugum
859 1995 1100 2046 acciperent,
1131 1999 1290 2033 senatus
1317 2008 1339 2032 a
1361 1996 1551 2045 praefecto

102 2068 215 2106 urbis
233 2068 280 2115 Q.
306 2068 435 2107 Fabio
466 2072 647 2118 vocatur,
682 2068 751 2119 qui
785 2067 885 2106 adeo
917 2068 1106 2106 atrociter
1138 2067 1178 2105 in
1210 2067 1464 2117 rogationem
1497 2068 1551 2105 la-

99 2146 308 2192 toremque
339 2141 470 2192 ipsum
501 2145 561 2179 est
592 2142 784 2188 invectus,
816 2146 862 2178 ut
892 2140 1019 2187 nihil,
1061 2141 1095 2178 si
1127 2140 1244 2178 ambo
1276 2140 1460 2178 consules
1492 2141 1550 2178 in-

102 2213 192 2251 festi
225 2214 533 2251 circumstarent
557 2213 777 2261 tribunum,
808 2213 992 2251 relictum
1019 2214 1218 2251 minarum
1244 2216 1366 2263 atque
1381 2213 1550 2250 terroris

101 2285 163 2323 sit.
223 2285 465 2323 Insidiatum
492 2299 581 2323 eum
608 2289 648 2323 et
670 2290 850 2336 tempore
876 2289 991 2336 capto
1023 2285 1205 2324 adortum
1230 2299 1313 2323 rem
1330 2285 1545 2336 publicam.
1568 2284 1587 2321 7

102 2356 146 2395 Si
177 2371 294 2408 quem
326 2358 494 2396 similem
533 2358 623 2396 eius
655 2358 790 2408 priore
821 2371 924 2396 anno
965 2358 1072 2396 inter
1104 2359 1286 2396 morbum
1317 2358 1551 2407 bellumque

103 2429 195 2468 irati
228 2431 270 2468 di
300 2431 508 2468 tribunum
540 2430 759 2480 dedissent,
789 2444 870 2468 non
900 2431 1079 2480 potuisse
1104 2431 1204 2469 sisti.
1251 2431 1425 2468 Mortuis
1458 2429 1551 2466 duo·
1570 2426 1595 2463 8

103 2501 176 2540 bus
207 2503 456 2549 consulibus,
490 2503 644 2541 iacente
676 2516 785 2553 aegra
816 2503 1003 2552 civitate,
1045 2503 1085 2540 in
1118 2503 1344 2541 colluvione
1375 2501 1551 2540 omnium

104 2587 247 2624 rerum,
280 2575 329 2613 ad
356 2575 578 2614 tollendum
605 2589 625 2613 e
652 2589 694 2613 re
720 2575 885 2626 publica
908 2576 1117 2614 consulare
1143 2575 1357 2625 imperium
1375 2574 1551 2611 laturum

104 2645 212 2695 leges
242 2647 377 2694 fuisse,
409 2647 550 2686 ducem
569 2647 729 2685 Volscis
746 2647 970 2698 AEquisque
999 2648 1049 2686 ad
1075 2646 1388 2698 oppugnandam
1413 2646 1552 2684 urbem

104 2717 295 2756 futurum.
339 2719 451 2767 Quid
480 2719 672 2758 tandem?
724 2720 795 2757 Illi
821 2733 900 2758 non
929 2719 1062 2766 licere,
1093 2718 1127 2757 si
1154 2717 1253 2768 quid
1279 2717 1460 2755 consules
1487 2731 1548 2756 su·
1567 2718 1590 2755 9
