1821 2928
347 186 396 221 70
742 193 832 219 Liber
850 194 916 218 vlL
954 192 1001 222 (Α.
1021 201 1049 219 u.
1070 201 1094 219 ο.
1114 195 1270 222 403—404.)

250 310 471 348 3consules
503 312 743 346 crearentur.
804 308 937 346 Creati
977 309 1059 358 ipse
1098 308 1139 345 C.
1179 307 1380 358 Sulpicius
1419 309 1598 356 Peticus,
1644 310 1714 359 qui

82 365 272 426 21'1511‘5'432}
292 380 402 430 prior
434 379 661 426 interregno
694 377 806 423 abiit,
838 380 876 414 et
905 377 949 414 T.
967 377 1179 425 Quinctius
1196 377 1376 423 Pennus;
1407 378 1570 427 quidam
1587 377 1714 415 Caeso-

247 447 387 493 4nem,
418 447 487 484 alii
506 445 651 483 Graium
682 459 825 483 nomen
842 445 1030 493 Quinctio
1062 446 1272 483 adiiciunt.
1318 446 1386 483 Ad
1417 446 1567 483 bellum
1598 446 1713 484 ambo

287 515 468 566 profecti,
499 514 701 552 Faliscum
718 514 942 562 Quinctius,
967 513 1172 564 Sulpicius
1189 514 1491 564 Tarquiniense,
1521 528 1714 564 nusquam

287 585 371 622 acie
403 596 612 631 congresso
644 583 769 630 hoste,
800 597 889 620 cum
921 583 1028 631 agris
1066 583 1194 631 magis
1224 596 1340 632 quam
1372 596 1459 619 cum
1489 582 1716 620 hominibus

249 654 271 690 5
290 652 442 690 urendo
474 651 782 701 populandoque
799 654 1005 699 gesserunt
1035 650 1158 695 bella3
1191 651 1300 688 cuius
1331 651 1447 688 lentae
1471 651 1581 688 velut
1609 651 1716 689 tabis

288 721 396 758 senio
428 721 532 757 victa
564 720 772 769 utriusque
803 720 1025 769 pertinacia
1055 719 1195 768 populi
1227 723 1295 766 est,
1325 723 1369 756 ut
1390 719 1563 769 primum
1586 732 1715 756 acon-

289 776 454 835 sulibus,
496 789 589 826 dein
628 789 823 838 permissu
864 801 998 825 eorum
1039 788 1088 825 ab
1129 791 1267 824 senatu
1307 787 1485 825 indutias
1524 791 1716 837 peterent.

248 858 338 896 ssln
384 857 649 906 quadraginta
696 871 819 894 annos
865 857 1190 906 impetraverunt.
1264 856 1328 893 Ita
1372 857 1503 906 posita
1548 855 1716 892 duorum

290 926 495 968 bellorum,
527 939 612 975 quae
645 926 917 971 imminebant,
950 938 1053 971 cura,
1085 924 1179 961 dum
1210 925 1345 973 aliqua.
1372 925 1421 962 ab
1454 925 1573 962 armis
1605 924 1715 974 quies

288 999 399 1041 esset,
431 995 525 1044 quia
556 995 704 1031 solutio
737 994 826 1031 aeris
858 994 981 1031 alieni
1012 993 1223 1030 multarum
1254 1006 1385 1030 rerum
1409 996 1631 1031 mutaverat
1646 993 1714 1030 do-

249 1064 429 1109 ‘ae‘minos‚
471 1076 627 1099 censum
659 1063 724 1111 agi
763 1063 925 1112 placuit.
985 1061 1171 1099 Ceterum
1212 1075 1333 1111 quum
1365 1061 1594 1099 censoribus
1635 1075 1715 1098 cre-

287 1132 402 1169 andis
444 1131 596 1168 indicta-
638 1131 800 1168 comitia
841 1134 979 1177 essent,
1019 1131 1217 1180 professus
1259 1144 1460 1167 censuram
1502 1143 1542 1167 se
1582 1133 1716 1180 petere

289 1199 330 1237 C.
361 1200 539 1237 Marcius
577 1199 752 1245 Rutilus,
798 1199 867 1248 qui
910 1199 1061 1248 primus
1108 1198 1279 1235 dictator
1325 1198 1372 1235 de
1417 1199 1533 1248 plebe
1577 1199 1716 1243 suerat,

247 1271 272 1307 8
293 1269 544 1306 concordiam
563 1268 750 1305 ordinum
771 1267 969 1312 turbavit;
1001 1267 1105 1316 quod
1123 1267 1338 1310 videbatur
1355 1267 1516 1316 quidem
1538 1270 1716 1315 tempore

289 1337 418 1375 alieno
451 1337 600 1384 fecisse,
643 1337 737 1385 quia
769 1336 885 1373 ambo
925 1339 1010 1372 tum
1050 1335 1151 1372 forte
1188 1335 1352 1384 patricii
1384 1335 1562 1372 consules
1593 1337 1716 1380 erant,

249 1409 271 1443 9
291 1406 359 1455 qui
398 1405 593 1443 rationem
635 1406 717 1442 eius
749 1419 788 1442 se
828 1404 1034 1442 habituros
1075 1404 1293 1452 negabant3
1333 1403 1401 1440 sed
1433 1406 1471 1440 et
1508 1403 1594 1452 ipse
1626 1415 1714 1439 con-

289 1474 437 1511 stantia
479 1475 678 1523 inceptum
721 1474 898 1511 obtinuit
938 1476 976 1509 et
1016 1473 1169 1509 tribuni
1211 1472 1318 1509 omni
1348 1472 1401 1518 vi,
1441 1470 1715 1521 recuperaturi

290 1543 352 1579 ius
398 1542 672 1580 consularibus
719 1541 891 1578 comitiis
936 1541 1142 1587 amissum,
1197 1542 1458 1587 adiuverunt,
1512 1543 1550 1577 et
1595 1552 1714 1588 quum

292 1611 415 1660 ipsius
445 1611 524 1647 viri
555 1610 739 1646 maiestas
780 1609 930 1646 nullius
969 1609 1134 1646 honoris
1175 1610 1380 1658 fastigium
1411 1622 1491 1646 non
1521 1607 1716 1657 aequabat,

289 1682 372 1716 tum
403 1693 472 1728 per
490 1678 669 1724 eundem,
701 1678 770 1727 qui
788 1677 837 1714 ad
856 1677 1096 1715 dictaturam
1120 1677 1338 1726 aperuisset
1361 1677 1479 1722 viam,
1511 1688 1715 1712 censuram

222 1749 271 1785 10
289 1761 445 1797 quoque
477 1747 517 1783 in
547 1749 700 1796 partem
738 1746 874 1782 vocari
915 1746 1051 1795 plebes
1080 1745 1252 1782 volebat.
1311 1745 1393 1782 Nec
1423 1744 1620 1782 variatum
1652 1755 1712 1779 co-

290 1815 415 1852 mitiis
448 1818 515 1861 est,
548 1815 644 1864 quin
677 1828 763 1851 cum
779 1813 964 1862 -1-Manlio
984 1812 1107 1851 Gnaeo
1141 1828 1278 1851 censor
1293 1813 1470 1850 Marcius
1503 1814 1713 1848 crearetur.

400 1884 651 1920 Dictatorem
683 1895 839 1931 quoque
870 1882 936 1918 hic
967 1896 1093 1919 annus
1124 1882 1264 1919 habuit
1296 1882 1350 1918 M.
1382 1881 1565 1927 Fabium,
1602 1879 1712 1916 nullo

287 1956 438 1989 terrore
468 1951 575 1997 belli,
608 1951 675 1988 sed
706 1964 754 1988 ne
786 1951 945 1988 Licinia
976 1951 1039 1987 lex
1071 1950 1245 1986 comitiis
1278 1949 1551 1987 consularibus
1582 1948 1712 1985 obser-

222 2021 268 2056 11
288 2024 458 2057 varetur.
532 2019 727 2068 Magister
768 2020 947 2069 equitum
989 2018 1177 2056 dictatori
1218 2018 1379 2055 additus
1420 2018 1467 2065 Q.
1509 2016 1713 2054 Servilius.

288 2088 369 2126 Nec
400 2092 532 2124 tamen
559 2087 759 2124 dictatura
790 2088 1057 2137 potentiorem
1081 2101 1167 2124 eum
1194 2100 1425 2124 consensum
1448 2088 1606 2135 patrum
1623 2097 1713 2121 con-

155 2152 213 2200 23
288 2156 489 2194 sularibus
522 2155 696 2192 comitiis
726 2156 831 2202 fecit,
863 2170 979 2205 quam
1012 2155 1200 2193 censoriis
1231 2156 1370 2192 fuerat.
1427 2154 1481 2191 M.
1511 2152 1714 2203 Popillius

83 2212 273 2272 ἓζιιρζζζέζζ
294 2226 434 2262 Laenas
466 2240 486 2261 a
519 2224 634 2273 plebe
667 2225 814 2265 consul,
845 2239 867 2261 a
897 2224 1078 2273 patribus
1109 2223 1154 2260 L.
1180 2223 1388 2260 Cornelius
1420 2221 1555 2272 Scipio
1587 2221 1713 2258 datus,

250 2294 466 2331 2Fortuna
502 2305 660 2342 quoque
691 2292 953 2330 illustriorem
991 2292 1193 2342 plebeium
1234 2291 1433 2328 consulem
1472 2290 1583 2336 fecit;
1623 2303 1713 2326 nam

289 2376 409 2412 quum
451 2361 650 2410 ingentem
682 2358 890 2397 Gallorum
931 2361 1147 2398 exercitum
1188 2360 1230 2397 in
1271 2373 1365 2408 agro
1397 2358 1543 2396 Latino
1584 2360 1712 2395 castra

288 2430 466 2480 posuisse
497 2429 724 2466 nuntiatum
741 2431 852 2475 esset,
884 2427 1069 2478 Scipione
1093 2428 1205 2477 gravi
1229 2428 1366 2465 morbo
1391 2427 1602 2477 implicito,
1619 2424 1712 2463 Gal-

250 2499 272 2535 3
290 2499 409 2535 licum
439 2497 587 2535 bellum
617 2495 797 2545 Popillio
830 2500 942 2534 extra
973 2498 1153 2534 ordinem
1185 2496 1331 2533 datum.
1375 2495 1417 2532 Is
1448 2494 1617 2544 impigre
1648 2507 1711 2530 ex-

292 2567 418 2604 ercitu
449 2566 610 2614 scripto,
641 2578 761 2613 quum
793 2577 926 2601 omnes
958 2569 1068 2602 extra
1099 2568 1255 2614 portam
1273 2563 1473 2613 Capenam
1503 2561 1554 2598 ad
1569 2560 1712 2598 Martis

290 2633 411 2671 aedem
453 2633 662 2675 convenire
703 2635 873 2669 armatos
914 2633 1088 2670 iuniores
1128 2633 1305 2669 iussisset
1343 2631 1536 2679 signaque
1574 2627 1711 2666 eodem
