1821 2928
611 179 701 203 Liber
720 178 772 203 VI.
811 179 858 205 (A.
880 179 932 205 ch.
952 180 1108 208 aso—385.)
1476 170 1522 206 11

135 295 232 332 fides
278 293 453 332 sanctior
494 298 589 339 erat,
635 294 812 331 fascibus
853 298 1142 332 sarmentorum
1183 307 1230 331 ex
1271 307 1368 342 agro
1415 294 1583 339 collatis,

136 364 278 401 ductus
320 363 371 400 ad
413 362 558 399 moenia
600 363 808 409 exercitus,
855 362 1142 412 completisque
1189 363 1305 400 fossis
1351 362 1468 400 scalae
1513 362 1581 399 ad-

134 435 263 481 motae,
294 436 333 469 et
365 431 535 468 clamore
566 431 696 480 primo
736 431 965 481 impetuque
997 431 1191 480 oppidum
1223 431 1392 480 capitur.
1452 430 1579 480 Nepe-
1599 430 1622 466 5

132 500 230 537 511115
260 499 353 537 inde
385 499 572 545 edictum,
602 504 645 536 ut
677 513 788 536 arma
818 503 981 549 ponant,
1013 500 1204 549 parcique
1236 499 1385 536 iussum
1419 499 1579 545 inermi;

131 567 295 606 Etrusci
340 568 493 617 pariter
539 568 684 605 armati
728 571 848 617 atque
894 568 1063 605 inermes
1112 567 1213 605 caesi.
1288 568 1579 617 Nepesinorum

131 650 289 686 quoque
321 641 501 674 auctores
534 636 751 673 deditionis
783 637 911 674 securi
944 636 1140 686 percussi:
1186 636 1359 673 innoxiae
1398 636 1578 673 multitu-

131 704 216 741 dini
256 704 426 742 redditae
467 719 540 750 res
582 704 854 754 oppidumque
895 718 984 741 cum
1025 705 1213 754 praesidio
1254 705 1450 741 relictum.
1510 703 1615 741 Ita&

132 773 287 810 dua-bus
318 773 436 810 sociis
474 773 643 810 urbibus
682 787 729 810 ex
766 774 880 810 hoste
910 773 1093 822 receptis,
1131 773 1324 810 victorem
1362 773 1577 810 exercitum

126 842 283 879 tribuni
315 855 403 878 cum
434 855 577 889 magna
611 842 741 890 gloria
771 842 942 879 Romam
972 841 1229 878 reduxerunt.

244 910 397 948 Eodem
429 924 532 948 anno
565 911 614 948 ab
647 910 805 947 Latinis
828 910 1098 959 Hernicisque
1128 924 1191 947 res
1222 910 1404 959 repetitae
1436 911 1577 959 quaesi-

126 984 304 1029 tumque,
350 993 419 1016 cur
460 993 531 1028 per
577 992 642 1016 eos
674 992 798 1016 annos
837 979 1006 1015 militem
1037 992 1084 1015 ex
1115 979 1302 1016 instituto
1333 993 1413 1016 non
1444 978 1575 1016 dedis-

128 1052 225 1086 sent.
285 1048 538 1097 Responsum
569 1048 769 1096 frequenti
800 1047 1008 1097 utriusque
1039 1047 1170 1095 gentis
1202 1048 1370 1085 concilio
1403 1051 1472 1094 est,
1503 1062 1575 1085 nec
1596 1046 1617 1080 7

128 1117 286 1166 culpam
333 1117 374 1153 in
419 1131 464 1154 eo
511 1116 715 1166 publicam
760 1130 831 1153 nec
886 1116 1096 1153 consilium
1142 1116 1285 1162 fuisse,
1343 1116 1450 1165 quod
1496 1129 1575 1153 suae

127 1185 347 1223 iuventutis
379 1184 508 1234 aliqui
539 1184 646 1233 aPud
679 1184 849 1222 Volscos
887 1184 1166 1226 militaverint:
1206 1198 1272 1221 eos
1302 1188 1436 1222 tamen
1467 1182 1616 1234 ipsosss

125 1254 241 1304 pravi
273 1253 434 1291 consilii
466 1266 623 1302 poenam
653 1253 812 1299 habere,
843 1266 915 1290 nec
947 1265 1185 1302 quemquam
1217 1266 1264 1290 ex
1301 1253 1351 1290 iis
1388 1253 1574 1290 reducem

126 1335 225 1365 esse;
267 1322 409 1358 militis
448 1326 582 1359 autem
622 1335 702 1358 non
744 1320 830 1357 dati
872 1334 1030 1358 causam
1070 1325 1264 1358 terrorem
1305 1321 1510 1358 assiduum
1551 1335 1573 1358 a

126 1390 287 1428 Volscis
319 1390 453 1435 fuisse,
484 1404 605 1440 quam
636 1392 786 1439 pestem
813 1389 1083 1426 adhaerentem
1114 1389 1232 1426 lateri
1263 1403 1332 1427 suo
1364 1393 1424 1427 tot
1455 1403 1574 1439 super

127 1458 207 1495 alia
253 1457 343 1495 aliis
389 1458 506 1495 bellis
553 1457 758 1495 exhauriri
802 1457 998 1507 nequisse.
1073 1458 1172 1505 Quae
1216 1458 1345 1496 relata
1391 1456 1615 1508 patribus9

127 1526 254 1575 magis
284 1530 440 1576 tempus
473 1540 592 1576 quam
624 1540 782 1563 causam
813 1540 893 1563 11011
923 1526 1009 1563 visa
1039 1526 1137 1563 belli
1169 1526 1330 1564 habere.

241 1594 476 1644 Insequenti
508 1608 623 1641 anno,
653 1595 706 1632 A.
729 1595 899 1639 Manlio,
929 1594 976 1631 P.
994 1594 1192 1642 Cornelio,
1224 1594 1268 1631 T.
1296 1599 1334 1631 et
1360 1595 1406 1632 L.
1423 1594 1572 1642 Quinc·
1655 1591 1705 1636 11

124 1664 193 1700 tiis
225 1662 482 1712 Capitolinis,
513 1663 559 1700 L.
576 1663 744 1712 Papirio
763 1662 934 1700 Cursore
967 1663 1121 1710 iterum,
1153 1660 1195 1702 C.
1227 1660 1380 1715 Serqio
1411 1661 1568 1702 iterum
1589 1661 1780 1721 {nef-{321

124 1732 300 1769 tribunis
332 1731 533 1768 consulari
566 1735 776 1780 potestate,
807 1745 927 1779 grave
958 1731 1109 1769 bellum
1138 1732 1247 1778 foris,
1278 1732 1441 1780 gravior
1467 1731 1574 1769 domi

125 1799 269 1838 seditio
310 1804 460 1846 exorta,
500 1799 650 1837 bellum
682 1813 704 1837 a
736 1799 908 1847 Volscis,
949 1800 1140 1838 adiuncta
1171 1800 1409 1838 Latinorum
1451 1800 1612 1849 atque?

123 1868 395 1906 Hernicorum
427 1868 662 1914 defectione,
694 1869 851 1915 seditio,
883 1868 988 1905 unde
1019 1869 1180 1906 minime
1210 1868 1345 1906 timeri
1375 1868 1518 1918 potuit,
1550 1882 1571 1905 a

124 1937 306 1987 patriciae
344 1937 475 1984 gentis
505 1936 592 1973 viro
631 1941 670 1973 et
711 1936 860 1974 inclitae
891 1937 1017 1983 famae,
1056 1937 1111 1973 M.
1142 1936 1297 1974 Manlio
1330 1936 1572 1986 Capitolino.

125 2005 205 2052 Qui
222 2005 368 2042 nimius
394 2005 516 2041 animi
535 2018 657 2054 quum
681 2005 780 2042 alios
805 2005 1007 2054 principes
1031 2009 1247 2054 sperneret,
1277 2005 1349 2042 uni
1373 2005 1569 2042 invideret
1591 2007 1613 2043 3

125 2073 268 2110 eximio
302 2073 420 2109 simul
451 2073 670 2110 honoribus
702 2076 822 2122 atque
839 2073 1069 2119 virtutibus,
1098 2073 1154 2110 M.
1171 2073 1310 2120 Furio,
1340 2086 1444 2122 aegre
1474 2074 1572 2110 fere-

124 2141 203 2178 bat.
236 2142 363 2179 solum
395 2155 483 2178 eum
515 2141 555 2177 in
587 2141 904 2189 magistratibus,
936 2141 1063 2178 solum
1087 2142 1195 2191 apud
1227 2142 1424 2179 exercitus
1457 2142 1570 2192 [esse]

123 2212 279 2246 tantum
321 2209 399 2246 iam
442 2209 632 2256 eminere,
677 2213 723 2246 ut
770 2209 911 2246 iisdem
952 2210 1143 2259 auspiciis
1184 2215 1338 2248 creatos
1379 2224 1459 2248 non
1498 2212 1615 2260 pr04

125 2277 301 2326 collegis,
332 2277 401 2314 sed
434 2291 506 2327 pro
531 2278 726 2315 ministris
757 2277 915 2324 habeat,
947 2291 1069 2327 quum
1099 2278 1272 2325 interim,
1304 2278 1336 2315 si
1369 2278 1458 2328 quis
1480 2292 1573 2316 vere

125 2346 321 2384 aestimare
363 2345 472 2392 velit,
514 2360 536 2383 a
576 2346 631 2383 M.
672 2345 798 2384 Furio
838 2346 1069 2395 recuperari
1110 2347 1243 2395 patria
1287 2360 1334 2383 ex
1365 2346 1571 2383 obsidione

123 2413 298 2452 hostium
337 2428 417 2452 non
456 2413 642 2462 potuerit,
682 2413 759 2450 nisi
791 2428 813 2451 a
853 2428 893 2453 se
931 2414 1043 2464 prius
1075 2413 1320 2464 Capitolium
1351 2418 1471 2464 atque
1502 2428 1573 2451 arx

125 2486 281 2519 servata
306 2486 418 2528 esset,
450 2486 490 2519 et
514 2481 582 2519 ille
606 2482 711 2519 inter
734 2495 876 2520 aurum
899 2482 1177 2532 accipiendum
1201 2487 1239 2519 et
1262 2483 1303 2520 111
1327 2495 1436 2532 spem
1459 2482 1569 2531 pacis
1588 2484 1611 2520 5

125 2548 265 2587 solutis
296 2550 440 2587 animis
457 2548 598 2587 Gallos
630 2563 840 2598 aggressus
872 2550 935 2596 sit,
976 2550 1060 2599 ipse
1085 2556 1257 2588 armatos
1289 2550 1571 2600 capientesque.

125 2628 254 2654 arcem
285 2617 498 2667 depulerit,
528 2617 639 2655 illius
670 2618 807 2666 gloriae
840 2631 934 2667 pars
957 2619 1087 2656 virilis
1119 2619 1227 2668 apud
1259 2632 1393 2656 omnes
1423 2619 1571 2656 milites
