1821 2928
752 163 868 198 Liber
893 162 923 196 1.
1503 160 1555 197 37

119 299 157 334 et
189 295 251 332 cui
267 293 477 343 Tarquinii
502 295 681 329 materna
706 294 861 328 tantum
887 289 1018 340 patria
1044 292 1160 327 esset.
1208 286 1388 325 Sublatis
1420 286 1557 335 itaque

119 367 239 405 rebus
285 366 485 415 amigrant
515 364 698 402 Romam.
759 361 828 400 Ad
859 361 1087 399 Ianiculum
1128 360 1232 398 forte
1262 362 1424 397 ventum
1456 356 1601 403 erat38

119 439 178 477 ibi
219 439 255 475 ei
283 440 484 487 carpento
516 436 671 474 sedenti
702 448 791 473 cum
824 446 949 471 uxore
982 433 1118 482 aquila
1150 432 1352 481 suspensis
1386 429 1559 467 demissa

119 511 264 549 leniter
309 510 382 547 alis
427 509 577 559 pileum
611 507 752 552 aufert,
800 518 998 555 superque
1030 507 1263 554 carpentum
1295 516 1383 541 cum
1416 514 1559 550 magno

119 583 304 632 clangore
335 581 510 619 volitans
540 593 688 626 rursus,
719 579 830 616 velut
859 577 1083 614 ministerio
1116 575 1313 613 divinitus
1338 575 1467 620 missa,
1499 586 1560 610 ca-

120 655 196 705 piti
227 658 319 704 apte
350 653 527 703 reponit3
560 652 652 689 inde
684 650 868 688 sublimis
900 649 998 687 abit.
1044 647 1264 698 Accepisse
1291 647 1332 684 id
1350 645 1602 695 augurium9

120 727 212 764 laeta
230 726 378 764 dicitur
395 724 611 775 Tanaquil,
644 724 786 774 perita,
819 726 864 760 ut
880 722 1003 771 vulgo
1023 720 1199 769 Etrusci,
1233 719 1452 757 caelestium
1469 731 1560 768 pro-

122 799 323 848 digiorum
355 799 507 835 mulier.
568 796 740 834 Excelsa
786 799 824 832 et
870 795 951 832 alta
997 806 1158 843 sperare
1190 792 1400 842 complexa
1432 791 1559 828 virum

122 871 251 908 iubet:
284 883 368 908 eam
395 870 531 908 alitem
560 883 606 906 ea
632 869 798 918 regione
823 867 911 905 caeli
936 870 973 904 et
1001 867 1087 904 eius
1105 866 1170 903 dei
1186 865 1370 903 nuntiam
1385 865 1560 910 venisse3

121 943 226 980 cirea
257 955 452 980 summum
484 942 640 979 culmen
671 940 846 978 hominis
877 939 1099 989 auspicium
1131 939 1287 984 fecisse3
1320 938 1474 975 levasse
1491 936 1561 973 hu-

121 1027 237 1052 mano
270 1015 566 1064 superpositum
598 1013 722 1063 capiti
756 1013 887 1058 decus,
919 1015 963 1048 ut
995 1011 1189 1049 divinitus
1218 1010 1348 1048 eidem
1365 1008 1563 1046 redderet.

122 1087 207 1125 Has
239 1100 330 1137 spes
356 1086 700 1135 cogitationesque
728 1097 859 1122 secum
886 1085 1092 1134 portantes
1115 1084 1254 1121 urbem
1271 1081 1443 1132 ingressi
1459 1083 1562 1125 sunt,
1584 1079 1634 1116 10

123 1158 409 1208 domicilioque
440 1158 496 1195 ibi
528 1160 769 1207 comparato,
808 1156 856 1196 L.
888 1155 1152 1206 Tarquinium
1183 1155 1370 1192 Priscum
1403 1153 1564 1192 edidere

125 1244 280 1270 nomen.
312 1230 508 1269 Romanis
526 1230 784 1280 conspicuum
803 1242 890 1266 eum
909 1229 1068 1267 novitas
1086 1228 1320 1278 divitiaeque
1345 1225 1566 1272 faciebant;
1587 1222 1634 1260 11

126 1308 164 1340 et
196 1304 282 1353 ipse
323 1303 522 1341 fortunam
554 1303 727 1351 benigno
760 1301 950 1351 alloquio,
997 1301 1182 1338 comitate
1215 1298 1416 1338 invitandi
1448 1297 1565 1335 bene-

123 1374 318 1425 ficiisque,
351 1388 450 1424 quos
481 1378 650 1425 poterat,
690 1374 768 1411 sibi
801 1373 1050 1411 conciliando
1084 1372 1315 1418 adiuvabat,
1363 1371 1488 1408 donec
1521 1369 1564 1406 in

123 1448 274 1497 regiam
320 1460 479 1497 quoque
526 1447 574 1484 de
621 1459 666 1483 eo
712 1446 818 1483 fama
849 1445 1005 1495 perlata
1037 1448 1108 1484 est.
1169 1443 1448 1492 Notitiamque
1481 1455 1565 1479 eam
1587 1441 1638 1480 12

125 1520 239 1558 brevi
268 1518 373 1569 apud
401 1533 535 1569 regem
561 1519 788 1556 liberaliter
816 1517 1058 1567 dextereque
1084 1516 1267 1554 obeundo
1292 1514 1424 1553 officia
1448 1514 1489 1552 in
1505 1514 1566 1552 fa-

125 1591 294 1628 miliaris
319 1590 505 1629 amicitiae
530 1590 754 1628 adduxerat
771 1590 871 1635 iura,
903 1592 949 1626 ut
967 1589 1144 1639 publicis
1161 1588 1314 1639 pariter
1332 1601 1376 1625 ac
1393 1586 1566 1637 privatis

127 1662 304 1700 consiliis
334 1662 430 1700 belli
462 1662 649 1712 domique
680 1663 906 1711 interesset,
939 1665 978 1699 et
1009 1675 1080 1712 per
1111 1661 1246 1699 omnia
1278 1664 1466 1710 expertus
1498 1671 1566 1709 po-

126 1738 273 1772 stremo
304 1737 416 1772 tutor
447 1735 569 1773 etiam
601 1734 741 1772 liberis
774 1734 881 1783 regis
912 1736 1150 1772 testamento
1182 1733 1474 1772 institueretur.

240 1806 444 1855 Regnavit
474 1806 615 1844 Ancus
648 1821 772 1845 annos
805 1810 997 1856 quattuor
1028 1810 1068 1844 et
1098 1807 1258 1855 viginti,
1308 1805 1478 1842 cuilibet
1509 1817 1570 1842 su·
1654 1799 1710 1848 35

125 1880 328 1930 periorum
358 1892 496 1928 regum
528 1879 627 1917 belli
658 1880 847 1929 pacisque
881 1883 920 1916 et
951 1878 1103 1917 artibus
1135 1882 1175 1916 et
1205 1878 1334 1927 gloria
1350 1890 1435 1927 par.
1481 1877 1569 1915 Iam

127 1951 204 1989 filii
250 1965 376 2002 prope
420 1951 612 2002 puberem
659 1955 816 1989 aetatem
862 1955 988 1990 erant.
1049 1950 1109 1988 Eo
1156 1950 1282 2000 magis
1324 1949 1571 1999 Tarquinius

128 2023 285 2071 instare,
314 2027 360 2061 ut
390 2037 510 2073 quam
533 2024 705 2074 primum
729 2023 891 2062 comitia
907 2024 993 2073 regi
1011 2023 1181 2061 creando
1199 2021 1352 2061 fierent.
1401 2022 1560 2070 Quibus
1584 2021 1607 2058 2

128 2095 306 2141 indictis,
338 2095 411 2133 sub
442 2099 599 2146 tempus
629 2109 775 2146 pueros
798 2099 985 2134 venatum
1003 2095 1221 2144 ablegavit.
1267 2095 1392 2144 Isque
1416 2094 1570 2144 primus

129 2170 168 2205 et
197 2167 345 2217 petisse
377 2167 587 2206 ambitiose
618 2181 785 2217 regnum
817 2171 857 2205 et
879 2168 1105 2205 orationem
1131 2166 1281 2205 dicitur
1306 2167 1497 2205 habuisse
1521 2166 1570 2204 ad

130 2239 401 2278 conciliandos
447 2239 578 2289 plebis
623 2240 778 2278 animos
811 2240 1082 2290 compositam.
1144 2239 1275 2287 Quum
1306 2252 1348 2277 se
1379 2251 1459 2276 non
1489 2238 1612 2276 rem3

130 2323 274 2349 novam
306 2313 455 2360 petere,
488 2311 637 2361 quippe
670 2313 739 2362 qui
771 2325 849 2350 non
881 2312 1045 2362 primus,
1079 2311 1185 2361 quod
1218 2310 1415 2361 quispiam
1441 2310 1570 2359 indig-

129 2384 219 2421 nari
266 2383 453 2420 mirarive
497 2383 635 2433 possit,
683 2383 752 2421 sed
789 2384 933 2422 tertius
964 2383 1104 2422 Romae
1134 2383 1372 2433 peregrinus
1404 2395 1570 2431 regnum

131 2454 305 2501 affec-tet3
352 2458 394 2491 et
423 2452 584 2492 Tatium
629 2469 709 2493 non
755 2469 803 2493 ex
834 2456 1046 2506 peregrino
1078 2455 1218 2501 solum,
1263 2455 1331 2493 sed
1371 2455 1490 2491 etiam
1522 2466 1570 2490 ex

130 2526 242 2564 hoste
274 2537 406 2575 regem
438 2526 599 2575 factum,
633 2531 672 2565 et
702 2527 873 2566 Numam
890 2528 1075 2577 ignarum
1092 2527 1217 2573 urbis,
1250 2539 1329 2564 non
1357 2527 1569 2575 petentem,

130 2597 171 2635 in
197 2610 364 2646 regnum
389 2598 496 2636 ultro
522 2599 714 2646 accitum;
745 2612 800 2650 se,
832 2612 880 2636 ex
897 2612 975 2649 quo
994 2599 1056 2637 sui
1072 2602 1214 2649 potens
1231 2598 1364 2643 fuerit,
1395 2596 1566 2634 Romam
1582 2595 1608 2632 4

132 2682 220 2707 cum
237 2670 406 2719 coniuge
422 2684 468 2708 ac
484 2671 656 2709 fortunis
673 2671 858 2709 omnibus
875 2671 1176 2720 commigrasse3
1209 2670 1398 2706 maiorem
1415 2671 1570 2719 partem

131 2741 261 2778 aetatis
292 2741 392 2790 eius,
437 2755 517 2791 qua
546 2742 737 2781 civilibus
768 2742 912 2781 officiis
943 2743 1162 2790 fungantur
1193 2740 1384 2787 homines,
1429 2739 1569 2778 Romae
