1821 2928
342 189 393 226 94
745 195 834 221 Liber
852 195 921 220 vn.
959 194 1007 222 (A.
1027 202 1054 220 u.
1075 202 1099 221 c.
1119 196 1274 225 412-413.)

281 312 505 364 plebiscitis
537 314 705 356 cautum,
736 323 784 347 ne
815 309 905 359 quis
937 309 1103 347 eundem
1129 311 1406 360 magistratum
1438 312 1545 350 intra
1576 313 1712 351 decem

282 395 405 420 annos
423 384 594 430 caperet,
625 392 702 416 neu
727 378 825 416 duos
856 377 1114 426 magistratus
1143 392 1222 417 uno
1240 393 1342 417 anno
1374 384 1539 428 gereret,
1570 381 1712 431 utique

280 451 419 487 liceret
452 449 632 486 consules
664 448 799 485 ambos
840 446 1021 496 plebeios
1053 447 1191 485 creari.
1251 448 1350 495 Quae
1381 449 1414 486 si
1447 448 1579 486 omnia
1620 463 1713 487 con·

282 532 389 556 cessa
420 520 511 555 sunt
540 516 663 566 plebi,
695 519 873 565 apparet,
904 515 1011 552 haud
1041 528 1184 564 parvas
1214 516 1318 553 vires
1351 516 1613 554 defectionem
1643 518 1712 556 ha-

243 587 427 626 3buisse.
487 585 597 623 Aliis
628 583 840 622 annalibus
872 583 1077 632 proditum
1109 587 1177 631 est,
1208 598 1336 634 neque
1366 584 1600 622 dictatorem
1631 585 1714 624 Va·

282 655 425 692 lei-ium
457 654 621 700 dictum,
667 652 736 690 sed
776 665 846 701 per
878 651 1058 688 consules
1090 664 1244 689 omnem
1284 666 1368 689 rem
1399 656 1538 699 actam,
1583 666 1713 703 neque

281 728 492 772 antequam
523 723 692 760 Romam
732 721 949 767 veniretur,
995 719 1064 757 sed
1104 720 1243 757 Romae
1284 734 1369 758 eam
1409 721 1713 758 multitudinem

242 793 582 830 4coniuratorum
614 790 663 828 ad
695 803 804 827 arma
836 791 1128 826 consternatam
1160 801 1253 835 esse,
1283 802 1355 825 nec
1387 788 1427 826 in
1458 788 1503 826 T.
1527 789 1713 836 Quinctii

281 861 430 907 villam,
471 860 539 897 sed
572 860 613 896 in
645 858 748 895 aedes
780 857 821 895 C.
852 857 999 894 Manlii
1040 861 1155 894 nocte
1196 856 1387 906 impetum
1427 857 1575 894 factum
1606 870 1712 894 eum-

283 943 358 979 que
390 943 412 966 a
443 928 664 965 coniuratis
691 926 1026 976 comprehensum,
1057 928 1101 961 ut
1124 924 1203 961 dux
1235 924 1364 970 fieret;
1396 924 1490 961 inde
1521 925 1572 963 ad
1596 939 1712 975 quar-

243 997 266 1034 5
282 1001 367 1034 tum
391 996 564 1046 lapidem
589 995 788 1045 profectos
812 994 899 1031 loco
924 993 1078 1030 munito
1104 992 1347 1038 consedisse;
1377 1005 1449 1030 nec
1470 993 1519 1030 ab
1543 992 1714 1031 ducibus

282 1066 524 1102 mentionem
566 1063 790 1101 eoncordiae
832 1066 976 1108 ortam,
1017 1061 1084 1098 sed
1125 1064 1300 1110 repente,
1342 1074 1462 1110 quum
1503 1061 1546 1098 in
1586 1061 1715 1098 aciem

242 1133 426 1171 Garmati
459 1133 656 1170 exercitus
697 1131 993 1181 processissent,
1034 1129 1313 1166 salutationem
1351 1129 1509 1176 factam,
1549 1122 1588 1165 et
1626 1142 1714 1178 per-

282 1202 430 1239 mixtos
449 1201 609 1238 dextras
628 1201 792 1249 iungere
809 1212 854 1237 ac
872 1197 1080 1247 complecti
1098 1197 1203 1234 inter
1220 1210 1260 1234 se
1284 1196 1539 1234 lacrimantes
1561 1196 1714 1234 milites

284 1270 461 1320 coepisse,
493 1272 729 1318 coactosque
762 1267 951 1313 consules,
990 1279 1110 1315 quum
1140 1265 1326 1302 viderent
1356 1278 1512 1302 aversos
1543 1278 1566 1302 a
1597 1265 1714 1302 dimi-

284 1339 438 1376 catione
482 1337 655 1374 militum
697 1336 862 1381 animos,
902 1334 1103 1371 rettulisse
1144 1333 1194 1371 ad
1233 1337 1369 1383 patres
1409 1332 1457 1370 de
1498 1327 1715 1370 concordia

245 1406 592 1444 Vreconcilianda.
666 1404 783 1442 Adeo
830 1403 952 1450 nihil,
997 1405 1262 1452 praeterquam
1307 1401 1545 1439 seditionem
1589 1401 1715 1438 fuisse

285 1487 448 1524 eamque
481 1473 750 1523 compositam,
792 1473 897 1509 inter
939 1471 1124 1520 antiquos
1163 1483 1296 1507 rerum
1337 1473 1516 1507 auctores
1547 1471 1714 1506 constat.

243 1544 266 1581 8
398 1542 452 1579 Et
481 1542 599 1579 huius
637 1542 742 1578 fama
782 1539 992 1578 seditionis
1024 1543 1063 1576 et
1093 1541 1316 1587 susceptum
1348 1551 1435 1574 cum
1465 1536 1715 1575 Samnitibus

284 1623 402 1659 grave
443 1610 592 1647 bellum
633 1610 789 1658 aliquot
829 1608 999 1657 populos
1039 1606 1089 1643 ab
1120 1606 1303 1644 Romana
1334 1606 1524 1643 societate
1556 1605 1714 1652 avertit,

285 1682 332 1723 et,
378 1681 522 1727 praeter
552 1677 790 1714 Latinorum
832 1676 999 1713 infidum
1040 1675 1119 1711 iam
1158 1675 1228 1711 diu
1269 1674 1408 1720 foedus,
1453 1673 1714 1710 Privernates

285 1746 403 1783 etiam
447 1745 623 1783 Norbam
671 1748 789 1794 atque
835 1743 998 1789 Setiam,
1043 1742 1233 1779 finitimas
1280 1732 1475 1780 colonias·
1499 1741 1713 1787 Romanas,

286 1815 512 1852 incursione
545 1813 677 1851 subita
710 1811 945 1862 depopulati
977 1815 1078 1849 sunt.
