1821 2928
360 200 442 236 216
831 207 921 233 Liber
937 207 975 232 x.
1011 207 1060 234 (A.
1077 214 1106 232 u.
1125 215 1151 233 e.
1169 208 1242 237 458.)

304 324 490 372 contagio
513 322 715 372 proximos
731 322 913 360 Umbriae
937 321 1119 371 popu103‚
1145 324 1184 358 et
1201 320 1359 366 Gallica
1385 321 1538 360 auxilia
1558 322 1742 360 mercede

306 391 649 437 sollicitabantur;
682 390 808 428 omnis
839 403 884 428 ea
909 388 1125 426 multitudo
1156 389 1206 426 ad
1228 394 1361 428 castra
1384 388 1624 428 Samnitium
1649 403 1739 428 con·

266 461 290 498 3
306 460 502 498 veniebat.
562 459 644 506 Qui
667 458 861 496 tumultus
885 471 1027 507 repens
1050 461 1260 507 postquam
1283 461 1343 495 est
1357 458 1527 495 Romam
1550 457 1740 507 perlatus,

307 541 428 578 quum
469 527 549 565 iam
590 526 636 564 L.
675 526 916 564 Volumnius
957 525 1093 563 consul
1140 539 1227 563 cum
1273 525 1429 576 legione
1475 526 1650 564 secunda
1694 539 1740 564 ac

303 595 426 633 tertia
456 595 732 644 sociorumque
763 594 944 632 millibus
976 592 1203 643 quindecim
1234 594 1434 643 profectus
1466 594 1508 631 in
1532 592 1738 632 Samnium

307 666 420 710 esset,
452 663 561 712 App.
580 662 794 700 Claudium
825 662 953 712 primo
987 675 1143 711 quoque
1168 665 1346 712 tempore
1377 663 1419 699 111
1442 662 1648 700 Etruriam
1680 661 1740 699 ire
1781 668 1784 669 ’

264 731 472 781 4placuit.
533 731 637 769 Duae
667 731 858 768 Romanae
890 730 1066 778 legiones
1098 733 1252 775 secutae,
1283 730 1413 779 prima
1445 734 1485 768 et
1514 733 1669 780 quarta,
1701 731 1741 767 et

305 800 502 837 sociorum
528 799 737 836 duodecim
756 798 905 844 millia;
938 802 1068 835 castra
1090 798 1196 835 haud
1221 798 1360 847 procul
1384 797 1434 835 ab
1458 798 1571 836 hoste
1593 797 1737 848 posita.

269 866 292 904 5
311 866 495 905 Ceterum
526 867 653 915 magis
684 880 728 904 eo
759 867 982 916 profectum
1013 869 1082 912 est,
1125 866 1230 915 quod
1265 869 1418 903 mature
1449 869 1611 904 ventum
1643 867 1740 912 erat,

307 939 352 973 ut
383 935 577 985 quosdam
608 938 833 985 spectantes
864 934 943 972 iam
975 948 1084 972 arma
1111 933 1285 971 Etruriae
1312 934 1481 984 populos
1507 936 1634 970 metus
1658 932 1739 970 Ro-

306 1003 415 1041 mani
446 1003 616 1040 nominis
649 1003 937 1052 comprimeret,
977 1016 1094 1052 quam
1129 1002 1235 1051 quod
1268 1002 1391 1039 ductu
1429 1001 1601 1039 consulis
1632 1001 1739 1050 quic-

269 1071 427 1122 unam
458 1072 515 1109 ibi
546 1071 641 1108 satis
672 1072 769 1108 scite
801 1074 869 1108 aut
898 1070 1098 1107 fortunate
1131 1074 1283 1119 gestum
1315 1070 1376 1107 sit.
1435 1069 1567 1106 Multa
1596 1069 1743 1119 proelia

306 1140 407 1177 locis
425 1143 463 1176 et
485 1139 734 1188 temporibus
754 1139 905 1188 iniquis
929 1138 1148 1184 commissa,
1166 1151 1333 1188 spesque
1358 1138 1398 1174 in
1417 1138 1500 1175 dies
1517 1138 1742 1186 graviorem

304 1208 457 1245 hostem
487 1207 674 1253 faciebat,
707 1211 746 1243 et
776 1207 853 1243 iam
884 1220 1008 1256 prope
1040 1210 1135 1252 erat,
1175 1210 1219 1243 ut
1257 1220 1327 1243 nec
1366 1205 1457 1242 duci
1488 1206 1638 1243 milites
1667 1219 1739 1243 neo

271 1275 508 1312 ’t‘militibus
555 1275 634 1312 dux
679 1276 773 1312 satis
818 1274 968 1312 fideret.
1052 1274 1228 1311 Litteras
1275 1274 1325 1311 ad
1372 1275 1566 1322 collegam
1610 1287 1741 1311 accer-

308 1343 475 1380 sendum
506 1356 553 1379 ex
573 1342 734 1380 Samnio
766 1343 916 1389 missas,
951 1343 991 1379 in
1022 1343 1141 1379 trinis
1174 1342 1384 1379 annalibus
1414 1342 1593 1389 inveni0;
1625 1341 1740 1392 piget

308 1415 441 1449 tamen
480 1414 630 1448 certum
662 1425 818 1461 ponere,
862 1425 983 1460 quum
1025 1425 1070 1448 ea
1110 1410 1199 1460 ipsa
1240 1410 1344 1446 inter
1384 1410 1565 1447 consules
1602 1409 1744 1459 populi

308 1479 494 1526 Romani,
542 1479 619 1515 iam
666 1479 810 1516 iterum
859 1479 996 1516 eodem
1041 1478 1190 1516 honore
1236 1478 1457 1526 fungentes,
1505 1476 1745 1527 disceptatio

308 1547 441 1593 fuerit,
473 1546 613 1597 Appio
639 1547 837 1584 abnuente
861 1547 1010 1593 missas,
1036 1546 1253 1584 Volumnio
1278 1546 1513 1593 affirmante,
1545 1545 1678 1595 Appii
1702 1558 1744 1582 se

269 1613 457 1653 Slitteris
498 1615 679 1652 accitum.
744 1614 831 1651 Iam
873 1613 1113 1652 Volumnius
1159 1614 1215 1650 in
1247 1613 1410 1652 Samnio
1454 1614 1535 1651 tria
1580 1613 1747 1651 castella

311 1686 480 1732 ceperat,
504 1683 545 1719 in
570 1682 715 1732 quibus
739 1682 789 1718 ad
805 1682 883 1718 tria
909 1682 1038 1719 millia
1061 1683 1235 1719 hostium
1263 1696 1361 1720 caesa
1379 1686 1503 1729 erant,
1530 1681 1743 1719 dimidium

309 1751 391 1787 fere
417 1750 500 1787 eius
525 1755 694 1799 captum,
726 1753 765 1786 et
794 1750 1048 1787 Lucanorum
1073 1750 1290 1787 seditiones
1322 1765 1343 1788 a
1374 1749 1542 1799 plebeiis
1566 1752 1605 1786 et
1627 1761 1743 1796 egen·

309 1817 420 1854 tibus
454 1817 623 1854 ducibus
655 1821 761 1855 ortas
792 1831 943 1854 summa
975 1818 1226 1867 optimatium
1257 1819 1463 1855 voluntate
1493 1830 1563 1866 per
1594 1816 1641 1864 Q.
1665 1815 1742 1853 Fa-

309 1885 432 1932 bium,
463 1899 534 1935 pro
567 1885 727 1922 consule
758 1886 920 1922 missum
961 1900 1004 1923 eo
1037 1899 1124 1922 cum
1155 1890 1286 1923 vetere
1319 1885 1506 1932 exercitu,
1548 1897 1743 1934 compres-

271 1953 427 1991 9serat.
485 1953 614 1990 Decio
646 1953 898 2003 populandos
929 1954 1102 1990 hostium
1141 1966 1258 2001 agros
1290 1953 1494 2002 relinquit,
1532 1952 1616 2002 ipse
1654 1965 1742 1989 oum

311 2023 392 2059 suis
416 2022 541 2071 copiis
565 2022 605 2058 in
621 2021 824 2058 Etruriam
849 2021 899 2058 ad
918 2022 1110 2070 collegam
1128 2021 1271 2071 pergit.
1318 2021 1444 2068 Quem
1468 2020 1742 2057 advenientem

245 2089 394 2126 lOlaeti
440 2103 574 2126 omnes
619 2103 821 2138 accepere3
873 2088 1057 2139 Appium
1111 2103 1157 2126 ex
1210 2088 1454 2125 conscientia
1507 2101 1578 2125 sua
1623 2087 1744 2124 credo

311 2157 485 2194 animum
517 2156 725 2203 habuisse3
757 2156 864 2194 haud
896 2157 1094 2193 immerito
1128 2157 1284 2202 iratum,
1318 2155 1351 2192 si
1382 2155 1486 2193 nihil
1518 2156 1747 2205 scripserat,

310 2223 507 2261 illiberali
547 2228 585 2261 et
630 2224 786 2272 ingrato
829 2225 973 2271 animo,
1016 2225 1050 2261 si
1090 2228 1253 2273 eguerat
1293 2237 1376 2273 ope,
1417 2223 1742 2260 dissimulantem.

243 2292 291 2328 11
314 2291 395 2328 Vix
418 2291 522 2328 enim
547 2291 673 2329 salute
704 2295 842 2328 mutua
872 2293 1042 2339 reddita,
1075 2306 1196 2341 quum
1229 2291 1386 2328 obviam
1418 2304 1598 2338 egressus
1629 2293 1743 2337 esset,

314 2358 466 2404 rSatin⁷
498 2360 631 2396 salve“
667 2359 808 2408 inquit,
843 2360 913 2407 „L.
931 2359 1154 2397 Volumni?
1214 2359 1272 2397 Ut
1303 2372 1385 2396 sese
1415 2359 1457 2395 in
1488 2357 1650 2396 Samnio
1680 2371 1744 2396 res

311 2425 489 2463 habent?
541 2427 639 2474 Quae
670 2431 709 2463 te
736 2440 865 2473 causa,
895 2431 940 2464 ut
961 2427 1171 2476 provincia
1193 2430 1261 2463 tua
1285 2427 1504 2473 excederes,
1526 2425 1738 2464 induxit?“

246 2494 294 2530 12
315 2492 553 2531 Volumnius
586 2495 628 2531 in
652 2493 815 2531 Samnio
841 2508 903 2531 res
926 2508 1139 2544 prosperas
1164 2508 1245 2531 esse
1270 2494 1338 2540 ait,
1363 2494 1511 2531 litteris
1537 2494 1620 2531 eius
1641 2493 1743 2531 acoi-

311 2565 394 2598 tum
419 2562 596 2607 venisse;
628 2574 716 2610 quae
747 2561 780 2598 si
809 2561 920 2598 falsae
951 2562 1099 2598 fuerint
1129 2575 1201 2598 nec
1227 2575 1320 2598 usus
1344 2561 1406 2598 sui
1428 2561 1480 2598 sit
1503 2560 1545 2597 in
1566 2560 1744 2608 Etruria,

243 2628 296 2665 13
314 2628 509 2677 extemplo
542 2629 740 2674 conversis
771 2628 897 2677 signis
921 2629 1133 2666 abiturum.
1190 2628 1275 2674 „Tu
1301 2641 1395 2664 vero
1421 2627 1566 2665 abeas“
1596 2627 1744 2677 inquit,
