<?xml version="1.0" encoding="UTF-8"?>
<!DOCTYPE html PUBLIC "-//W3C//DTD XHTML 1.0 Transitional//EN"
    "http://www.w3.org/TR/xhtml1/DTD/xhtml1-transitional.dtd">
<html xmlns="http://www.w3.org/1999/xhtml" xml:lang="en" lang="en">
 <head>
  <title>
</title>
<meta http-equiv="Content-Type" content="text/html;charset=utf-8" />
  <meta name='ocr-system' content='tesseract 3.04.00' />
  <meta name='ocr-capabilities' content='ocr_page ocr_carea ocr_par ocr_line ocrx_word'/>
</head>
<body>
  <div class='ocr_page' id='page_1' title='image "./historiarumroman01livyuoft_0278.png"; bbox 0 0 1821 2928; ppageno 0'>
   <div class='ocr_carea' id='block_1_1' title="bbox 286 104 1587 151">
    <p class='ocr_par' dir='ltr' id='par_1_1' title="bbox 286 104 1587 151">
     <span class='ocr_line' id='line_1_1' title="bbox 286 104 1587 151; baseline -0.005 -5"><span class='ocrx_word' id='word_1_1' title='bbox 286 113 366 150; x_wconf 79' lang='lat'><strong>252</strong></span> <span class='ocrx_word' id='word_1_2' title='bbox 727 107 843 142; x_wconf 89' lang='lat' dir='ltr'><strong>Liber</strong></span> <span class='ocrx_word' id='word_1_3' title='bbox 867 107 935 142; x_wconf 78' lang='lat' dir='ltr'><strong>IV.</strong></span> <span class='ocrx_word' id='word_1_4' title='bbox 985 110 1046 150; x_wconf 91' lang='lat' dir='ltr'><strong>(A.</strong></span> <span class='ocrx_word' id='word_1_5' title='bbox 1072 120 1108 142; x_wconf 91' lang='lat' dir='ltr'><strong>u.</strong></span> <span class='ocrx_word' id='word_1_6' title='bbox 1136 119 1165 141; x_wconf 91' lang='lat' dir='ltr'><strong>c.</strong></span> <span class='ocrx_word' id='word_1_7' title='bbox 1191 109 1285 151; x_wconf 82' lang='lat'><strong>348.)</strong></span> <span class='ocrx_word' id='word_1_8' title='bbox 1567 104 1587 110; x_wconf 73' lang='lat'><strong><em>‘</em></strong></span> 
     </span>
    </p>
   </div>
   <div class='ocr_carea' id='block_1_2' title="bbox 162 235 1736 2642">
    <p class='ocr_par' dir='ltr' id='par_1_2' title="bbox 162 235 1736 2642">
     <span class='ocr_line' id='line_1_2' title="bbox 286 235 1717 285; baseline -0.001 -11"><span class='ocrx_word' id='word_1_9' title='bbox 286 240 369 275; x_wconf 88' lang='lat' dir='ltr'><strong>teat</strong></span> <span class='ocrx_word' id='word_1_10' title='bbox 399 236 559 281; x_wconf 77' lang='lat' dir='ltr'><strong>laboris,</strong></span> <span class='ocrx_word' id='word_1_11' title='bbox 599 249 741 273; x_wconf 89' lang='lat' dir='ltr'><strong>novum</strong></span> <span class='ocrx_word' id='word_1_12' title='bbox 775 235 922 273; x_wconf 90' lang='lat' dir='ltr'><strong>bellum</strong></span> <span class='ocrx_word' id='word_1_13' title='bbox 955 249 1042 272; x_wconf 88' lang='lat' dir='ltr'><strong>cum</strong></span> <span class='ocrx_word' id='word_1_14' title='bbox 1073 235 1243 272; x_wconf 90' lang='lat' dir='ltr'><strong>finitimo</strong></span> <span class='ocrx_word' id='word_1_15' title='bbox 1274 235 1423 284; x_wconf 91' lang='lat' dir='ltr'><strong>populo</strong></span> <span class='ocrx_word' id='word_1_16' title='bbox 1455 238 1495 272; x_wconf 85' lang='lat' dir='ltr'><strong>et</strong></span> <span class='ocrx_word' id='word_1_17' title='bbox 1525 235 1717 285; x_wconf 90' lang='lat' dir='ltr'><strong>potentis-</strong></span> 
     </span>
     <span class='ocr_line' id='line_1_3' title="bbox 218 306 1717 357; baseline -0.002 -11"><span class='ocrx_word' id='word_1_18' title='bbox 218 308 384 346; x_wconf 86' lang='lat' dir='ltr'><strong>llsimo</strong></span> <span class='ocrx_word' id='word_1_19' title='bbox 430 308 575 357; x_wconf 82' lang='lat' dir='ltr'><strong>parari,</strong></span> <span class='ocrx_word' id='word_1_20' title='bbox 621 307 690 356; x_wconf 75' lang='lat' dir='ltr'><strong>qui</strong></span> <span class='ocrx_word' id='word_1_21' title='bbox 736 320 889 344; x_wconf 92' lang='lat' dir='ltr'><strong>omnem</strong></span> <span class='ocrx_word' id='word_1_22' title='bbox 931 306 1134 344; x_wconf 78' lang='lat' dir='ltr'><strong>Etruriam</strong></span> <span class='ocrx_word' id='word_1_23' title='bbox 1180 307 1231 344; x_wconf 86' lang='lat' dir='ltr'><strong>sit</strong></span> <span class='ocrx_word' id='word_1_24' title='bbox 1277 306 1559 344; x_wconf 78' lang='lat' dir='ltr'><strong>concitaturus.</strong></span> <span class='ocrx_word' id='word_1_25' title='bbox 1620 306 1717 344; x_wconf 89' lang='lat' dir='ltr'><strong>Haec</strong></span> 
     </span>
     <span class='ocr_line' id='line_1_4' title="bbox 289 378 1718 434; baseline -0.001 -17"><span class='ocrx_word' id='word_1_26' title='bbox 289 393 360 434; x_wconf 80' lang='lat' dir='ltr'><strong>sua</strong></span> <span class='ocrx_word' id='word_1_27' title='bbox 381 383 522 429; x_wconf 89' lang='lat' dir='ltr'><strong>sponte</strong></span> <span class='ocrx_word' id='word_1_28' title='bbox 546 379 697 427; x_wconf 84' lang='lat' dir='ltr'><strong>agitata</strong></span> <span class='ocrx_word' id='word_1_29' title='bbox 721 379 883 428; x_wconf 81' lang='lat' dir='ltr'><strong>insuper</strong></span> <span class='ocrx_word' id='word_1_30' title='bbox 905 378 1059 415; x_wconf 87' lang='lat' dir='ltr'><strong>tribuni</strong></span> <span class='ocrx_word' id='word_1_31' title='bbox 1073 378 1206 427; x_wconf 88' lang='lat' dir='ltr'><strong>plebis</strong></span> <span class='ocrx_word' id='word_1_32' title='bbox 1223 378 1456 416; x_wconf 88' lang='lat' dir='ltr'><strong>accendunt.</strong></span> <span class='ocrx_word' id='word_1_33' title='bbox 1501 378 1718 416; x_wconf 87' lang='lat' dir='ltr'><strong>Maximum</strong></span> 
     </span>
     <span class='ocr_line' id='line_1_5' title="bbox 224 449 1721 500; baseline -0.001 -12"><span class='ocrx_word' id='word_1_34' title='bbox 224 451 272 488; x_wconf 76' lang='lat'><strong>12</strong></span> <span class='ocrx_word' id='word_1_35' title='bbox 292 451 438 488; x_wconf 87' lang='lat' dir='ltr'><strong>bellum</strong></span> <span class='ocrx_word' id='word_1_36' title='bbox 477 450 659 500; x_wconf 87' lang='lat' dir='ltr'><strong>patribus</strong></span> <span class='ocrx_word' id='word_1_37' title='bbox 697 464 783 487; x_wconf 91' lang='lat' dir='ltr'><strong>cum</strong></span> <span class='ocrx_word' id='word_1_38' title='bbox 822 450 938 500; x_wconf 87' lang='lat' dir='ltr'>plebe</span> <span class='ocrx_word' id='word_1_39' title='bbox 970 463 1053 486; x_wconf 87' lang='lat' dir='ltr'><strong>esse</strong></span> <span class='ocrx_word' id='word_1_40' title='bbox 1085 450 1290 497; x_wconf 89' lang='lat' dir='ltr'><strong>dictitant;</strong></span> <span class='ocrx_word' id='word_1_41' title='bbox 1329 463 1413 487; x_wconf 91' lang='lat' dir='ltr'><strong>eam</strong></span> <span class='ocrx_word' id='word_1_42' title='bbox 1445 450 1494 487; x_wconf 86' lang='lat' dir='ltr'><strong>de</strong></span> <span class='ocrx_word' id='word_1_43' title='bbox 1524 449 1721 487; x_wconf 80' lang='lat' dir='ltr'><strong>industria</strong></span> 
     </span>
     <span class='ocr_line' id='line_1_6' title="bbox 291 521 1722 572; baseline -0.001 -13"><span class='ocrx_word' id='word_1_44' title='bbox 291 522 513 559; x_wconf 80' lang='lat' dir='ltr'><strong>vexandam</strong></span> <span class='ocrx_word' id='word_1_45' title='bbox 545 522 690 559; x_wconf 77' lang='lat' dir='ltr'><strong>militia</strong></span> <span class='ocrx_word' id='word_1_46' title='bbox 718 521 1079 571; x_wconf 80' lang='lat' dir='ltr'><strong>trucidandamque</strong></span> <span class='ocrx_word' id='word_1_47' title='bbox 1105 521 1286 560; x_wconf 74' lang='lat' dir='ltr'><strong>hostibus</strong></span> <span class='ocrx_word' id='word_1_48' title='bbox 1304 521 1445 568; x_wconf 88' lang='lat' dir='ltr'><strong>obiici;</strong></span> <span class='ocrx_word' id='word_1_49' title='bbox 1477 535 1559 558; x_wconf 89' lang='lat' dir='ltr'><strong>eam</strong></span> <span class='ocrx_word' id='word_1_50' title='bbox 1583 521 1722 572; x_wconf 88' lang='lat' dir='ltr'><strong>procul</strong></span> 
     </span>
     <span class='ocr_line' id='line_1_7' title="bbox 290 593 1721 643; baseline -0.001 -12"><span class='ocrx_word' id='word_1_51' title='bbox 290 594 389 631; x_wconf 91' lang='lat' dir='ltr'><strong>urbe</strong></span> <span class='ocrx_word' id='word_1_52' title='bbox 419 593 562 631; x_wconf 89' lang='lat' dir='ltr'><strong>haberi</strong></span> <span class='ocrx_word' id='word_1_53' title='bbox 593 596 712 642; x_wconf 85' lang='lat' dir='ltr'><strong>atque</strong></span> <span class='ocrx_word' id='word_1_54' title='bbox 744 593 935 641; x_wconf 86' lang='lat' dir='ltr'><strong>ablegari,</strong></span> <span class='ocrx_word' id='word_1_55' title='bbox 965 607 1014 630; x_wconf 91' lang='lat' dir='ltr'><strong>ne</strong></span> <span class='ocrx_word' id='word_1_56' title='bbox 1045 593 1150 630; x_wconf 90' lang='lat' dir='ltr'><strong>domi</strong></span> <span class='ocrx_word' id='word_1_57' title='bbox 1182 607 1254 643; x_wconf 91' lang='lat' dir='ltr'><strong>per</strong></span> <span class='ocrx_word' id='word_1_58' title='bbox 1278 593 1402 631; x_wconf 92' lang='lat' dir='ltr'><strong>otium</strong></span> <span class='ocrx_word' id='word_1_59' title='bbox 1429 606 1579 630; x_wconf 91' lang='lat' dir='ltr'><strong>memor</strong></span> <span class='ocrx_word' id='word_1_60' title='bbox 1602 593 1721 630; x_wconf 90' lang='lat' dir='ltr'><strong>liber-</strong></span> 
     </span>
     <span class='ocr_line' id='line_1_8' title="bbox 289 664 1722 714; baseline -0.001 -12"><span class='ocrx_word' id='word_1_61' title='bbox 289 666 383 702; x_wconf 85' lang='lat' dir='ltr'><strong>tatis</strong></span> <span class='ocrx_word' id='word_1_62' title='bbox 416 665 660 702; x_wconf 88' lang='lat' dir='ltr'><strong>coloniarum</strong></span> <span class='ocrx_word' id='word_1_63' title='bbox 691 667 759 702; x_wconf 90' lang='lat' dir='ltr'><strong>aut</strong></span> <span class='ocrx_word' id='word_1_64' title='bbox 791 665 877 713; x_wconf 88' lang='lat' dir='ltr'><strong>agri</strong></span> <span class='ocrx_word' id='word_1_65' title='bbox 907 664 1061 714; x_wconf 86' lang='lat' dir='ltr'><strong>publici</strong></span> <span class='ocrx_word' id='word_1_66' title='bbox 1096 669 1165 702; x_wconf 86' lang='lat' dir='ltr'><strong>aut</strong></span> <span class='ocrx_word' id='word_1_67' title='bbox 1195 665 1375 713; x_wconf 86' lang='lat' dir='ltr'><strong>suffragii</strong></span> <span class='ocrx_word' id='word_1_68' title='bbox 1407 664 1533 702; x_wconf 87' lang='lat' dir='ltr'><strong>libere</strong></span> <span class='ocrx_word' id='word_1_69' title='bbox 1569 664 1722 702; x_wconf 85' lang='lat' dir='ltr'><strong>ferendi</strong></span> 
     </span>
     <span class='ocr_line' id='line_1_9' title="bbox 224 736 1724 786; baseline -0.001 -12"><span class='ocrx_word' id='word_1_70' title='bbox 224 737 273 774; x_wconf 85' lang='lat'><strong>13</strong></span> <span class='ocrx_word' id='word_1_71' title='bbox 293 737 459 773; x_wconf 89' lang='lat' dir='ltr'><strong>consilia</strong></span> <span class='ocrx_word' id='word_1_72' title='bbox 490 736 628 784; x_wconf 84' lang='lat' dir='ltr'><strong>agitet.</strong></span> <span class='ocrx_word' id='word_1_73' title='bbox 673 736 992 785; x_wconf 86' lang='lat' dir='ltr'><strong>Prensantesque</strong></span> <span class='ocrx_word' id='word_1_74' title='bbox 1016 740 1224 774; x_wconf 81' lang='lat' dir='ltr'><strong>veteranos</strong></span> <span class='ocrx_word' id='word_1_75' title='bbox 1248 736 1451 786; x_wconf 86' lang='lat' dir='ltr'><strong>stipendia</strong></span> <span class='ocrx_word' id='word_1_76' title='bbox 1475 736 1667 786; x_wconf 90' lang='lat' dir='ltr'><strong>cuiusque</strong></span> <span class='ocrx_word' id='word_1_77' title='bbox 1684 740 1724 774; x_wconf 88' lang='lat' dir='ltr'><strong>et</strong></span> 
     </span>
     <span class='ocr_line' id='line_1_10' title="bbox 289 807 1722 858; baseline 0.001 -14"><span class='ocrx_word' id='word_1_78' title='bbox 289 808 457 845; x_wconf 85' lang='lat' dir='ltr'><strong>vulnera</strong></span> <span class='ocrx_word' id='word_1_79' title='bbox 495 821 539 844; x_wconf 89' lang='lat' dir='ltr'><strong>ac</strong></span> <span class='ocrx_word' id='word_1_80' title='bbox 571 807 775 844; x_wconf 79' lang='lat' dir='ltr'><strong>cicatrices</strong></span> <span class='ocrx_word' id='word_1_81' title='bbox 808 808 1079 854; x_wconf 83' lang='lat' dir='ltr'><strong>numerabant,</strong></span> <span class='ocrx_word' id='word_1_82' title='bbox 1121 808 1219 858; x_wconf 90' lang='lat' dir='ltr'><strong>quid</strong></span> <span class='ocrx_word' id='word_1_83' title='bbox 1259 808 1337 844; x_wconf 89' lang='lat' dir='ltr'><strong>iam</strong></span> <span class='ocrx_word' id='word_1_84' title='bbox 1368 808 1517 856; x_wconf 84' lang='lat' dir='ltr'><strong>integri</strong></span> <span class='ocrx_word' id='word_1_85' title='bbox 1548 811 1651 845; x_wconf 88' lang='lat' dir='ltr'><strong>esset</strong></span> <span class='ocrx_word' id='word_1_86' title='bbox 1682 808 1722 844; x_wconf 91' lang='lat' dir='ltr'><strong>in</strong></span> 
     </span>
     <span class='ocr_line' id='line_1_11' title="bbox 289 878 1725 929; baseline 0 -13"><span class='ocrx_word' id='word_1_87' title='bbox 289 892 456 929; x_wconf 84' lang='lat' dir='ltr'><strong>corpore</strong></span> <span class='ocrx_word' id='word_1_88' title='bbox 489 880 565 917; x_wconf 88' lang='lat' dir='ltr'><strong>loci</strong></span> <span class='ocrx_word' id='word_1_89' title='bbox 597 878 646 915; x_wconf 89' lang='lat' dir='ltr'><strong>ad</strong></span> <span class='ocrx_word' id='word_1_90' title='bbox 670 892 772 917; x_wconf 83' lang='lat' dir='ltr'><strong>nova</strong></span> <span class='ocrx_word' id='word_1_91' title='bbox 788 880 955 916; x_wconf 86' lang='lat' dir='ltr'><strong>vulnera</strong></span> <span class='ocrx_word' id='word_1_92' title='bbox 972 879 1216 929; x_wconf 85' lang='lat' dir='ltr'><strong>accipienda,</strong></span> <span class='ocrx_word' id='word_1_93' title='bbox 1248 879 1348 929; x_wconf 90' lang='lat' dir='ltr'><strong>quid</strong></span> <span class='ocrx_word' id='word_1_94' title='bbox 1373 892 1492 929; x_wconf 87' lang='lat' dir='ltr'><strong>super</strong></span> <span class='ocrx_word' id='word_1_95' title='bbox 1509 879 1725 928; x_wconf 78' lang='lat' dir='ltr'><strong>sanguinis,</strong></span> 
     </span>
     <span class='ocr_line' id='line_1_12' title="bbox 226 950 1723 1001; baseline -0.001 -12"><span class='ocrx_word' id='word_1_96' title='bbox 226 953 275 989; x_wconf 87' lang='grc'><strong>14</strong></span> <span class='ocrx_word' id='word_1_97' title='bbox 294 950 400 1000; x_wconf 90' lang='lat' dir='ltr'><strong>quod</strong></span> <span class='ocrx_word' id='word_1_98' title='bbox 431 950 519 987; x_wconf 88' lang='lat' dir='ltr'><strong>dari</strong></span> <span class='ocrx_word' id='word_1_99' title='bbox 551 964 623 1000; x_wconf 91' lang='lat' dir='ltr'><strong>pro</strong></span> <span class='ocrx_word' id='word_1_100' title='bbox 655 964 697 987; x_wconf 93' lang='lat' dir='ltr'><strong>re</strong></span> <span class='ocrx_word' id='word_1_101' title='bbox 729 951 891 1000; x_wconf 87' lang='lat' dir='ltr'><strong>publica</strong></span> <span class='ocrx_word' id='word_1_102' title='bbox 921 954 1066 1000; x_wconf 87' lang='lat' dir='ltr'><strong>posset,</strong></span> <span class='ocrx_word' id='word_1_103' title='bbox 1107 952 1340 1000; x_wconf 85' lang='lat' dir='ltr'><strong>rogitantes.</strong></span> <span class='ocrx_word' id='word_1_104' title='bbox 1401 951 1500 989; x_wconf 87' lang='lat' dir='ltr'><strong>Haec</strong></span> <span class='ocrx_word' id='word_1_105' title='bbox 1532 964 1652 1001; x_wconf 89' lang='lat' dir='ltr'><strong>quum</strong></span> <span class='ocrx_word' id='word_1_106' title='bbox 1683 951 1723 988; x_wconf 89' lang='lat' dir='ltr'><strong>in</strong></span> 
     </span>
     <span class='ocr_line' id='line_1_13' title="bbox 292 1022 1724 1072; baseline 0.001 -13"><span class='ocrx_word' id='word_1_107' title='bbox 292 1022 542 1059; x_wconf 83' lang='lat' dir='ltr'><strong>sermoni-bus</strong></span> <span class='ocrx_word' id='word_1_108' title='bbox 573 1022 907 1071; x_wconf 84' lang='lat' dir='ltr'><strong>contionibusque</strong></span> <span class='ocrx_word' id='word_1_109' title='bbox 940 1023 1140 1060; x_wconf 84' lang='lat' dir='ltr'><strong>interdum</strong></span> <span class='ocrx_word' id='word_1_110' title='bbox 1165 1023 1364 1071; x_wconf 80' lang='lat' dir='ltr'><strong>agitantes</strong></span> <span class='ocrx_word' id='word_1_111' title='bbox 1388 1022 1626 1060; x_wconf 86' lang='lat' dir='ltr'><strong>avertissent</strong></span> <span class='ocrx_word' id='word_1_112' title='bbox 1641 1022 1724 1072; x_wconf 86' lang='lat' dir='ltr'><strong>ple-</strong></span> 
     </span>
     <span class='ocr_line' id='line_1_14' title="bbox 292 1093 1726 1144; baseline 0 -14"><span class='ocrx_word' id='word_1_113' title='bbox 292 1094 381 1131; x_wconf 86' lang='lat' dir='ltr'><strong>bem</strong></span> <span class='ocrx_word' id='word_1_114' title='bbox 427 1094 475 1130; x_wconf 87' lang='lat' dir='ltr'><strong>ab</strong></span> <span class='ocrx_word' id='word_1_115' title='bbox 523 1093 777 1143; x_wconf 89' lang='lat' dir='ltr'><strong>suscipiendo</strong></span> <span class='ocrx_word' id='word_1_116' title='bbox 817 1094 935 1139; x_wconf 90' lang='lat' dir='ltr'><strong>bello,</strong></span> <span class='ocrx_word' id='word_1_117' title='bbox 979 1095 1181 1144; x_wconf 88' lang='lat' dir='ltr'><strong>profertur</strong></span> <span class='ocrx_word' id='word_1_118' title='bbox 1219 1098 1376 1144; x_wconf 89' lang='lat' dir='ltr'><strong>tempus</strong></span> <span class='ocrx_word' id='word_1_119' title='bbox 1406 1093 1584 1132; x_wconf 86' lang='lat' dir='ltr'><strong>ferundae</strong></span> <span class='ocrx_word' id='word_1_120' title='bbox 1614 1093 1726 1142; x_wconf 88' lang='lat' dir='ltr'><strong>legis,</strong></span> 
     </span>
     <span class='ocr_line' id='line_1_15' title="bbox 294 1165 1532 1217; baseline -0.001 -15"><span class='ocrx_word' id='word_1_121' title='bbox 294 1178 424 1214; x_wconf 88' lang='lat' dir='ltr'><strong>quam,</strong></span> <span class='ocrx_word' id='word_1_122' title='bbox 454 1165 488 1202; x_wconf 85' lang='lat' dir='ltr'><strong>si</strong></span> <span class='ocrx_word' id='word_1_123' title='bbox 518 1165 696 1203; x_wconf 86' lang='lat' dir='ltr'><strong>subiecta</strong></span> <span class='ocrx_word' id='word_1_124' title='bbox 726 1165 888 1202; x_wconf 83' lang='lat' dir='ltr'><strong>invidiae</strong></span> <span class='ocrx_word' id='word_1_125' title='bbox 920 1170 1033 1211; x_wconf 79' lang='lat' dir='ltr'><strong>esset,</strong></span> <span class='ocrx_word' id='word_1_126' title='bbox 1066 1167 1269 1217; x_wconf 86' lang='lat' dir='ltr'><strong>antiquari</strong></span> <span class='ocrx_word' id='word_1_127' title='bbox 1299 1166 1532 1216; x_wconf 84' lang='lat' dir='ltr'><strong>apparebat.</strong></span> 
     </span>
     <span class='ocr_line' id='line_1_16' title="bbox 162 1235 1724 1286; baseline 0 -13"><span class='ocrx_word' id='word_1_128' title='bbox 162 1235 214 1281; x_wconf 80' lang='grc'><strong>59</strong></span> <span class='ocrx_word' id='word_1_129' title='bbox 409 1236 577 1273; x_wconf 89' lang='lat' dir='ltr'><strong>Interim</strong></span> <span class='ocrx_word' id='word_1_130' title='bbox 607 1237 789 1274; x_wconf 88' lang='lat' dir='ltr'><strong>tribunos</strong></span> <span class='ocrx_word' id='word_1_131' title='bbox 821 1237 994 1274; x_wconf 90' lang='lat' dir='ltr'><strong>militum</strong></span> <span class='ocrx_word' id='word_1_132' title='bbox 1027 1238 1069 1274; x_wconf 91' lang='lat' dir='ltr'><strong>in</strong></span> <span class='ocrx_word' id='word_1_133' title='bbox 1089 1238 1279 1276; x_wconf 84' lang='lat' dir='ltr'><strong>Volscum</strong></span> <span class='ocrx_word' id='word_1_134' title='bbox 1296 1251 1435 1286; x_wconf 90' lang='lat' dir='ltr'><strong>agrum</strong></span> <span class='ocrx_word' id='word_1_135' title='bbox 1454 1237 1598 1274; x_wconf 89' lang='lat' dir='ltr'><strong>ducere</strong></span> <span class='ocrx_word' id='word_1_136' title='bbox 1615 1248 1724 1274; x_wconf 89' lang='lat' dir='ltr'><strong>exer-</strong></span> 
     </span>
     <span class='ocr_line' id='line_1_17' title="bbox 254 1307 1726 1357; baseline 0 -13"><span class='ocrx_word' id='word_1_137' title='bbox 254 1311 277 1348; x_wconf 77' lang='grc'><em>2</em></span> <span class='ocrx_word' id='word_1_138' title='bbox 297 1308 417 1345; x_wconf 87' lang='lat' dir='ltr'><strong>citum</strong></span> <span class='ocrx_word' id='word_1_139' title='bbox 450 1307 620 1357; x_wconf 77' lang='lat' dir='ltr'><strong>placuit3</strong></span> <span class='ocrx_word' id='word_1_140' title='bbox 652 1307 722 1345; x_wconf 87' lang='lat' dir='ltr'><strong>Cn.</strong></span> <span class='ocrx_word' id='word_1_141' title='bbox 755 1308 963 1346; x_wconf 89' lang='lat' dir='ltr'><strong>Cornelius</strong></span> <span class='ocrx_word' id='word_1_142' title='bbox 995 1323 1097 1347; x_wconf 89' lang='lat' dir='ltr'><strong>unus</strong></span> <span class='ocrx_word' id='word_1_143' title='bbox 1127 1310 1266 1347; x_wconf 86' lang='lat' dir='ltr'><strong>Romae</strong></span> <span class='ocrx_word' id='word_1_144' title='bbox 1297 1310 1470 1346; x_wconf 86' lang='lat' dir='ltr'><strong>relictus.</strong></span> <span class='ocrx_word' id='word_1_145' title='bbox 1526 1308 1624 1345; x_wconf 84' lang='lat' dir='ltr'><strong>Tres</strong></span> <span class='ocrx_word' id='word_1_146' title='bbox 1654 1307 1726 1344; x_wconf 85' lang='lat' dir='ltr'><strong>tri-</strong></span> 
     </span>
     <span class='ocr_line' id='line_1_18' title="bbox 294 1379 1727 1428; baseline 0 -12"><span class='ocrx_word' id='word_1_147' title='bbox 294 1379 405 1426; x_wconf 88' lang='lat' dir='ltr'><strong>buni,</strong></span> <span class='ocrx_word' id='word_1_148' title='bbox 436 1382 647 1428; x_wconf 85' lang='lat' dir='ltr'><strong>postquam</strong></span> <span class='ocrx_word' id='word_1_149' title='bbox 678 1380 789 1418; x_wconf 90' lang='lat' dir='ltr'><strong>nullo</strong></span> <span class='ocrx_word' id='word_1_150' title='bbox 821 1381 908 1418; x_wconf 91' lang='lat' dir='ltr'><strong>loco</strong></span> <span class='ocrx_word' id='word_1_151' title='bbox 941 1384 1070 1418; x_wconf 88' lang='lat' dir='ltr'><strong>castra</strong></span> <span class='ocrx_word' id='word_1_152' title='bbox 1087 1380 1326 1418; x_wconf 88' lang='lat' dir='ltr'><strong>Volscorum</strong></span> <span class='ocrx_word' id='word_1_153' title='bbox 1357 1394 1442 1418; x_wconf 88' lang='lat' dir='ltr'><strong>esse</strong></span> <span class='ocrx_word' id='word_1_154' title='bbox 1459 1393 1530 1418; x_wconf 90' lang='lat' dir='ltr'><strong>nec</strong></span> <span class='ocrx_word' id='word_1_155' title='bbox 1548 1380 1727 1417; x_wconf 87' lang='lat' dir='ltr'><strong>commis-</strong></span> 
     </span>
     <span class='ocr_line' id='line_1_19' title="bbox 294 1450 1727 1502; baseline 0.001 -15"><span class='ocrx_word' id='word_1_156' title='bbox 294 1464 406 1488; x_wconf 83' lang='lat' dir='ltr'><strong>suros</strong></span> <span class='ocrx_word' id='word_1_157' title='bbox 437 1464 477 1488; x_wconf 92' lang='lat' dir='ltr'><strong>se</strong></span> <span class='ocrx_word' id='word_1_158' title='bbox 509 1451 650 1500; x_wconf 86' lang='lat' dir='ltr'><strong>proelio</strong></span> <span class='ocrx_word' id='word_1_159' title='bbox 681 1453 879 1501; x_wconf 85' lang='lat' dir='ltr'><strong>apparuit,</strong></span> <span class='ocrx_word' id='word_1_160' title='bbox 909 1453 1116 1502; x_wconf 91' lang='lat' dir='ltr'><strong>tripertito</strong></span> <span class='ocrx_word' id='word_1_161' title='bbox 1149 1453 1199 1490; x_wconf 88' lang='lat' dir='ltr'><strong>ad</strong></span> <span class='ocrx_word' id='word_1_162' title='bbox 1230 1452 1494 1490; x_wconf 86' lang='lat' dir='ltr'><strong>devastandos</strong></span> <span class='ocrx_word' id='word_1_163' title='bbox 1524 1451 1623 1489; x_wconf 86' lang='lat' dir='ltr'><strong>fines</strong></span> <span class='ocrx_word' id='word_1_164' title='bbox 1649 1450 1727 1488; x_wconf 80' lang='lat' dir='ltr'><strong>dis-</strong></span> 
     </span>
     <span class='ocr_line' id='line_1_20' title="bbox 257 1522 1728 1573; baseline -0.001 -12"><span class='ocrx_word' id='word_1_165' title='bbox 257 1527 279 1562; x_wconf 86' lang='lat'><strong>3</strong></span> <span class='ocrx_word' id='word_1_166' title='bbox 298 1535 458 1559; x_wconf 90' lang='lat' dir='ltr'><strong>cessere.</strong></span> <span class='ocrx_word' id='word_1_167' title='bbox 505 1522 692 1560; x_wconf 80' lang='lat' dir='ltr'><strong>Valerius</strong></span> <span class='ocrx_word' id='word_1_168' title='bbox 710 1523 882 1560; x_wconf 90' lang='lat' dir='ltr'><strong>Antium</strong></span> <span class='ocrx_word' id='word_1_169' title='bbox 908 1524 1020 1573; x_wconf 90' lang='lat' dir='ltr'><strong>petit,</strong></span> <span class='ocrx_word' id='word_1_170' title='bbox 1053 1523 1263 1562; x_wconf 85' lang='lat' dir='ltr'><strong>Cornelius</strong></span> <span class='ocrx_word' id='word_1_171' title='bbox 1279 1524 1462 1570; x_wconf 76' lang='lat' dir='ltr'><strong>Ecetras3</strong></span> <span class='ocrx_word' id='word_1_172' title='bbox 1493 1535 1728 1573; x_wconf 80' lang='lat' dir='ltr'><strong>quacunque</strong></span> 
     </span>
     <span class='ocr_line' id='line_1_21' title="bbox 294 1594 1730 1645; baseline 0.001 -15"><span class='ocrx_word' id='word_1_173' title='bbox 294 1595 501 1639; x_wconf 86' lang='lat' dir='ltr'><strong>incessere,</strong></span> <span class='ocrx_word' id='word_1_174' title='bbox 546 1594 626 1630; x_wconf 80' lang='lat' dir='ltr'><strong>late</strong></span> <span class='ocrx_word' id='word_1_175' title='bbox 663 1595 848 1643; x_wconf 82' lang='lat' dir='ltr'><strong>populati</strong></span> <span class='ocrx_word' id='word_1_176' title='bbox 887 1599 979 1632; x_wconf 90' lang='lat' dir='ltr'><strong>sunt</strong></span> <span class='ocrx_word' id='word_1_177' title='bbox 1015 1599 1122 1633; x_wconf 89' lang='lat' dir='ltr'><strong>tecta</strong></span> <span class='ocrx_word' id='word_1_178' title='bbox 1161 1608 1368 1645; x_wconf 82' lang='lat' dir='ltr'><strong>agrosque,</strong></span> <span class='ocrx_word' id='word_1_179' title='bbox 1415 1599 1461 1632; x_wconf 92' lang='lat' dir='ltr'><strong>ut</strong></span> <span class='ocrx_word' id='word_1_180' title='bbox 1490 1595 1730 1632; x_wconf 86' lang='lat' dir='ltr'><strong>distinerent</strong></span> 
     </span>
     <span class='ocr_line' id='line_1_22' title="bbox 297 1664 1731 1717; baseline 0.001 -16"><span class='ocrx_word' id='word_1_181' title='bbox 297 1665 482 1710; x_wconf 79' lang='lat' dir='ltr'><strong>Volscos3</strong></span> <span class='ocrx_word' id='word_1_182' title='bbox 522 1664 686 1711; x_wconf 83' lang='lat' dir='ltr'><strong>Fabius,</strong></span> <span class='ocrx_word' id='word_1_183' title='bbox 728 1666 835 1715; x_wconf 85' lang='lat' dir='ltr'><strong>quod</strong></span> <span class='ocrx_word' id='word_1_184' title='bbox 867 1667 1035 1704; x_wconf 84' lang='lat' dir='ltr'><strong>maxime</strong></span> <span class='ocrx_word' id='word_1_185' title='bbox 1066 1668 1290 1717; x_wconf 88' lang='lat' dir='ltr'><strong>petebatur,</strong></span> <span class='ocrx_word' id='word_1_186' title='bbox 1322 1667 1372 1704; x_wconf 89' lang='lat' dir='ltr'><strong>ad</strong></span> <span class='ocrx_word' id='word_1_187' title='bbox 1402 1667 1548 1704; x_wconf 84' lang='lat' dir='ltr'><strong>Anxur</strong></span> <span class='ocrx_word' id='word_1_188' title='bbox 1578 1678 1731 1716; x_wconf 89' lang='lat' dir='ltr'><strong>oppug-</strong></span> 
     </span>
     <span class='ocr_line' id='line_1_23' title="bbox 258 1735 1730 1787; baseline -0.001 -12"><span class='ocrx_word' id='word_1_189' title='bbox 258 1736 473 1775; x_wconf 85' lang='lat' dir='ltr'><strong>4nandum</strong></span> <span class='ocrx_word' id='word_1_190' title='bbox 521 1735 606 1773; x_wconf 89' lang='lat' dir='ltr'><strong>sine</strong></span> <span class='ocrx_word' id='word_1_191' title='bbox 651 1736 732 1773; x_wconf 90' lang='lat' dir='ltr'><strong>ulla</strong></span> <span class='ocrx_word' id='word_1_192' title='bbox 777 1739 1038 1787; x_wconf 86' lang='lat' dir='ltr'><strong>populatione</strong></span> <span class='ocrx_word' id='word_1_193' title='bbox 1085 1739 1260 1776; x_wconf 87' lang='lat' dir='ltr'><strong>accessit.</strong></span> <span class='ocrx_word' id='word_1_194' title='bbox 1320 1737 1467 1775; x_wconf 88' lang='lat' dir='ltr'><strong>Anxur</strong></span> <span class='ocrx_word' id='word_1_195' title='bbox 1505 1737 1597 1783; x_wconf 88' lang='lat' dir='ltr'><strong>fuit,</strong></span> <span class='ocrx_word' id='word_1_196' title='bbox 1643 1749 1730 1786; x_wconf 84' lang='lat' dir='ltr'><strong>quae</strong></span> 
     </span>
     <span class='ocr_line' id='line_1_24' title="bbox 298 1807 1731 1860; baseline 0 -15"><span class='ocrx_word' id='word_1_197' title='bbox 298 1821 401 1845; x_wconf 90' lang='lat' dir='ltr'><strong>nunc</strong></span> <span class='ocrx_word' id='word_1_198' title='bbox 432 1807 652 1845; x_wconf 86' lang='lat' dir='ltr'><strong>Tarracina</strong></span> <span class='ocrx_word' id='word_1_199' title='bbox 697 1812 767 1853; x_wconf 88' lang='lat' dir='ltr'><strong>est,</strong></span> <span class='ocrx_word' id='word_1_200' title='bbox 812 1810 908 1847; x_wconf 90' lang='lat' dir='ltr'><strong>urbs</strong></span> <span class='ocrx_word' id='word_1_201' title='bbox 955 1824 1081 1860; x_wconf 89' lang='lat' dir='ltr'><strong>prona</strong></span> <span class='ocrx_word' id='word_1_202' title='bbox 1119 1811 1160 1847; x_wconf 91' lang='lat' dir='ltr'><strong>in</strong></span> <span class='ocrx_word' id='word_1_203' title='bbox 1199 1809 1380 1860; x_wconf 85' lang='lat' dir='ltr'><strong>paludes.</strong></span> <span class='ocrx_word' id='word_1_204' title='bbox 1440 1808 1509 1846; x_wconf 91' lang='lat' dir='ltr'><strong>Ab</strong></span> <span class='ocrx_word' id='word_1_205' title='bbox 1541 1821 1587 1846; x_wconf 88' lang='lat' dir='ltr'><strong>ea</strong></span> <span class='ocrx_word' id='word_1_206' title='bbox 1616 1810 1731 1858; x_wconf 86' lang='lat' dir='ltr'><strong>parte</strong></span> 
     </span>
     <span class='ocr_line' id='line_1_25' title="bbox 260 1879 1731 1930; baseline 0 -14"><span class='ocrx_word' id='word_1_207' title='bbox 260 1882 283 1916; x_wconf 84' lang='lat'>5</span> <span class='ocrx_word' id='word_1_208' title='bbox 303 1879 452 1916; x_wconf 84' lang='lat' dir='ltr'><strong>Fabius</strong></span> <span class='ocrx_word' id='word_1_209' title='bbox 485 1879 820 1928; x_wconf 77' lang='lat' dir='ltr'><strong>oppugnationem</strong></span> <span class='ocrx_word' id='word_1_210' title='bbox 851 1883 1042 1927; x_wconf 88' lang='lat' dir='ltr'><strong>ostendit;</strong></span> <span class='ocrx_word' id='word_1_211' title='bbox 1077 1881 1358 1920; x_wconf 87' lang='lat' dir='ltr'><strong>circummissae</strong></span> <span class='ocrx_word' id='word_1_212' title='bbox 1382 1884 1573 1930; x_wconf 89' lang='lat' dir='ltr'><strong>quattuor</strong></span> <span class='ocrx_word' id='word_1_213' title='bbox 1595 1879 1731 1917; x_wconf 88' lang='lat' dir='ltr'><strong>cohor-</strong></span> 
     </span>
     <span class='ocr_line' id='line_1_26' title="bbox 299 1948 1732 2003; baseline 0 -16"><span class='ocrx_word' id='word_1_214' title='bbox 299 1955 358 1987; x_wconf 88' lang='lat' dir='ltr'><strong>tes</strong></span> <span class='ocrx_word' id='word_1_215' title='bbox 404 1963 491 1987; x_wconf 91' lang='lat' dir='ltr'><strong>cum</strong></span> <span class='ocrx_word' id='word_1_216' title='bbox 524 1949 567 1988; x_wconf 87' lang='lat' dir='ltr'><strong>C.</strong></span> <span class='ocrx_word' id='word_1_217' title='bbox 602 1948 774 1989; x_wconf 85' lang='lat' dir='ltr'><strong>Servilio</strong></span> <span class='ocrx_word' id='word_1_218' title='bbox 805 1952 941 1991; x_wconf 87' lang='lat' dir='ltr'><strong>Ahala</strong></span> <span class='ocrx_word' id='word_1_219' title='bbox 986 1967 1107 2003; x_wconf 90' lang='lat' dir='ltr'><strong>quum</strong></span> <span class='ocrx_word' id='word_1_220' title='bbox 1149 1954 1423 1990; x_wconf 85' lang='lat' dir='ltr'><strong>imminentem</strong></span> <span class='ocrx_word' id='word_1_221' title='bbox 1459 1952 1551 1989; x_wconf 88' lang='lat' dir='ltr'><strong>urbi</strong></span> <span class='ocrx_word' id='word_1_222' title='bbox 1591 1951 1732 1988; x_wconf 90' lang='lat' dir='ltr'><strong>collem</strong></span> 
     </span>
     <span class='ocr_line' id='line_1_27' title="bbox 301 2020 1734 2075; baseline 0 -17"><span class='ocrx_word' id='word_1_223' title='bbox 301 2022 510 2071; x_wconf 78' lang='lat' dir='ltr'><strong>cepissent,</strong></span> <span class='ocrx_word' id='word_1_224' title='bbox 543 2034 591 2058; x_wconf 88' lang='lat' dir='ltr'><strong>ex</strong></span> <span class='ocrx_word' id='word_1_225' title='bbox 622 2021 707 2059; x_wconf 90' lang='lat' dir='ltr'><strong>loco</strong></span> <span class='ocrx_word' id='word_1_226' title='bbox 739 2023 894 2072; x_wconf 86' lang='lat' dir='ltr'><strong>altiore,</strong></span> <span class='ocrx_word' id='word_1_227' title='bbox 926 2039 1005 2075; x_wconf 88' lang='lat' dir='ltr'><strong>qua</strong></span> <span class='ocrx_word' id='word_1_228' title='bbox 1028 2026 1183 2063; x_wconf 86' lang='lat' dir='ltr'><strong>nullum</strong></span> <span class='ocrx_word' id='word_1_229' title='bbox 1210 2028 1296 2063; x_wconf 85' lang='lat' dir='ltr'><strong>erat</strong></span> <span class='ocrx_word' id='word_1_230' title='bbox 1310 2023 1551 2074; x_wconf 87' lang='lat' dir='ltr'><strong>praesidium,</strong></span> <span class='ocrx_word' id='word_1_231' title='bbox 1580 2020 1734 2070; x_wconf 88' lang='lat' dir='ltr'><strong>ingenti</strong></span> 
     </span>
     <span class='ocr_line' id='line_1_28' title="bbox 262 2092 1732 2145; baseline 0 -16"><span class='ocrx_word' id='word_1_232' title='bbox 262 2092 475 2135; x_wconf 84' lang='lat' dir='ltr'><strong>6clamore</strong></span> <span class='ocrx_word' id='word_1_233' title='bbox 519 2105 565 2129; x_wconf 90' lang='lat' dir='ltr'><strong>ac</strong></span> <span class='ocrx_word' id='word_1_234' title='bbox 609 2094 784 2132; x_wconf 88' lang='lat' dir='ltr'><strong>tumultu</strong></span> <span class='ocrx_word' id='word_1_235' title='bbox 822 2096 967 2134; x_wconf 89' lang='lat' dir='ltr'><strong>moenia</strong></span> <span class='ocrx_word' id='word_1_236' title='bbox 1004 2097 1199 2136; x_wconf 88' lang='lat' dir='ltr'><strong>invasere.</strong></span> <span class='ocrx_word' id='word_1_237' title='bbox 1260 2096 1328 2133; x_wconf 92' lang='lat' dir='ltr'><strong>Ad</strong></span> <span class='ocrx_word' id='word_1_238' title='bbox 1366 2107 1483 2145; x_wconf 90' lang='lat' dir='ltr'><strong>quem</strong></span> <span class='ocrx_word' id='word_1_239' title='bbox 1518 2093 1732 2132; x_wconf 86' lang='lat' dir='ltr'><strong>tumultum</strong></span> 
     </span>
     <span class='ocr_line' id='line_1_29' title="bbox 302 2163 1734 2213; baseline -0.001 -12"><span class='ocrx_word' id='word_1_240' title='bbox 302 2163 579 2213; x_wconf 87' lang='lat' dir='ltr'><strong>obstupefacti,</strong></span> <span class='ocrx_word' id='word_1_241' title='bbox 611 2164 681 2212; x_wconf 91' lang='lat' dir='ltr'><strong>qui</strong></span> <span class='ocrx_word' id='word_1_242' title='bbox 714 2166 904 2205; x_wconf 90' lang='lat' dir='ltr'><strong>adversus</strong></span> <span class='ocrx_word' id='word_1_243' title='bbox 930 2168 1101 2206; x_wconf 86' lang='lat' dir='ltr'><strong>Fabium</strong></span> <span class='ocrx_word' id='word_1_244' title='bbox 1131 2168 1271 2206; x_wconf 92' lang='lat' dir='ltr'><strong>urbem</strong></span> <span class='ocrx_word' id='word_1_245' title='bbox 1302 2166 1478 2204; x_wconf 88' lang='lat' dir='ltr'><strong>infimam</strong></span> <span class='ocrx_word' id='word_1_246' title='bbox 1507 2163 1734 2208; x_wconf 86' lang='lat' dir='ltr'><strong>tuebantur,</strong></span> 
     </span>
     <span class='ocr_line' id='line_1_30' title="bbox 301 2233 1735 2290; baseline 0.001 -19"><span class='ocrx_word' id='word_1_247' title='bbox 301 2235 430 2272; x_wconf 90' lang='lat' dir='ltr'><strong>locum</strong></span> <span class='ocrx_word' id='word_1_248' title='bbox 477 2233 622 2271; x_wconf 88' lang='lat' dir='ltr'><strong>dedere</strong></span> <span class='ocrx_word' id='word_1_249' title='bbox 668 2237 796 2274; x_wconf 85' lang='lat' dir='ltr'><strong>scalas</strong></span> <span class='ocrx_word' id='word_1_250' title='bbox 842 2239 1092 2286; x_wconf 86' lang='lat' dir='ltr'><strong>admovendi,</strong></span> <span class='ocrx_word' id='word_1_251' title='bbox 1138 2240 1334 2290; x_wconf 87' lang='lat' dir='ltr'><strong>plenaque</strong></span> <span class='ocrx_word' id='word_1_252' title='bbox 1381 2237 1555 2276; x_wconf 89' lang='lat' dir='ltr'><strong>hostium</strong></span> <span class='ocrx_word' id='word_1_253' title='bbox 1593 2237 1735 2273; x_wconf 81' lang='lat' dir='ltr'><strong>cuncta</strong></span> 
     </span>
     <span class='ocr_line' id='line_1_31' title="bbox 302 2305 1735 2361; baseline 0 -18"><span class='ocrx_word' id='word_1_254' title='bbox 302 2308 426 2351; x_wconf 88' lang='lat' dir='ltr'><strong>erant,</strong></span> <span class='ocrx_word' id='word_1_255' title='bbox 457 2308 496 2341; x_wconf 93' lang='lat' dir='ltr'><strong>et</strong></span> <span class='ocrx_word' id='word_1_256' title='bbox 526 2305 689 2342; x_wconf 89' lang='lat' dir='ltr'><strong>immitis</strong></span> <span class='ocrx_word' id='word_1_257' title='bbox 715 2307 784 2344; x_wconf 88' lang='lat' dir='ltr'><strong>diu</strong></span> <span class='ocrx_word' id='word_1_258' title='bbox 808 2311 932 2348; x_wconf 89' lang='lat' dir='ltr'><strong>caedes</strong></span> <span class='ocrx_word' id='word_1_259' title='bbox 957 2312 1109 2361; x_wconf 88' lang='lat' dir='ltr'><strong>pariter</strong></span> <span class='ocrx_word' id='word_1_260' title='bbox 1134 2311 1373 2360; x_wconf 88' lang='lat' dir='ltr'><strong>fugientium</strong></span> <span class='ocrx_word' id='word_1_261' title='bbox 1390 2322 1436 2347; x_wconf 89' lang='lat' dir='ltr'><strong>ac</strong></span> <span class='ocrx_word' id='word_1_262' title='bbox 1451 2306 1735 2351; x_wconf 87' lang='lat' dir='ltr'><strong>resistentium,</strong></span> 
     </span>
     <span class='ocr_line' id='line_1_32' title="bbox 266 2377 1736 2432; baseline 0.001 -19"><span class='ocrx_word' id='word_1_263' title='bbox 266 2380 545 2419; x_wconf 83' lang='lat' dir='ltr'><strong>7armatorum</strong></span> <span class='ocrx_word' id='word_1_264' title='bbox 592 2379 711 2425; x_wconf 85' lang='lat' dir='ltr'><strong>atque</strong></span> <span class='ocrx_word' id='word_1_265' title='bbox 748 2379 957 2419; x_wconf 87' lang='lat' dir='ltr'><strong>inermium</strong></span> <span class='ocrx_word' id='word_1_266' title='bbox 997 2383 1086 2421; x_wconf 89' lang='lat' dir='ltr'><strong>fuit.</strong></span> <span class='ocrx_word' id='word_1_267' title='bbox 1156 2382 1412 2432; x_wconf 84' lang='lat' dir='ltr'><strong>Cogebantur</strong></span> <span class='ocrx_word' id='word_1_268' title='bbox 1450 2380 1586 2429; x_wconf 82' lang='lat' dir='ltr'><strong>itaque</strong></span> <span class='ocrx_word' id='word_1_269' title='bbox 1624 2377 1736 2422; x_wconf 86' lang='lat' dir='ltr'><strong>victi,</strong></span> 
     </span>
     <span class='ocr_line' id='line_1_33' title="bbox 304 2446 1732 2504; baseline 0 -19"><span class='ocrx_word' id='word_1_270' title='bbox 304 2448 399 2498; x_wconf 88' lang='lat' dir='ltr'><strong>quia</strong></span> <span class='ocrx_word' id='word_1_271' title='bbox 429 2446 662 2485; x_wconf 83' lang='lat' dir='ltr'><strong>cedentibus</strong></span> <span class='ocrx_word' id='word_1_272' title='bbox 693 2450 779 2497; x_wconf 87' lang='lat' dir='ltr'><strong>spei</strong></span> <span class='ocrx_word' id='word_1_273' title='bbox 808 2452 909 2490; x_wconf 91' lang='lat' dir='ltr'><strong>nihil</strong></span> <span class='ocrx_word' id='word_1_274' title='bbox 942 2457 1037 2501; x_wconf 83' lang='lat' dir='ltr'><strong>erat,</strong></span> <span class='ocrx_word' id='word_1_275' title='bbox 1067 2467 1244 2504; x_wconf 86' lang='lat' dir='ltr'><strong>pugnam</strong></span> <span class='ocrx_word' id='word_1_276' title='bbox 1268 2453 1383 2499; x_wconf 83' lang='lat' dir='ltr'><strong>inire,</strong></span> <span class='ocrx_word' id='word_1_277' title='bbox 1414 2463 1535 2501; x_wconf 92' lang='lat' dir='ltr'><strong>quum</strong></span> <span class='ocrx_word' id='word_1_278' title='bbox 1560 2460 1732 2500; x_wconf 88' lang='lat' dir='ltr'><strong>pronun-</strong></span> 
     </span>
     <span class='ocr_line' id='line_1_34' title="bbox 302 2520 1732 2573; baseline -0.003 -13"><span class='ocrx_word' id='word_1_279' title='bbox 302 2523 446 2560; x_wconf 83' lang='lat' dir='ltr'><strong>tiatum</strong></span> <span class='ocrx_word' id='word_1_280' title='bbox 476 2520 649 2568; x_wconf 87' lang='lat' dir='ltr'><strong>repente,</strong></span> <span class='ocrx_word' id='word_1_281' title='bbox 688 2532 736 2557; x_wconf 92' lang='lat' dir='ltr'><strong>ne</strong></span> <span class='ocrx_word' id='word_1_282' title='bbox 775 2523 864 2570; x_wconf 87' lang='lat' dir='ltr'><strong>quis</strong></span> <span class='ocrx_word' id='word_1_283' title='bbox 895 2528 1039 2573; x_wconf 75' lang='lat' dir='ltr'><strong>praeter</strong></span> <span class='ocrx_word' id='word_1_284' title='bbox 1071 2528 1242 2562; x_wconf 88' lang='lat' dir='ltr'><strong>armatos</strong></span> <span class='ocrx_word' id='word_1_285' title='bbox 1271 2524 1498 2568; x_wconf 81' lang='lat' dir='ltr'><strong>violaretur,</strong></span> <span class='ocrx_word' id='word_1_286' title='bbox 1537 2520 1732 2569; x_wconf 81' lang='lat' dir='ltr'><strong>reliquam</strong></span> 
     </span>
     <span class='ocr_line' id='line_1_35' title="bbox 305 2589 1733 2642; baseline -0.004 -10"><span class='ocrx_word' id='word_1_287' title='bbox 305 2608 460 2635; x_wconf 87' lang='lat' dir='ltr'><strong>omnem</strong></span> <span class='ocrx_word' id='word_1_288' title='bbox 491 2589 784 2635; x_wconf 75' lang='lat' dir='ltr'><strong>multitudinem</strong></span> <span class='ocrx_word' id='word_1_289' title='bbox 815 2595 1082 2633; x_wconf 84' lang='lat' dir='ltr'><strong>voluntariam</strong></span> <span class='ocrx_word' id='word_1_290' title='bbox 1114 2596 1225 2633; x_wconf 83' lang='lat' dir='ltr'><strong>exuit</strong></span> <span class='ocrx_word' id='word_1_291' title='bbox 1239 2595 1374 2641; x_wconf 86' lang='lat' dir='ltr'><strong>armis,</strong></span> <span class='ocrx_word' id='word_1_292' title='bbox 1405 2605 1572 2642; x_wconf 88' lang='lat' dir='ltr'><strong>quorum</strong></span> <span class='ocrx_word' id='word_1_293' title='bbox 1589 2590 1639 2628; x_wconf 82' lang='lat' dir='ltr'><strong>ad</strong></span> <span class='ocrx_word' id='word_1_294' title='bbox 1655 2590 1733 2628; x_wconf 89' lang='lat' dir='ltr'><strong>duo</strong></span> 
     </span>
    </p>
   </div>
  </div>
 </body>
</html>
