1821 2928
769 137 886 173 Liber
910 137 942 172 I.
1522 143 1569 180 11

129 268 329 316 apparatu
359 268 444 302 tum
475 264 657 303 sciebant
688 267 756 302 aut
786 268 984 315 poterant,
1019 266 1284 313 concelebrat,
1315 269 1361 304 ut
1382 279 1467 304 rem
1496 267 1572 305 cla-

127 350 214 376 ram
238 340 590 387 exspectatamque
616 337 776 375 faceret.
819 336 942 374 Multi
969 338 1157 377 mortales
1174 351 1407 386 convenere,
1439 339 1574 378 studio
1592 340 1618 378 8

128 408 248 448 etiam
293 409 476 446 videndae
507 421 620 446 novae
651 409 776 455 urbis,
822 409 994 447 maxime
1025 410 1198 460 proximi
1229 411 1393 462 quique,
1442 411 1574 449 Caeni-

127 494 282 530 nenses,
302 480 564 530 Crustumini,
583 480 867 528 Antemnates3
895 481 1016 518 etiam
1033 480 1274 520 Sabinorum
1294 484 1420 521 omnis
1438 484 1572 522 multi·
1591 482 1615 519 9

127 553 227 591 tudo
255 567 343 591 cum
369 553 507 591 liberis
534 566 579 590 ac
604 553 845 602 coniugibus
876 553 996 591 venit.
1043 553 1211 592 Invitati
1228 554 1486 605 hospitaliter
1503 569 1575 606 per

127 625 266 664 domos
298 638 419 675 quum
451 626 571 663 situm
603 625 827 676 moeniaque
860 628 899 662 et
929 626 1182 675 frequentem
1205 627 1324 664 tectis
1351 628 1491 665 urbem
1515 628 1573 666 vi-

128 696 293 748 dissent,
341 698 550 745 mirantur‚
595 701 676 736 tam
722 698 837 736 brevi
868 711 953 735 rem
983 697 1207 736 Romanam
1241 700 1426 737 crevisse.
1489 700 1575 739 Ubi
1595 699 1650 737 10

127 769 345 820 spectaculi
370 773 527 821 tempus
551 771 675 818 venit,
700 770 926 820 deditaeque
951 783 996 808 eo
1024 773 1178 808 mentes
1195 784 1283 808 cum
1302 772 1430 810 oculis
1449 776 1574 821 erant,

126 844 212 880 tum
245 855 293 879 ex
325 843 546 892 composito
578 846 667 880 orta
705 843 776 890 vis,
822 843 1016 892 signoque
1049 841 1143 880 dato
1175 842 1361 881 iuventus
1393 844 1577 883 Romana

125 913 178 952 ad
209 914 425 964 rapiendas
456 915 633 965 virgines
665 915 869 953 discurrit.
930 914 1080 964 Magna
1110 928 1204 965 pars
1236 915 1349 963 forte,
1383 917 1424 954 in
1457 931 1574 968 quem
1595 915 1641 953 11

128 999 299 1037 quaeque
327 987 538 1033 inciderat,
565 990 710 1038 raptae;
738 986 931 1037 quasdam
956 987 1084 1024 forma
1103 987 1360 1037 excellentes,
1385 990 1572 1039 primori-

128 1057 204 1096 bus
228 1063 385 1109 patrum
413 1060 645 1106 destinatas,
679 1073 727 1097 ex
752 1059 873 1109 plebe
898 1059 1091 1108 homines,
1119 1059 1266 1110 quibus
1294 1060 1431 1098 datum
1455 1075 1574 1112 nego-

123 1130 225 1169 tium
260 1135 360 1172 erat.
394 1132 531 1170 domos
564 1131 810 1172 deferebant.
873 1131 1005 1170 Unam
1036 1132 1156 1181 longe
1188 1136 1280 1170 ante
1312 1133 1411 1171 alias
1442 1136 1575 1184 specie
1596 1134 1648 1170 12

124 1216 169 1242 ac
201 1204 508 1253 pulchritudine
540 1204 739 1253 insignem
771 1218 793 1241 a
824 1204 944 1253 globo
977 1203 1151 1242 Talassii
1183 1205 1387 1243 cuiusdam
1419 1211 1574 1257 raptam

127 1277 272 1322 ferunt,
298 1276 517 1326 multisque
535 1276 846 1322 sciscitantibus,
873 1276 1031 1314 cuinam
1050 1289 1135 1313 eam
1152 1277 1315 1323 ferrent,
1343 1278 1574 1327 identidem,

124 1361 175 1385 ne
207 1348 297 1398 quis
327 1349 510 1395 violaret,
557 1347 742 1386 Talassio
774 1348 871 1386 ferri
905 1348 1173 1395 clamitatum3
1222 1348 1316 1386 inde
1348 1351 1574 1400 nuptialem

120 1419 223 1457 hanc
254 1434 389 1458 vocem
419 1421 577 1459 factam.

238 1492 419 1530 Turbato
464 1506 536 1543 per
582 1496 731 1530 metum
762 1492 930 1539 ludicro,
976 1493 1101 1530 maesti
1139 1497 1324 1542 parentes
1355 1494 1560 1544 virginum
1581 1498 1631 1536 13

124 1565 375 1615 profugiunt,
420 1564 650 1602 incusantes
695 1565 839 1603 violati
869 1565 1036 1615 hospitii
1066 1564 1196 1602 foedus
1229 1564 1429 1616 deumque
1460 1568 1572 1607 invo-

128 1641 276 1686 cantes,
319 1637 430 1673 cuius
463 1636 512 1674 ad
543 1637 733 1674 sollemne
765 1637 960 1687 ludosque
991 1650 1062 1688 per
1092 1637 1152 1675 fas
1185 1651 1229 1675 ac
1261 1637 1381 1676 fidem
1414 1639 1574 1691 decepti

124 1709 341 1748 venissent.
402 1709 486 1747 Nec
532 1709 659 1759 raptis
691 1713 759 1748 aut
790 1723 880 1759 spes
911 1709 959 1747 de
991 1723 1031 1748 se
1063 1709 1209 1747 melior
1240 1714 1308 1748 aut
1341 1711 1568 1761 indignatio
1591 1714 1643 1752 14

126 1784 187 1819 est
217 1781 358 1819 minor.
405 1779 485 1819 Sed
517 1781 602 1832 ipse
619 1781 817 1820 Romulus
849 1782 1089 1820 circumibat
1120 1782 1382 1833 docebatque,
1413 1788 1573 1834 patrum

128 1853 171 1890 id
204 1853 393 1904 superbia
424 1854 584 1902 factum,
617 1855 686 1904 qui
718 1854 961 1892 connubium
992 1854 1178 1892 finitimis
1208 1861 1439 1905 negassent3
1478 1857 1572 1895 illas

124 1929 258 1964 tamen
291 1926 332 1962 in
364 1927 633 1978 matrimonio,
667 1927 709 1964 in
733 1927 925 1965 societate
952 1927 1204 1965 fortunarum
1228 1928 1404 1966 omnium
1431 1929 1570 1967 civita-

127 1997 263 2048 tisque
296 2002 347 2047 et,
381 2011 458 2048 quo
490 1999 594 2036 nihil
626 2000 755 2036 carius
787 1999 961 2036 humano
993 2000 1131 2049 generi
1162 2000 1228 2048 sit,
1258 2000 1433 2039 liberum
1465 2002 1569 2050 fore3

123 2071 330 2109 mollirent
361 2070 477 2108 modo
509 2071 589 2109 iras
621 2074 672 2118 et,
704 2072 852 2121 quibus
883 2072 965 2109 fors
997 2085 1165 2123 corpora
1197 2072 1385 2123 dedisset,
1427 2073 1571 2112 darent
1590 2073 1641 2112 15

125 2143 300 2188 animos3
347 2156 452 2193 saepe
499 2156 546 2180 ex
579 2143 731 2181 iniuria
761 2144 1013 2194 postmodum
1045 2145 1216 2194 gratiam
1248 2149 1393 2192 ortam,
1441 2159 1569 2196 eoque

122 2215 358 2253 melioribus
403 2228 546 2253 usuras
576 2215 688 2264 viris,
736 2216 844 2266 quod
875 2217 1089 2255 annisurus
1120 2230 1194 2268 pro
1225 2231 1266 2256 se
1299 2218 1470 2268 quisque
1501 2218 1568 2265 sit,

117 2290 177 2336 ut,
210 2300 333 2337 quum
365 2301 476 2325 suam
503 2287 630 2326 vicem
654 2288 815 2326 functus
842 2288 975 2326 officio
1001 2289 1066 2338 sit,
1099 2291 1325 2339 parentium
1350 2290 1471 2328 etiam
1496 2304 1566 2341 pa-

120 2359 294 2409 triaeque
326 2360 490 2410 expleat
520 2360 777 2398 desiderium.
839 2360 1103 2399 Accedebant
1133 2361 1341 2399 blanditiae
1372 2363 1564 2412 virorum,
1588 2359 1638 2395 16

120 2431 271 2470 factum
302 2432 564 2482 purgantium
597 2432 819 2482 cupiditate
851 2436 971 2483 atque
1003 2446 1148 2481 amore,
1187 2447 1275 2484 quae
1308 2434 1482 2472 maxime
1513 2433 1564 2470 ad

119 2503 319 2542 muliebre
364 2504 568 2554 ingenium
617 2503 797 2543 efficaces
842 2518 980 2555 preces
1026 2509 1128 2543 sunt.
1217 2505 1304 2544 Iam
1351 2505 1565 2542 admodum
1647 2503 1701 2552 10

117 2576 294 2626 mitigat-i
326 2576 451 2614 animi
482 2576 608 2626 raptis
640 2580 774 2623 erant;
805 2580 846 2615 at
876 2581 1084 2628 raptarum
1115 2583 1302 2629 parentes
1327 2581 1411 2614 tum
1438 2576 1561 2614 maxi-

117 2661 181 2686 me
227 2648 392 2686 sordida
436 2651 545 2686 veste
590 2648 847 2699 lacrimisque
894 2653 934 2687 et
965 2650 1138 2700 querelis
1169 2650 1356 2688 civitates
1388 2649 1560 2687 concita-

115 2718 228 2759 bant.
288 2720 373 2759 Nec
405 2719 512 2758 domi
542 2723 697 2758 tantum
728 2721 1027 2771 indignationes
1059 2721 1333 2769 continebant,
1367 2720 1436 2758 sed
1469 2733 1560 2759 con-
