1821 2928
489 99 605 134 Liber
629 98 696 133 IV.
747 98 807 143 (A.
835 99 900 134 Ch.
924 100 1133 145 409—408.)
1444 104 1524 140 249

91 227 241 266 diversi
271 230 452 265 auctores
491 227 663 272 faciunt;
706 226 777 264 illa
817 240 889 276 pro
922 230 1029 264 certo
1070 227 1265 275 habenda,
1304 229 1342 265 in
1378 229 1524 278 quibus

88 313 166 337 non
197 299 452 345 dissentiunt,
494 298 545 336 ab
584 312 674 336 arce
707 297 970 345 Carventana,
1005 313 1126 349 quum
1159 299 1227 337 diu
1259 301 1522 351 nequicquam

89 374 319 421 oppugnata
365 374 477 417 esset,
522 383 731 417 recessum,
779 370 1047 419 Verruginem
1092 372 1132 408 in
1180 371 1341 410 Volscis
1387 372 1522 411 eodem

87 443 268 481 exercitu
297 446 508 493 receptam,
539 442 900 493 populationesque
933 445 972 480 et
1003 443 1158 492 praedas
1190 447 1229 481 et
1256 444 1296 481 in
1315 444 1460 494 AEquis
1486 449 1525 483 et

87 515 127 552 in
159 514 308 553 Volsco
339 528 435 564 agro
467 515 650 564 ingentes
680 515 819 553 factas·

199 587 338 625 Romae
351 588 453 625 sicut
462 586 594 637 plebis
604 586 775 623 victoria
783 586 861 623 fuit
873 586 913 623 in
923 599 981 633 eo,
997 589 1054 633 ut,
1070 600 1157 637 quae
1168 588 1343 634 mallent,
1361 589 1522 627 comitia
1599 584 1654 632 56

84 658 291 706 haberent,
322 660 378 697 ita
404 662 547 696 eventu
573 658 823 696 comitiorum
841 661 975 708 patres
992 658 1145 705 vicere3
1178 672 1349 709 namque
1365 660 1521 698 tribuni
1540 660 1564 696 2

85 730 258 767 militum
290 730 488 769 consulari
521 732 719 780 potestate
751 733 890 768 contra
920 743 1028 780 spem
1058 731 1235 768 omnium
1261 735 1343 769 tres
1359 732 1522 782 patricii
1541 731 1652 801 Qum?-
1670 733 1728 802 ΞΞΞ

84 802 210 840 creati
241 807 345 850 sunt,
377 802 418 841 O.
443 803 572 840 Iulius
604 802 730 848 Iulus,
762 801 808 841 P.
836 801 1045 840 Cornelius
1070 801 1229 850 Cossus,
1261 803 1305 842 O.
1324 802 1522 842 Servilius
1572 795 1578 801 ⁵
1613 791 1650 802 ,.
1723 796 1729 802 ’

85 873 232 913 Ahala.
280 875 425 913 Artem
450 874 672 912 adhibitam
696 875 830 911 ferunt
847 887 869 911 a
884 874 1078 924 patriciis,
1103 875 1214 912 cuius
1233 889 1298 913 eos
1314 876 1422 913 Icilii
1438 880 1523 913 tum
1541 877 1564 912 3

86 959 244 996 quoque
275 946 575 994 insimulabant,
606 945 727 996 quod,
757 946 914 983 turbam
947 946 1202 995 indignorum
1221 947 1524 986 candidatorum

83 1018 393 1057 intermiscendo
410 1019 554 1068 dignis,
569 1017 691 1055 taedio
709 1017 885 1055 sordium
903 1017 944 1055 in
963 1018 1202 1068 quibusdam
1220 1019 1438 1069 insignium
1456 1033 1523 1070 po-

83 1090 222 1140 pulum
239 1105 262 1128 a
278 1091 450 1141 plebeiis
467 1091 717 1128 avertissent.
751 1089 921 1127 Volscos
938 1089 1084 1128 deinde
1103 1093 1142 1127 et
1157 1090 1325 1141 AEquos,
1342 1105 1412 1129 seu
1430 1091 1522 1130 Car·
1539 1092 1565 1128 4

83 1166 255 1200 ventana
277 1176 348 1200 arx
372 1165 529 1200 retenta
554 1162 597 1199 in
621 1175 731 1213 spem
747 1175 816 1199 seu
833 1161 1061 1211 Verrugine
1087 1163 1274 1201 amissum
1291 1164 1523 1214 praesidium

83 1234 133 1271 ad
164 1235 264 1272 iram
295 1248 417 1285 quum
448 1235 686 1284 impulisset,
717 1235 822 1271 fama
853 1234 1016 1272 affertur
1048 1248 1200 1272 summa
1230 1236 1271 1272 vi
1300 1236 1350 1272 ad
1372 1236 1523 1273 bellum

84 1309 258 1353 coort0s;
305 1310 425 1357 caput
469 1320 601 1344 rerum
634 1306 824 1344 Antiates
856 1319 959 1353 esse;
1007 1319 1144 1344 eorum
1189 1307 1344 1356 legatos
1376 1307 1564 1345 utrius-5

83 1391 158 1428 que
204 1379 335 1428 gentis
379 1379 551 1429 populos
588 1378 830 1425 circumisse,
876 1378 1116 1427 castigantes
1157 1379 1370 1428 ignaviam,
1416 1379 1523 1429 quod

83 1449 209 1487 abditi
261 1451 368 1488 intra
416 1464 549 1488 muros
596 1450 905 1500 populabundos
951 1450 992 1488 in
1039 1451 1148 1500 agris
1192 1451 1332 1500 vagari
1377 1451 1522 1489 Roma-

82 1535 153 1560 uos
184 1523 317 1572 priore
349 1535 452 1560 anno
484 1525 524 1560 et
551 1523 720 1572 opprimi
742 1521 984 1572 Verruginis
1000 1522 1235 1572 praesidium
1252 1523 1361 1573 passi
1380 1526 1521 1562 esseut.

84 1594 169 1632 Iam
201 1608 279 1632 non
312 1595 511 1632 exercitus
542 1594 659 1631 modo
691 1597 876 1641 armatos,
907 1593 976 1632 sed
1008 1594 1188 1632 colonias
1220 1595 1340 1632 etiam
1365 1595 1406 1632 in
1431 1608 1521 1633 suos
1540 1595 1563 1632 6

81 1665 178 1704 fines
209 1666 333 1714 mitti;
366 1679 437 1704 nec
468 1666 575 1716 ipsos
605 1665 722 1704 modo
747 1666 951 1704 Romanos
982 1679 1055 1704 sua
1085 1666 1232 1704 divisui
1262 1667 1421 1714 habere,
1453 1667 1522 1705 sed

81 1737 340 1777 Ferentinum
372 1739 491 1776 etiam
523 1738 571 1775 de
603 1751 644 1776 se
675 1741 835 1788 captum
867 1737 1058 1776 Hernicis
1091 1739 1272 1778 donasse.
1335 1738 1405 1777 Ad
1436 1739 1520 1777 haec
1540 1741 1562 1776 7

80 1823 202 1861 quum
247 1810 592 1849 inflammarentur
637 1810 773 1857 animi,
819 1813 864 1848 ut
909 1809 959 1847 ad
1005 1823 1184 1861 quosque
1230 1813 1393 1848 ventum
1426 1813 1522 1857 erat,

80 1895 267 1921 numerus
314 1883 515 1921 iuniorum
554 1881 893 1920 conscribebatur.
961 1881 1027 1919 Ita
1066 1883 1241 1920 omnium
1280 1883 1520 1932 populorum

80 1956 265 1994 iuventus
282 1954 453 1993 Antium
485 1956 708 2000 contracta;
739 1953 798 1990 ibi
828 1954 971 1991 castris
1003 1955 1143 2004 positis
1167 1955 1319 1993 hostem
1337 1955 1520 2004 opperie—

82 2027 241 2067 bantur.
289 2028 387 2075 Quae
418 2026 490 2064 ubi
519 2025 696 2063 tumultu
727 2024 878 2062 maiore
909 2025 1039 2072 etiam,
1071 2038 1189 2076 quam
1212 2039 1277 2065 res
1293 2030 1389 2074 erat,
1419 2040 1517 2065 nun·
1536 2028 1561 2064 8

79 2099 234 2138 tiantur
250 2100 430 2146 Romam,
460 2100 622 2136 senatus
653 2096 866 2146 extemplo,
898 2096 1006 2146 quod
1030 2097 1072 2134 in
1096 2098 1216 2137 rebus
1239 2098 1412 2150 trepidis
1428 2099 1520 2136 ulti-

81 2185 186 2210 mum
217 2172 427 2209 consilium
460 2174 556 2216 erat,
588 2169 823 2206 dictatorem
856 2167 936 2206 dici
969 2169 1098 2208 iussit.
1147 2170 1274 2217 Quam
1306 2185 1389 2209 rem
1414 2184 1519 2220 aegre
1538 2172 1561 2206 9

79 2256 216 2294 passos
241 2243 394 2281 Iulium
413 2242 722 2291 Corneliumque
754 2242 898 2288 ferunt,
930 2254 1155 2292 magnoque
1187 2242 1406 2280 certamine
1438 2243 1520 2280 ani-

81 2328 232 2353 morum
262 2327 345 2352 rem
381 2318 521 2361 actam,
552 2326 674 2364 quum
704 2312 900 2362 primores
931 2317 1102 2362 patrum,
1135 2315 1401 2364 nequicquam
1427 2327 1517 2351 con·
1540 2314 1589 2349 10

80 2387 223 2437 questi,
253 2399 332 2424 non
363 2400 447 2424 esse
478 2387 518 2423 in
549 2384 790 2423 auctoritate
821 2388 981 2422 senatus
1010 2383 1197 2424 tribunos
1227 2386 1413 2430 militum,
1451 2397 1519 2434 po-

79 2461 225 2496 stremo
257 2458 379 2496 etiam
411 2458 596 2496 tribunos
626 2456 737 2506 plebi
764 2456 1018 2506 appellarent
1041 2461 1080 2495 et
1103 2457 1335 2495 consulibus
1363 2469 1520 2506 quoque

81 2528 129 2566 ab
175 2543 220 2568 ea
263 2533 461 2581 potestate
506 2529 586 2566 vim
617 2539 739 2577 super
768 2527 841 2564 tali
872 2540 915 2565 re
946 2528 1160 2566 inhibitam
1193 2529 1399 2573 referrent,
1444 2527 1516 2565 tri·
1539 2528 1582 2565 11

81 2601 178 2638 buni
206 2602 326 2652 plebi,
354 2601 439 2639 laeti
471 2599 678 2638 discordia
709 2601 880 2648 patrum,
913 2599 1015 2637 nihil
1047 2613 1130 2637 esse
1163 2601 1203 2636 in
1229 2611 1271 2637 se
1302 2599 1351 2637 iis
1377 2599 1518 2637 auxilii

81 2672 269 2721 dicerent,
307 2673 453 2724 quibus
493 2684 572 2709 non
605 2670 762 2717 civium,
804 2683 883 2709 non
915 2670 1086 2720 denique
1119 2670 1323 2708 hominum
1356 2683 1520 2708 numero
