1821 2928
539 184 630 210 Liber
649 185 735 211 vm.
773 185 820 214 (A.
842 185 893 212 cn.
914 186 1072 215 327—326.)
1400 179 1480 217 123

88 299 235 347 reditu,
264 299 502 350 promissum
534 302 603 347 est,
634 313 768 349 regem
799 304 868 338 aut
897 301 1034 338 vivum
1065 304 1134 338 aut
1164 304 1364 340 mortuum
1396 303 1437 341 in
1468 318 1536 355 po-

87 371 272 407 testatem
303 367 480 406 daturos.
541 367 729 406 Ceterum
761 382 849 407 cum
880 369 1046 407 delectis
1077 369 1173 420 ipse,
1205 371 1410 420 egregium
1439 372 1535 410 faci·
1555 373 1577 409 9

87 450 160 474 nus
191 449 321 483 ausus,
367 449 438 486 per
469 436 621 475 medios
661 437 836 487 erumpit
873 438 1005 476 hostes
1037 441 1075 474 et
1107 438 1248 476 ducem
1279 439 1535 479 Lucanorum

87 505 265 543 cominus
302 517 557 553 congressum
597 505 829 552 obtruncat;
868 506 1185 556 contrahensque
1223 520 1314 546 suos
1355 521 1403 545 ex
1439 509 1534 559 fuga
1556 509 1606 546 10

84 574 242 624 palatos
271 574 455 624 pervenit
487 574 538 612 ad
569 588 747 621 amnem,
792 573 922 611 ruinis
953 574 1186 612 recentibus
1218 576 1370 625 pontis,
1417 590 1535 627 quem

84 642 147 680 vis
178 654 290 692 aquae
322 642 565 689 abstulerat,
612 642 856 680 indicantem
895 642 982 680 iter.
1057 643 1186 690 Quem
1224 657 1347 694 quum
1379 645 1533 684 incerto
1553 646 1600 682 11

83 710 187 748 vado
217 710 409 748 transiret
439 723 592 759 agmen,
623 710 749 748 fessus
780 714 888 748 metu
919 724 963 747 ac
995 711 1134 748 labore
1165 712 1290 759 miles,
1322 713 1533 763 increpans

83 792 227 816 nomen
258 778 570 816 abominandum
601 778 790 826 fluminis,
825 779 944 825 „Iure
961 778 1146 818 Acheros
1170 781 1353 818 vocaris-⁴
1388 782 1532 831 inquit.

84 847 204 895 Quod
235 846 307 884 ubi
339 846 390 885 ad
421 860 538 884 aures
577 847 727 885 accidit
763 847 890 896 regis,
936 847 1087 885 adiecit
1126 849 1325 899 extemplo
1357 849 1533 888 animum

80 915 177 954 fatis
194 915 288 962 suis,
319 914 581 965 substititque
605 915 764 962 dubius,
795 929 846 952 an
870 916 1071 953 transiret.
1118 916 1220 954 Tum
1237 916 1426 965 Sotimus,
1457 918 1529 955 mi-
1552 918 1600 955 12

81 984 206 1023 nister
251 997 299 1021 ex
343 983 466 1032 regiis
510 984 666 1034 pueris,
713 983 811 1034 quid
851 984 892 1021 in
932 988 1045 1022 tanto
1088 984 1321 1023 discrimine
1358 986 1530 1036 periculi

82 1055 347 1099 cunctaretur,
394 1052 667 1101 interrogans,
714 1052 868 1090 indicat
911 1053 1099 1091 Lucanos
1146 1053 1308 1092 insidiis
1354 1068 1532 1104 quaerere

80 1121 222 1160 locum.
297 1120 407 1167 Quos
438 1120 510 1158 ubi
539 1121 716 1171 respexit
745 1135 816 1159 rex
845 1123 987 1172 procul
1018 1135 1138 1172 grege
1176 1123 1282 1161 facto
1313 1123 1529 1171 venientes,
1551 1123 1599 1160 13

80 1189 243 1239 stringit
286 1188 468 1238 gladium
505 1192 543 1226 et
583 1202 655 1239 per
695 1190 869 1228 medium
907 1205 1061 1229 amnem
1092 1191 1331 1229 transmittit
1362 1205 1529 1242 equum;

80 1258 241 1307 iamque
281 1256 324 1294 in
369 1256 516 1294 vadum
562 1270 763 1307 egressum
810 1259 965 1297 eminus
1002 1263 1143 1297 veruto
1183 1259 1371 1297 Lucanus
1417 1261 1528 1298 exsul

50 1344 53 1346 ·
78 1326 290 1375 transfigit.
350 1324 527 1375 Lapsum
558 1326 651 1363 inde
683 1340 772 1364 cum
803 1327 1025 1365 inhaerente
1055 1328 1137 1366 telo
1170 1342 1314 1378 corpus
1345 1328 1527 1367 exanime
1549 1327 1600 1365 14

80 1394 226 1432 detulit
257 1393 385 1432 amnis
417 1394 458 1430 in
490 1394 665 1432 hostium
703 1395 906 1445 praesidia.
981 1396 1048 1433 1bi
1080 1396 1186 1434 foeda
1218 1397 1409 1435 laceratio
1443 1410 1527 1434 cor-

79 1463 188 1514 poris
219 1463 336 1500 facta.
396 1462 580 1512 Namque
612 1463 778 1513 praeciso
811 1464 955 1511 medio,
985 1468 1142 1514 partem
1173 1464 1430 1503 Consentiam
1456 1465 1527 1503 mi-

79 1545 176 1578 sere,
206 1544 299 1581 pars
326 1530 424 1580 ipsis
449 1534 605 1568 retenta
633 1531 683 1569 ad
708 1532 947 1579 ludibrium3
979 1546 1067 1582 quae
1091 1546 1213 1583 quum
1239 1533 1383 1571 iaculis
1401 1534 1527 1571 saxis·
1550 1536 1598 1574 15

80 1613 156 1650 que
186 1598 327 1649 procul
357 1599 632 1647 incesseretur,
662 1600 804 1638 mulier
835 1613 915 1638 una
945 1601 1053 1639 ultra
1083 1601 1347 1640 humanarum
1378 1602 1529 1640 irarum

78 1667 198 1705 fidem
229 1667 410 1705 saevienti
442 1667 572 1705 turbae
604 1669 804 1716 immixta,
835 1673 880 1705 ut
909 1682 1125 1719 parumper
1156 1670 1410 1717 sustinerent,
1440 1684 1527 1721 pre-

78 1739 178 1783 cata,
209 1735 306 1774 flens
337 1736 405 1782 ait,
436 1736 569 1774 virum
600 1737 677 1775 sibi
709 1737 940 1787 liberosque
967 1741 1104 1788 captos
1131 1740 1239 1788 apud
1266 1739 1399 1777 hostes
1426 1752 1526 1777 esse:

77 1817 238 1854 sperare
269 1817 434 1854 corpore
466 1804 576 1853 regio
607 1809 811 1856 utcunque
843 1806 1017 1843 mulcato
1045 1820 1085 1844 se
1111 1820 1202 1844 suos
1219 1806 1526 1857 redempturam.

77 1871 118 1910 Is
148 1871 240 1910 finis
272 1872 511 1910 lacerationi
541 1873 631 1920 fuit,
663 1874 941 1924 sepultumque
975 1874 1218 1921 Consentiae,
1265 1875 1373 1925 quod
1405 1889 1523 1913 mem·
1546 1877 1594 1914 16

75 1940 241 1979 brorum
271 1940 471 1990 reliquum
502 1941 590 1988 fuit,
622 1955 717 1979 cura
747 1942 928 1980 mulieris
959 1942 1091 1989 unius,
1123 1955 1290 1991 ossaque
1315 1942 1526 1993 Metapon-

75 2011 160 2046 tum
191 2009 243 2046 ad
274 2009 406 2047 hostes
435 2009 615 2056 remissa,
646 2010 740 2047 inde
771 2010 941 2060 Epirum
975 2010 1141 2048 devecta
1179 2010 1229 2048 ad
1263 2009 1520 2061 Cleopatram
1541 2013 1591 2049 17

76 2089 241 2114 uxorem
272 2090 527 2126 sororemque
545 2076 838 2128 Olympiadem,
871 2091 1041 2127 quarum
1072 2082 1198 2116 mater
1230 2079 1367 2128 magni
1399 2078 1523 2117 Alex-

79 2144 199 2182 andri
246 2145 394 2192 altera,
440 2159 552 2184 soror
594 2145 720 2184 altera
765 2146 854 2183 fuit.
914 2145 1014 2183 Haec
1061 2145 1109 2184 de
1150 2146 1379 2185 Alexandri
1424 2147 1522 2198 Epi·
1544 2149 1594 2186 18

76 2213 205 2250 rensis
242 2213 353 2250 tristi
399 2216 563 2259 eventu,
608 2227 838 2263 quanquam
869 2213 1051 2252 Romano
1092 2214 1200 2253 bello
1241 2216 1404 2254 fortuna
1435 2229 1523 2254 eum

76 2281 285 2328 abstinuit,
330 2285 476 2328 tamen,
522 2281 618 2330 quia
649 2282 692 2319 in
725 2282 848 2320 Italia
879 2282 985 2320 bella
1015 2282 1151 2332 gessit,
1196 2284 1336 2333 paucis
1369 2284 1522 2322 dixisse

75 2350 173 2387 satis
205 2350 269 2387 sit.

188 2417 341 2456 Eodem
373 2431 476 2455 anno
507 2416 798 2455 lectisternium
829 2416 979 2466 Romae,
1019 2419 1162 2469 quinto
1193 2423 1284 2470 post
1315 2419 1517 2458 conditam
1592 2416 1650 2465 25

74 2485 226 2533 urbem,
257 2485 413 2531 iisdem,
444 2484 594 2535 quibus
618 2489 721 2531 ante,
751 2484 962 2534 placandis
985 2487 1171 2525 habitum
1197 2492 1255 2526 est
1272 2488 1369 2526 deis.
1415 2488 1519 2526 Novi
1539 2490 1561 2526 2

75 2552 221 2591 deinde
252 2554 434 2592 consules
467 2553 577 2591 iussn
608 2553 749 2604 populi
781 2567 903 2603 quum
933 2555 1147 2603 misissent,
1196 2556 1265 2606 qui
1297 2556 1523 2595 indicerent

75 2617 326 2660 Samnitibus
381 2622 551 2669 bellum,
614 2621 694 2671 ipsi
752 2621 899 2661 maiore
956 2628 1102 2662 conatu
1155 2637 1273 2674 quam
1330 2624 1521 2663 adversus
