1821 2928
296 116 373 152 192
728 111 842 146 Liber
867 110 940 146 ΙΙΙ.
989 113 1048 155 (A.
1076 124 1108 146 u.
1136 124 1164 147 c.
1190 113 1283 152 308.)

253 238 278 274 4
300 241 514 287 gestorum,
547 238 690 288 saepius
708 238 950 278 meritorum.
1012 238 1131 276 Alios
1158 240 1337 276 consules
1358 243 1426 276 aut
1442 251 1512 288 per
1529 237 1720 288 proditio·

294 323 381 347 nem
407 310 616 358 dignitatis
647 313 805 359 patrum
833 310 944 360 plebi
968 311 1152 348 adulatos
1184 315 1253 348 aut
1284 311 1422 348 acerbe
1453 309 1602 348 tuendo
1634 310 1722 347 iura

295 381 447 418 ordinis
465 382 705 431 asperiorem
723 382 919 420 domando
938 382 1234 420 multitudinem
1250 382 1389 419 fecisse
1405 397 1411 429 3
1428 381 1475 419 T.
1491 381 1722 428 Quinctium

296 454 512 491 orationem
544 465 754 490 memorem
780 454 995 491 maiestatis
1024 457 1183 503 patrum
1209 453 1513 502 concordiaeque
1538 452 1721 490 ordinum

257 528 279 564 5
299 528 336 562 et
366 529 589 574 temporum
613 525 653 562 in
682 525 821 575 primis
848 525 1048 564 habuisse.
1099 524 1224 563 Orare
1250 538 1338 562 eum
1364 525 1646 574 collegamque,
1679 527 1724 561 ut

293 600 545 646 capesserent
575 609 659 635 rem
691 597 912 646 publicam3
944 611 1056 634 orare
1080 597 1277 647 tribunos,
1311 601 1356 634 ut
1379 609 1458 634 uno
1485 597 1615 634 animo
1633 608 1721 633 cum

295 669 525 706 consulibus
563 669 711 706 bellum
752 669 800 706 ab
841 668 939 706 urbe
983 683 1027 706 ac
1065 669 1260 706 moenibus
1310 668 1537 718 propulsari
1576 667 1725 705 vellent

296 741 532 790 plebemque
549 739 799 777 obedientem
828 741 868 778 in
893 754 934 778 re
966 743 1048 778 tam
1079 741 1238 791 trepida
1268 740 1453 790 patribus
1483 739 1722 790 praeberent3

296 813 496 863 appellare
544 812 724 849 tribunos
772 825 1018 849 communem
1057 813 1228 862 patriam
1274 811 1548 861 auxiliumque
1589 824 1724 848 eorum

259 885 513 934 6implorare
543 885 710 921 vastatis
751 884 871 933 agris,
914 884 1013 921 urbe
1051 898 1176 934 prope
1219 886 1458 934 oppugnata.
1522 882 1724 921 Consensu

294 956 468 993 omnium
502 954 670 992 dilectus
703 955 931 992 decernitur
962 956 1221 1005 habeturque.
1292 954 1422 1002 Quum
1465 954 1644 992 consules
1684 953 1725 991 in

295 1028 478 1065 contione
510 1028 850 1076 pronuntiassent,
882 1031 1038 1077 tempus
1064 1041 1143 1065 non
1168 1041 1251 1065 esse
1276 1040 1412 1065 causas
1439 1025 1723 1075 cognoscendi3

295 1113 428 1136 omnes
460 1100 632 1137 iuniores
663 1102 821 1149 postero
855 1099 918 1136 die
949 1099 1079 1149 prima
1109 1101 1197 1137 luce
1231 1099 1271 1136 in
1304 1112 1439 1149 campo
1472 1098 1622 1136 Martio
1654 1097 1726 1135 ad-

255 1173 277 1207 7
298 1174 450 1216 essent;
484 1171 770 1220 cognoscendis
797 1171 925 1208 causis
952 1184 1098 1217 eorum,
1132 1172 1201 1221 qui
1226 1171 1388 1209 nomina
1413 1184 1492 1208 non
1510 1170 1724 1215 dedissent,

298 1242 400 1280 bello
428 1243 604 1292 perfecto
633 1256 672 1280 se
690 1243 854 1280 daturos
870 1245 1046 1292 tempus3
1078 1257 1151 1293 pro
1171 1243 1372 1281 desertore
1389 1243 1580 1292 futurum,
1614 1241 1725 1278 cuius

294 1328 371 1352 non
404 1315 639 1364 probassent
680 1314 850 1359 causam,
898 1315 1025 1352 omnis
1073 1315 1257 1353 iuventus
1296 1314 1409 1352 affuit
1447 1317 1606 1364 postero
1648 1312 1724 1351 die.

253 1385 491 1424 SCohortes
531 1387 606 1424 sibi
655 1400 823 1436 quaeque
860 1387 1112 1424 centuriones
1151 1387 1355 1437 legerunt3
1399 1385 1486 1424 bini
1526 1388 1727 1424 senatores

295 1458 463 1506 singulis
496 1457 728 1495 cohortibus
760 1458 978 1508 praepositi.
1024 1458 1121 1495 Haec
1153 1459 1285 1496 omnia
1317 1458 1415 1497 adeo
1448 1461 1601 1495 mature
1630 1469 1719 1506 per-

291 1529 394 1566 fecta
412 1531 646 1579 accepimus,
679 1534 722 1567 ut
753 1530 878 1579 signa,
911 1544 956 1567 eo
989 1530 1074 1580 ipso
1095 1531 1159 1568 die
1177 1545 1199 1568 a
1216 1530 1483 1580 quaestoribus
1509 1543 1557 1567 ex
1581 1528 1720 1566 aerario

291 1604 474 1650 prompta
492 1601 701 1650 delataque
719 1602 761 1638 in
779 1615 969 1651 campum,
987 1605 1128 1651 quarta
1144 1602 1224 1640 diei
1251 1602 1349 1640 hora
1373 1605 1480 1640 mota
1506 1615 1553 1639 ex
1583 1614 1720 1650 campo

292 1672 383 1718 sint,
418 1673 693 1721 exercitusque
724 1685 862 1722 novus,
902 1674 1038 1722 paucis
1070 1674 1300 1711 cohortibus
1339 1676 1516 1710 veterum
1547 1672 1719 1710 militum

254 1742 276 1778 9
296 1743 498 1781 voluntate
530 1744 797 1794 sequentibus,
829 1745 1018 1781 manserit
1049 1745 1099 1782 ad
1132 1745 1327 1782 decimum
1360 1744 1548 1795 lapidem.
1610 1743 1719 1782 Inse-

291 1828 417 1864 quens
435 1815 520 1853 dies
537 1815 688 1853 hostem
707 1816 748 1852 in
765 1820 1020 1866 conspectum
1037 1816 1160 1864 dedit,
1179 1820 1387 1867 castraque
1415 1816 1464 1853 ad
1483 1816 1720 1854 Corbionem

226 1885 276 1923 10
295 1888 434 1924 castris
466 1891 558 1925 sunt
588 1889 808 1925 coniuncta.
868 1887 1005 1925 Tertio
1037 1888 1113 1936 die,
1145 1902 1264 1938 quum
1294 1889 1353 1926 ira
1376 1888 1587 1935 Romanos,
1618 1888 1720 1935 illos,

290 1971 409 2008 quum
441 1960 561 1997 toties
593 1960 867 2009 rebellassent,
901 1961 1143 1998 conscientia
1167 1961 1293 2010 culpae
1318 1973 1362 1999 ac
1390 1960 1614 2010 desperatio
1633 1959 1720 1996 irri-

293 2033 409 2080 taret,
443 2045 553 2069 mora
585 2031 802 2069 dimicandi
834 2032 947 2070 nulla
977 2035 1036 2069 est
1066 2033 1181 2070 facta.

158 2101 214 2150 70
409 2103 458 2140 In
490 2103 668 2140 exercitu
698 2103 879 2142 Romano
912 2117 1033 2153 quum
1065 2104 1141 2142 duo
1166 2104 1347 2141 consules
1372 2107 1500 2141 essent
1522 2105 1718 2154 potestate

290 2174 389 2223 pari,
421 2175 525 2223 quod
553 2175 858 2213 saluberrimum
884 2177 923 2212 in
951 2176 1295 2214 administratione
1325 2188 1557 2225 magnarum
1587 2187 1718 2213 rerum

290 2249 362 2294 est,
395 2258 546 2283 summa
576 2246 747 2296 imperii,
780 2247 1019 2285 concedente
1036 2247 1236 2297 Agrippa,
1267 2261 1386 2297 penes
1404 2247 1597 2296 collegam
1614 2249 1716 2293 erat3

290 2321 328 2355 et
358 2317 548 2367 praelatus
579 2317 646 2354 ille
673 2318 862 2356 facilitati
888 2319 1172 2357 summittentis
1196 2332 1236 2356 se
1261 2319 1427 2357 comiter
1452 2318 1719 2369 respondebat

289 2388 614 2427 communicando
646 2390 814 2427 consilia
845 2390 1060 2440 laudesque
1102 2394 1141 2428 et
1182 2390 1374 2440 aequando
1406 2390 1598 2442 imparem
1629 2390 1716 2429 sibi.

250 2461 273 2497 2
291 2460 341 2497 In
372 2460 455 2498 acie
485 2460 700 2507 Quinctius
733 2461 917 2498 dextrum
949 2475 1082 2509 cornu,
1114 2461 1301 2512 Agrippa
1331 2463 1536 2500 sinistrum
1565 2461 1714 2508 tenuit3

293 2530 360 2582 Sp.
384 2531 592 2570 Postumio
619 2530 729 2570 Albo
755 2532 886 2582 legato
912 2532 1030 2570 datur
1056 2533 1186 2571 media
1214 2534 1317 2572 acies
1341 2533 1507 2580 tuenda;
1539 2534 1714 2583 legatum

248 2605 273 2641 3
296 2603 466 2641 alterum
484 2603 531 2643 P.
549 2602 774 2653 Sulpicium
792 2604 994 2653 equitibus
1011 2604 1245 2654 praeficiunt.
1307 2605 1467 2643 Pedites
1496 2605 1545 2642 ab
1573 2605 1714 2645 dextro

292 2686 414 2712 cornu
445 2674 606 2723 egregie
638 2687 878 2725 pugnavere,
910 2675 1015 2713 haud
1046 2676 1222 2724 segniter
1252 2676 1528 2714 resistentibus
1546 2674 1716 2717 Volscis.
