1821 2928
573 174 663 200 Liber
681 174 733 198 VI.
772 173 819 201 (Α.
841 174 892 200 ch.
912 174 983 203 368.)
1394 163 1445 200 43

62 295 127 328 tus
172 291 214 327 in
258 290 359 327 hanc
407 289 489 324 fere
535 288 775 325 sententiam
823 301 917 325 esse.
981 287 1144 336 „Neque
1184 300 1330 325 novum
1370 290 1541 337 neque3

65 358 317 408 inopinatum
348 356 448 393 mihi
481 355 544 401 sit,
568 356 761 403 Quirites,
794 356 840 402 si,
871 355 978 405 quod
1008 368 1129 392 unum
1162 355 1327 393 familiae
1359 358 1504 393 nostrae

63 438 219 475 semper
242 424 444 463 obiectum
476 428 535 461 est
565 423 615 460 ab
648 423 855 461 seditiosis
892 423 1082 470 tribunis,
1114 423 1156 460 id
1188 437 1292 460 nunc
1310 436 1382 472 ego
1408 436 1503 473 quo-

63 507 140 544 que
171 492 344 539 audiam,
371 491 553 529 Claudiae
580 493 690 540 genti
724 492 803 529 iam
836 492 929 528 inde
954 491 1004 529 ab
1030 491 1150 528 initio
1174 492 1279 528 nihil
1297 492 1504 541 antiquius

66 562 108 600 in
130 576 173 599 re
197 560 364 612 publica
387 563 549 610 patrum
572 560 781 597 maiestate
799 559 932 606 fuisse,
964 573 1118 609 semper
1134 559 1267 609 plebis
1285 559 1504 597 commodis

63 629 293 667 adversatos
327 642 420 665 esse.
481 628 661 675 Quorum
693 629 863 666 alterum
901 641 1028 677 neque
1060 640 1161 675 nego
1192 641 1319 676 neque
1352 627 1503 665 infitias
1522 628 1547 665 4

64 711 121 745 eo,
148 711 230 744 nos,
257 710 304 734 ex
323 709 400 746 quo
419 695 565 733 adsciti
584 709 715 733 sumus
734 696 853 733 simul
877 696 919 732 in
937 695 1142 732 civitatem
1161 698 1199 732 et
1215 698 1361 745 patres,
1388 695 1505 732 enixe

63 779 225 816 operam
267 763 447 810 dedisse,
491 766 536 800 ut
576 777 647 813 per
688 777 759 801 nos
800 766 917 801 aucta
956 763 1092 813 potius
1133 776 1251 812 quam
1292 763 1505 799 imminuta

62 834 249 871 maiestas
280 846 415 870 earum
447 832 639 879 gentium,
686 833 790 869 inter
822 845 919 881 quas
957 845 1028 868 nos
1060 844 1143 868 esse
1174 831 1374 878 voluistis,
1420 829 1503 866 dici

61 915 153 939 vere
184 906 335 952 possetj,
367 900 472 937 illud
505 900 675 937 alterum
706 913 778 950 pro
803 914 864 937 me
888 899 1189 949 maioribusque
1214 899 1313 936 meis
1342 902 1502 936 conten·
1522 900 1546 937 5

63 970 156 1007 dere
188 969 326 1015 ausim,
357 967 550 1016 Quirites,
582 968 674 1014 nisi,
706 981 793 1017 quae
819 981 892 1017 pro
918 967 1107 1004 universa
1136 981 1178 1004 re
1205 967 1371 1017 publica
1396 966 1505 1013 fiant,

64 1050 110 1074 ea
141 1037 252 1086 plebi
284 1040 476 1085 tanquam
508 1035 629 1073 aliam
662 1035 857 1073 incolenti
889 1035 1028 1072 urbem
1061 1035 1228 1073 adversa
1260 1035 1349 1084 quis
1381 1038 1505 1084 putet,

64 1105 169 1142 nihil
212 1118 284 1142 nos
324 1117 452 1154 neque
493 1104 673 1154 privatos
704 1117 833 1154 neque
865 1104 907 1141 in
939 1104 1255 1152 magistratibus,
1297 1102 1404 1152 quod
1446 1103 1504 1139 in-

63 1173 313 1210 commodum
354 1171 464 1222 plebi
508 1176 621 1218 esset,
666 1173 838 1210 scientes
877 1172 1030 1218 fecisse,
1075 1186 1146 1209 nec
1187 1172 1315 1209 ullum
1355 1172 1505 1208 factum

63 1241 266 1278 dictumve
307 1245 486 1278 nostrum
528 1243 667 1278 contra
708 1240 928 1277 utilitatem
970 1243 1160 1287 vestram,
1207 1240 1282 1277 etsi
1324 1239 1505 1288 quaedam

41 1313 202 1348 ‚contra
231 1309 480 1346 voluntatem
521 1309 684 1356 fuerint,
729 1322 821 1346 vere
863 1308 1005 1345 referri
1046 1321 1171 1357 posse.
1232 1307 1301 1345 An
1339 1308 1424 1354 hoc,
1469 1307 1547 1345 sifi

63 1377 245 1416 Claudiae
276 1377 442 1414 familiae
473 1391 553 1414 non
585 1377 658 1414 sim
684 1390 754 1414 nec
781 1390 827 1413 ex
852 1376 1026 1426 patricio
1057 1376 1250 1424 sanguine
1283 1379 1404 1422 ortus,
1436 1375 1505 1413 sed

66 1459 168 1482 unus
186 1445 410 1492 Quiritium
428 1444 615 1494 quilibet,
647 1445 716 1494 qui
748 1445 865 1482 modo
897 1458 958 1481 me
984 1444 1139 1481 duobus
1165 1444 1351 1493 ingenuis
1376 1447 1505 1480 ortum

66 1518 105 1550 et
135 1513 271 1550 vivere
303 1513 345 1550 in
377 1512 509 1550 libera
540 1513 704 1551 civitate
737 1513 873 1559 sciam,
910 1512 1079 1549 reticere
1111 1513 1272 1562 possim,
1310 1512 1356 1549 L.
1388 1512 1503 1549 illum
1524 1515 1547 1549 7

67 1579 250 1618 Sextium
285 1586 323 1618 et
355 1580 396 1619 C.
428 1581 646 1627 Licinium,
685 1584 911 1630 perpetuos,
952 1581 987 1617 si
1020 1580 1083 1618 dis
1123 1581 1267 1630 placet,
1306 1580 1506 1626 tribunos,

64 1653 220 1686 tantum
253 1649 428 1686 licentiae
460 1663 601 1687 novem
633 1650 760 1695 annis,
793 1649 940 1698 quibus
971 1652 1152 1698 regnant,
1194 1649 1420 1698 sumpsisse,
1460 1652 1506 1685 ut

64 1717 179 1755 vobis
217 1722 364 1766 negent
403 1721 641 1767 potestatem
684 1717 855 1755 liberam
887 1716 1082 1766 suffragii,
1123 1730 1203 1754 non
1244 1717 1286 1754 in
1318 1716 1507 1763 comitiis,

64 1799 143 1823 non
175 1786 217 1823 in
250 1785 409 1835 legibus
427 1786 628 1833 iubendis,
659 1800 699 1823 se
723 1786 988 1835 permissuros
1006 1785 1118 1823 esse?
1167 1783 1277 1832 „Sub
1303 1785 1503 1823 condicio·
1521 1786 1548 1822 8

64 1858 137 1892 ne“
172 1854 307 1904 inquit
341 1868 438 1901 „nos
468 1854 660 1892 reficietis
685 1854 882 1891 decimum
909 1853 1132 1891 tribunos.“
1182 1854 1292 1901 Quid
1317 1858 1377 1891 est
1393 1853 1505 1891 aliud

66 1922 214 1960 dicere:
251 1923 395 1970 „Quod
412 1926 554 1973 petunt
571 1923 657 1970 alii,
681 1936 752 1960 nos
770 1922 869 1960 adeo
887 1922 1128 1969 fastidimus,
1160 1926 1204 1959 ut
1221 1922 1307 1958 sine
1324 1921 1504 1959 mercede

63 2003 206 2039 magna
236 2004 316 2028 11011
348 1990 658 2040 accipiamus.·‘?
717 1989 797 2028 Sed
830 2003 917 2040 quae
947 1991 1110 2027 tandem
1143 1990 1220 2027 ista
1251 2003 1400 2027 merces
1432 1993 1502 2036 est,
1521 1991 1544 2026 9

64 2072 142 2108 qua
171 2072 242 2097 vos
273 2073 427 2109 semper
457 2059 644 2096 tribunos
674 2058 808 2108 plebis
839 2058 1083 2096 habeamus?
1133 2057 1217 2104 „Ut
1247 2058 1501 2107 rogationes-⁴

65 2127 200 2176 inquit
233 2131 426 2175 „nostras,
458 2141 526 2164 seu
556 2127 719 2177 placent
742 2141 810 2164 seu
835 2126 1063 2176 displicent,
1095 2140 1163 2164 seu
1185 2127 1307 2163 utiles
1324 2140 1393 2163 seu
1416 2127 1503 2163 inu-

63 2195 157 2233 tiles
189 2199 291 2243 sunt,
330 2209 464 2233 omnes
497 2195 742 2232 coniunctim
775 2195 1022 2244 accipiatis.“
1087 2193 1262 2231 Obsecro
1294 2208 1375 2240 VOS,
1406 2194 1576 2232 Tar-10

66 2264 198 2312 quinii
239 2264 396 2301 tribuni
438 2263 582 2313 plebis,
622 2267 760 2313 putate
802 2277 862 2300 me
904 2276 951 2299 ex
994 2262 1126 2300 media
1164 2263 1350 2301 contione
1382 2275 1503 2299 unum

65 2331 191 2369 civem
223 2333 487 2369 succlamare:
523 2331 662 2379 „Bona
692 2331 812 2369 venia
841 2334 974 2369 vestra
1005 2331 1128 2368 liceat
1158 2345 1205 2368 ex
1238 2332 1300 2369 his
1331 2330 1503 2380 rogatio-

64 2398 184 2437 nibus
217 2400 360 2449 legere,
403 2413 502 2450 quas
543 2399 724 2437 salubres
762 2399 880 2438 nobis
920 2412 1124 2436 censemus
1155 2413 1250 2446 esse,
1290 2399 1502 2448 antiquare

65 2466 200 2504 κιΙίειεςκι
253 2469 394 2515 „Non-³
430 2468 565 2518 inquit
593 2468 774 2515 „licebit,
805 2471 849 2505 ut
874 2467 922 2504 de
946 2467 1082 2505 fenore
1099 2472 1218 2517 atque
1243 2467 1363 2516 agriS‚
1395 2466 1500 2516 quod
1523 2467 1571 2503 ll

67 2533 117 2571 ad
146 2548 215 2573 vos
246 2549 381 2574 omnes
412 2537 598 2586 pertinet,
640 2536 792 2583 iubeas,
834 2539 873 2574 et
910 2536 983 2574 hoc
1024 2536 1203 2586 portenti
1242 2549 1320 2573 non
1360 2535 1431 2572 fiat
1462 2535 1503 2571 in

66 2601 163 2639 urbe
192 2603 388 2651 Romana,
429 2604 487 2641 uti
520 2604 565 2641 L.
599 2603 782 2642 Sextium
815 2607 933 2654 atque
976 2604 1079 2641 hunc
1099 2603 1141 2641 C.
1173 2603 1379 2640 Licinium
1411 2615 1501 2640 con-
