1821 2928
403 184 480 220 156
826 192 912 217 115er
931 192 984 217 1x.
1023 190 1069 218 1Α.
1089 198 1114 216 c.
1133 199 1160 216 u.
1180 191 1251 221 424.)

280 309 325 344 12
345 307 503 344 fecerat.
584 306 727 354 Itaque
780 319 900 354 quum
947 318 1035 354 spes
1079 305 1189 342 nulla
1234 308 1354 351 esset,
1400 304 1551 342 diutius
1596 305 1774 342 obsessos

348 374 525 424 inopiam
565 374 733 419 laturos,
776 373 904 410 coacti
943 372 1158 418 Sanmites,
1196 373 1266 421 qui
1303 372 1354 409 ad
1393 371 1606 410 Luceriam
1647 375 1777 409 castra

347 443 566 488 habebant,
621 442 798 490 undique
849 440 1063 477 contractis
1117 440 1272 477 viribus
1316 441 1430 489 signa
1474 452 1562 477 cum
1606 438 1775 489 Papirio

346 510 536 547 conferre.

216 574 268 620 14
459 578 539 614 Per
571 577 611 613 id
641 580 810 625 tempus,
842 575 1074 625 parantibus
1105 576 1284 625 utrisque
1307 588 1347 612 se
1371 575 1420 612 ad
1443 574 1638 624 proelium,
1654 573 1778 622 legati

347 645 556 683 Ta1·ent{ni
590 643 872 690 interveniunt,
905 642 1184 680 denuntiantes
1216 642 1463 680 Samnitibus
1493 641 1777 690 Romanisque,

347 718 392 750 ut
423 713 572 750 bellum
603 712 852 749 omitterent:
885 724 956 760 per
986 714 1097 747 utros
1129 711 1310 757 stetisset,
1342 724 1419 760 quo
1450 709 1579 747 minus
1602 709 1778 746 diseede-

347 787 457 818 retur
503 781 552 817 ab
598 780 736 825 armis,
790 778 980 815 adversus
1019 792 1085 815 eos
1129 792 1169 816 se
1221 791 1293 827 pro
1338 777 1478 815 alteris
1521 780 1779 827 pugnaturos.

307 849 329 884 2
348 849 409 887 Ea
439 849 641 897 legatione
664 846 855 896 Papirius
886 847 1034 892 audita,
1064 846 1232 895 perinde
1263 858 1307 882 ac
1337 849 1466 882 motus
1492 845 1610 882 dictis
1645 857 1780 882 eorum

349 930 436 953 cum
482 916 635 963 collega
679 929 719 952 se
766 914 1146 951 communicaturum
1189 913 1417 962 respondit;
1471 912 1679 961 accitoque
1724 925 1780 958 eo,

349 998 469 1033 quum
499 988 656 1033 tempus
688 996 801 1020 omne
832 982 871 1018 in
903 985 1098 1031 apparatu
1128 994 1270 1030 pugnae
1307 980 1623 1030 consumpsisset,
1659 979 1777 1016 collo-

311 1052 332 1087 3
351 1056 464 1090 cutus
497 1051 545 1088 de
575 1064 618 1088 re
649 1051 757 1088 baud
789 1050 921 1096 dubia,
953 1049 1109 1097 signum
1134 1062 1278 1098 pugnae
1301 1048 1519 1098 proposuit.
1550 1047 1781 1096 Agentibus

351 1119 489 1156 divina
519 1119 781 1167 humanaque,
813 1130 900 1167 quae
931 1117 1113 1162 assolent,
1145 1129 1265 1165 quum
1297 1117 1380 1154 acie
1415 1115 1683 1154 dimicandum
1710 1119 1780 1161 est,

351 1187 578 1224 consulibus
610 1186 820 1223 Tarentini
852 1184 975 1233 legati
1000 1197 1217 1231 occursare,
1238 1197 1470 1234 responsum
1494 1187 1782 1233 exspectantes;

311 1255 335 1290 4
353 1256 499 1305 quibus
530 1254 723 1303 Papirius
750 1255 820 1292 ait:
857 1252 1082 1301 „Auspicia
1104 1251 1275 1289 secunda
1299 1266 1392 1298 esse,
1415 1251 1637 1298 Tarentini,
1654 1251 1782 1300 pulla-

350 1323 436 1360 rius
467 1323 641 1368 nuntiat;
672 1323 831 1359 litatum
861 1325 1054 1371 praeterea
1085 1324 1144 1356 est
1174 1319 1349 1368 egregie3
1380 1319 1610 1356 auctoribus
1642 1318 1715 1365 dis,
1739 1322 1785 1355 ut

312 1390 512 1436 5videtis,
555 1390 605 1427 ad
642 1403 724 1426 rom
765 1389 979 1438 gerendam
1018 1387 1343 1438 p1·oficiscimur.“
1406 1386 1533 1436 Signa
1563 1386 1657 1424 inde
1687 1386 1783 1423 ferri

352 1458 469 1496 iussit
499 1462 539 1495 et
568 1458 705 1506 copias
737 1457 887 1503 eduxit,
920 1456 1174 1494 vanissimam
1213 1455 1423 1504 increpans
1468 1458 1637 1503 gentem,
1678 1467 1779 1504 quae,

352 1540 511 1563 suarum
549 1526 746 1574 impotens
783 1539 915 1562 rerum
957 1538 1038 1573 prae
1077 1523 1306 1561 domesticis
1337 1522 1602 1560 seditionibus
1633 1521 1782 1558 discor-

353 1594 521 1642 diisque,
562 1593 654 1630 aliis
691 1592 851 1629 modum
889 1592 1000 1640 pacis
1038 1605 1083 1629 ac
1121 1591 1220 1628 belli
1250 1591 1378 1628 facere
1409 1603 1566 1644 aequurn
1596 1593 1783 1626 censeret.

312 1662 333 1695 ὅ
353 1660 552 1698 Sanmites
582 1674 629 1696 ex
660 1664 773 1709 parte
805 1660 941 1705 altera,
981 1672 1101 1707 quum
1133 1671 1286 1695 omnem
1318 1671 1452 1695 curam
1481 1657 1579 1694 belli
1611 1657 1783 1694 remisis-

352 1733 449 1775 sent,
480 1728 574 1777 quia
605 1732 675 1764 aut
705 1740 840 1777 pacem
871 1740 962 1763 vere
987 1725 1213 1775 cupiebant,
1239 1730 1308 1762 aut
1331 1724 1571 1774 expediebat
1586 1724 1782 1771 simulare,

351 1801 396 1833 ut
433 1795 672 1833 Tarentinos
709 1795 789 1832 sibi
829 1794 1101 1840 conciliarent,
1140 1807 1260 1842 quum
1292 1793 1508 1829 instructos
1537 1795 1701 1841 repente
1732 1792 1783 1829 ad

314 1864 333 1898 7
352 1877 526 1914 pugnam
556 1863 758 1900 Romanos
789 1861 1094 1910 conspexissent,
1134 1860 1358 1907 vociferari,
1399 1873 1439 1896 se
1470 1859 1512 1896 in
1543 1860 1783 1897 auctoritate

352 1932 659 1970 Tarentinorum
705 1943 863 1967 manere
904 1943 974 1966 nec
1022 1929 1259 1966 descendere
1306 1928 1347 1965 in
1391 1927 1516 1964 aciem
1560 1941 1632 1965 nec
1672 1930 1784 1965 extra

350 2000 499 2037 vallum
532 2013 640 2037 arma
669 1998 789 2043 ferre,
821 1997 1008 2046 deceptos
1049 1997 1193 2046 potius,
1232 1995 1496 2045 quodcunque
1527 2007 1639 2032 casus
1669 1995 1782 2041 ferat,

352 2080 550 2117 passuros,
583 2080 701 2116 quam
732 2069 776 2102 ut
806 2065 999 2114 sprevisse
1030 2065 1141 2114 pacis
1166 2068 1348 2102 auctores
1365 2062 1603 2099 Tarentinos
1618 2062 1782 2099 videan-

311 2136 431 2172 b'tur.
498 2134 697 2183 Accipere
738 2147 777 2170 se
809 2146 922 2170 omen
953 2133 1133 2169 consules
1164 2132 1279 2170 aiunt
1309 2135 1348 2168 et
1378 2143 1463 2167 eam
1493 2129 1648 2179 precari
1678 2142 1782 2166 men-

313 2201 335 2236 9
353 2207 432 2240 tem
464 2201 656 2247 hostibus,
688 2205 732 2238 ut
763 2214 810 2238 ne
841 2201 989 2237 vallum
1021 2199 1182 2249 quidem
1213 2199 1439 2236 defendant.
1498 2197 1584 2247 Ipsi
1614 2197 1718 2234 inter
1743 2210 1783 2234 se

351 2270 528 2320 partitis·
543 2269 668 2318 copiis
684 2268 902 2305 succedunt
924 2268 1101 2305 hostium
1126 2266 1393 2312 munimentis,
1417 2269 1457 2302 et
1472 2265 1590 2302 simul
1606 2263 1783 2313 undique

351 2337 496 2383 adorti,
529 2350 651 2386 quum
682 2349 775 2385 pars
806 2336 929 2372 fossas
961 2335 1180 2384 explerent,
1212 2349 1304 2384 pars
1334 2334 1528 2371 vellerent
1550 2332 1701 2370 vallum
1725 2335 1781 2369 at-

351 2419 427 2455 que
468 2405 509 2441 in
554 2405 678 2442 fossas
716 2406 964 2452 proruerent,
1007 2416 1079 2439 nec
1116 2402 1245 2439 virt-us
1282 2402 1398 2439 modo
1440 2400 1571 2447 insita,
1612 2399 1680 2437 sed
1722 2399 1782 2436 ira

351 2473 470 2510 etiam
502 2472 748 2509 exulceratos
773 2470 995 2518 ignominia
1019 2470 1244 2506 stimularet
1260 2469 1424 2514 animos,
1441 2470 1570 2505 castra
1586 2467 1782 2513 invasere3

287 2540 337 2576 10
355 2545 394 2576 et
424 2553 496 2588 pro
529 2553 569 2576 se
600 2539 778 2588 quisque,
810 2551 890 2574 non
921 2537 1002 2573 haec
1035 2537 1210 2574 furculas
1240 2550 1312 2574 nec
1329 2535 1526 2574 Caudium
1555 2547 1627 2571 nec
1658 2535 1782 2572 saltus

352 2606 480 2644 invios
512 2619 606 2653 esse,
639 2606 710 2642 ubi
741 2618 912 2642 errorem
944 2606 1052 2641 fraus
1083 2605 1250 2654 superbe
1279 2603 1451 2648 vicisset,
1475 2601 1543 2639 sed
1560 2602 1781 2640 Romanam
