1821 2928
468 94 582 129 Liber
608 94 676 129 IV.
727 95 788 139 (A.
815 95 879 130 Ch.
905 96 1114 138 414—412.)
1429 99 1508 136 245

183 222 262 260 His
294 221 525 260 consulibus
555 221 755 272 principio
788 223 882 260 anni
913 227 1073 261 senatus
1106 224 1329 262 consultum
1360 224 1508 262 factum
1527 225 1551 261 2

66 297 139 341 est,
169 297 214 332 ut
245 293 294 332 de
325 294 545 344 quaestione
563 293 833 332 Postumianae
866 295 986 333 caedis
1017 296 1173 333 tribuni
1197 296 1325 346 primo
1351 308 1510 346 quoque

67 370 247 416 tempore
288 366 339 404 ad
376 365 535 416 plebem
577 366 737 412 ferrent,
783 367 1000 416 plebesque
1032 368 1255 418 praeficeret
1285 368 1510 417 quaestioni.

67 450 185 488 quem
217 438 348 476 vellet.
409 438 449 476 A
481 438 597 488 plebe
628 451 820 476 consensu
852 438 1020 489 [populi]
1047 440 1277 478 consulibus
1303 440 1507 489 negotium
1527 441 1550 478 3

67 510 296 556 mandatum
331 510 412 561 qui,
444 524 596 548 summa
628 510 899 549 moderatione
931 524 976 549 ac
1008 512 1176 549 lenitate
1204 525 1275 561 per
1290 525 1507 562 paucorum

69 582 323 633 supplicium,
348 596 446 633 quos
471 583 632 620 sibimet
655 583 761 632 ipsos
787 583 982 621 conscisse
1006 586 1172 621 mortem
1197 584 1294 621 satis
1313 584 1507 622 creditum

67 657 138 700 est,
168 657 373 693 transacta
403 668 457 701 re,
490 655 707 704 nequivere
738 659 869 693 tamen
898 655 1098 704 consequi,
1128 659 1173 692 ut
1199 669 1277 693 non
1303 657 1509 705 aegerrime

67 726 109 763 id
140 726 253 776 plebs
283 727 426 764 ferret:
459 727 590 764 iacere
621 731 701 765 tam
734 727 804 764 diu
835 727 972 765 irritas
1004 728 1193 774 actioneS,
1226 741 1314 777 quae
1347 728 1395 765 de
1426 728 1549 766 suis4

65 798 283 836 commodis
314 799 527 845 ferrentur,
570 812 690 849 quum
733 799 892 837 interim
927 799 974 836 de
1005 800 1201 847 sanguine
1233 813 1278 837 ac
1309 800 1508 850 supplicio

65 882 136 908 suo
182 870 305 908 latam
352 871 481 921 legem
528 871 735 909 confestim
776 872 954 909 exerceri
987 875 1026 908 et
1055 875 1207 909 tantam
1239 872 1320 909 vim
1352 873 1509 910 habere.

64 941 334 992 Aptissimum
365 944 420 981 ad
442 946 601 993 tempus
632 944 774 990 fuerat,
805 943 1019 981 vindicatis
1043 943 1322 991 seditionibus,
1355 944 1505 982 deleni-
1524 945 1547 982 5

64 1018 241 1052 mentum
265 1015 406 1052 animis
423 1014 571 1053 Bolani
597 1016 685 1065 agri
712 1015 946 1053 divisionem
972 1015 1104 1062 obiici,
1129 1029 1207 1065 quo
1223 1017 1328 1054 facto
1345 1017 1507 1054 minuis-

63 1090 155 1124 sent
185 1086 428 1125 desiderium
460 1088 631 1137 agrariae
657 1088 769 1136 legis,
801 1101 890 1137 quae
915 1100 1098 1138 possesso
1118 1101 1188 1138 per
1204 1088 1392 1126 iniuriam
1410 1102 1507 1138 agro

63 1158 228 1208 publico
273 1162 408 1209 patres
454 1160 647 1210 pellebat;
691 1164 788 1197 tunc
834 1160 917 1197 haec
962 1161 1051 1210 ipsa
1080 1160 1302 1209 indignitas
1333 1161 1546 1210 angebatss

64 1231 239 1269 animos:
272 1244 352 1269 non
377 1232 418 1269 in
442 1232 663 1270 retinendis
687 1231 805 1269 modo
822 1231 1000 1281 publicis
1018 1233 1138 1281 agris,
1171 1245 1270 1282 quos
1288 1233 1327 1270 vi
1343 1235 1508 1279 teneret,

62 1303 307 1353 pertinacem
349 1304 599 1341 nobilitatem
639 1317 735 1350 esse,
781 1303 849 1341 sed
880 1317 928 1341 ne
959 1317 1127 1341 vacuum
1160 1304 1321 1353 quidem
1354 1317 1507 1353 agrum,

62 1389 191 1426 nuper
237 1389 283 1413 ex
321 1375 505 1414 hostibus
547 1379 718 1425 captum,
766 1375 876 1426 plebi
909 1375 1104 1421 dividere,
1149 1389 1239 1413 mox
1269 1377 1418 1425 paucis,
1463 1379 1506 1414 ut

63 1451 208 1494 cetera,
241 1448 418 1485 futurum
449 1448 609 1497 praedae.

176 1518 329 1557 Eodem
375 1533 477 1557 anno
523 1519 713 1557 adversus
745 1518 914 1558 Volscos
952 1520 1192 1569 populantes
1234 1519 1544 1557 Hernicorum7

61 1590 161 1629 fines
192 1591 369 1640 legiones
401 1592 531 1629 ductae
563 1606 586 1629 a
618 1591 743 1629 Furio
775 1592 951 1637 consule,
997 1605 1119 1641 quum
1152 1592 1304 1629 hostem
1338 1592 1396 1629 ibi
1427 1606 1505 1630 non

61 1664 318 1705 invenissent.
351 1663 624 1710 Ferentinum,
655 1677 734 1714 quo
766 1677 911 1713 magna
942 1663 1162 1701 multitudo
1191 1663 1432 1703 Volscorum
1465 1677 1505 1702 se

60 1736 296 1782 contulerat,
321 1749 474 1786 cepere.
521 1735 656 1773 Minus
673 1736 830 1786 praedae,
859 1749 977 1786 quam
995 1739 1265 1786 speraverant,
1290 1736 1378 1783 fuit,
1395 1735 1501 1786 quod
1520 1736 1545 1773 8

63 1807 213 1855 Volsci,
243 1811 454 1858 postquam
486 1821 574 1858 spes
598 1809 742 1846 tuendi
767 1809 913 1858 exigua
937 1811 1034 1854 erat,
1066 1808 1236 1846 sublatis
1252 1808 1372 1845 rebus
1391 1810 1506 1846 nocte

59 1880 252 1931 oppidum
297 1880 563 1930 reliquerant3
611 1884 772 1930 postero
821 1880 886 1918 die
932 1893 1058 1930 prope
1104 1879 1302 1917 desertum
1334 1880 1505 1930 capitur.

60 1952 249 1991 Hernicis
279 1953 410 2003 ipsum
441 1965 617 2002 agerque
649 1952 754 1990 dono
787 1952 915 1990 datus.

174 2024 339 2063 Annum
386 2024 582 2062 modestia
625 2024 880 2062 tribunorum
920 2024 1097 2074 quietum
1131 2023 1288 2073 excepit
1317 2023 1504 2061 tribunus
1576 2021 1632 2069 52

60 2096 190 2146 plebis
220 2097 268 2135 L.
300 2096 455 2143 Icilius,
501 2095 550 2143 Q.
584 2096 712 2134 Fabio
744 2096 957 2142 Ambusto,
999 2094 1042 2134 C.
1076 2095 1200 2133 Furio
1231 2095 1373 2134 Pacilo
1412 2109 1504 2133 con·
1523 2083 1710 2151 ἓζιζζζίῗξ

60 2168 228 2207 sulibus.
274 2168 317 2206 Is
348 2181 470 2218 quum
501 2168 702 2218 principio
734 2168 870 2206 statim
903 2168 1010 2215 anni,
1044 2167 1156 2206 velut
1186 2180 1351 2218 pensum
1378 2168 1502 2205 nomi·
1523 2167 1545 2202 2

61 2239 122 2277 nis
152 2240 408 2290 familiaeque.
442 2240 660 2279 seditiones
687 2240 857 2290 agrariis
874 2240 1031 2289 legibus
1047 2238 1354 2290 promulgandis
1371 2238 1504 2285 cieret,

59 2312 290 2361 pestilentia
321 2315 470 2359 coorta,
500 2312 694 2350 minacior
723 2315 860 2350 tamen
891 2325 1010 2362 quam
1042 2311 1320 2363 perniciosior,
1351 2310 1501 2359 cogita·
1520 2308 1544 2345 3

59 2383 189 2422 tiones
228 2385 434 2422 hominum
474 2398 497 2422 a
533 2384 621 2422 foro
661 2383 1026 2434 certaminibusque
1056 2384 1232 2434 publicis
1264 2383 1314 2421 ad
1345 2383 1504 2420 domum

60 2467 278 2507 curamque
302 2469 515 2506 corporum
542 2456 850 2494 nutriendorum
867 2456 1031 2503 avertit;
1063 2457 1274 2506 minusque
1292 2468 1376 2492 eam
1396 2454 1503 2490 dam-

59 2539 197 2566 nosam
226 2529 361 2575 fuisse,
392 2541 512 2579 quam
544 2528 690 2566 seditio
721 2529 859 2566 futura
887 2529 1023 2575 fuerit,
1053 2527 1235 2566 credunt.
1297 2523 1544 2564 Defuncta4

60 2598 224 2637 civitate
254 2601 518 2657 plurimorum
550 2600 712 2647 morbis,
749 2601 960 2650 perpaucis
990 2600 1210 2646 funeribus,
1248 2597 1503 2648 pestilentem

61 2682 207 2709 annum
239 2672 380 2723 inopia
409 2673 581 2723 frugum,
611 2672 796 2722 neglecto
828 2673 940 2710 cultu
965 2684 1166 2722 agrorum,
1197 2673 1242 2708 ut
1268 2669 1505 2720 plerumque
1523 2650 1632 2715 2¹33]
1651 2651 1711 2715 {³⁴}
