1821 2928
576 105 689 139 Liber
715 105 744 141 1.
794 106 850 147 (A.
878 104 962 140 chr.
990 106 1083 147 509.)
1494 108 1542 144 61

106 233 222 272 domo
238 233 431 284 profugit,
465 233 774 279 exsecrantibus,
806 245 1041 282 quacunque
1067 231 1290 278 incedebat,
1331 232 1549 269 invocanti-

106 305 259 355 busque
292 308 502 355 parentum
534 304 659 341 furias
691 304 789 341 viris
820 303 1149 353 mulieribusque.

219 376 375 415 Harum
399 389 532 414 rerum
561 375 713 413 nuntiis
732 375 772 412 in
791 377 921 413 eastra
937 375 1116 424 perlatis,
1151 387 1272 424 quum
1290 387 1332 412 re
1350 387 1453 412 nova
1469 378 1548 411 tre·
1629 370 1686 418 60

106 447 223 498 pidus
263 461 332 486 rex
374 450 560 498 pergeret
600 447 768 485 Romam
812 446 861 484 ad
900 446 1220 496 comprimendos
1254 450 1393 493 motus,
1439 445 1551 483 flexit

103 520 206 558 viam
226 519 376 557 Brutus
392 517 587 571 (senserat
612 518 716 556 enim
747 516 986 568 adventum),
1011 530 1060 555 ne
1079 518 1220 556 obvius
1238 517 1366 563 fieret,
1393 516 1547 555 eodem-

103 604 179 641 que
208 592 290 629 fere
314 595 505 641 tempore,
532 589 702 628 diversis
728 589 954 637 itineribus,
980 589 1131 628 Brutus
1158 589 1349 638 Ardeam,
1375 589 1547 638 Tarqui·

104 663 194 701 nius
224 662 393 701 Romam
425 664 632 701 venerunt.
694 661 916 711 Tarquinio
949 661 1092 700 elausae
1124 666 1250 712 portae
1283 661 1588 710 exsiliumque2

103 735 318 781 indictum3
365 734 622 772 liberatorem
664 733 776 771 urbis
807 733 900 771 laeta
931 736 1060 772 castra
1091 746 1289 784 accepere,
1335 732 1546 781 exactique

103 807 194 845 inde
225 806 344 844 liberi
375 806 492 855 regis.
554 805 648 844 Duo
694 809 849 856 patrem
887 806 1015 844 secuti
1060 809 1162 852 sunt,
1209 805 1279 855 qui
1321 804 1545 842 exsulatum

102 879 214 917 Caere
254 879 294 915 in
325 877 517 916 Etruscos
557 877 704 916 ierunt.
767 876 855 915 Sex.
886 878 1134 927 Tarquinius
1168 875 1321 916 Gabios
1352 880 1543 925 tanquam

102 951 144 989 in
176 963 290 988 suum
321 962 489 999 regnum
521 950 724 999 profectus
757 949 807 987 ab
832 950 1031 988 ultoribus
1058 953 1239 988 veterum
1265 947 1543 993 simultatium,

102 1034 200 1072 quas
240 1021 318 1059 sibi
360 1021 445 1072 ipse
477 1020 653 1059 caedibus
683 1022 919 1072 rapinisque
952 1023 1164 1071 coneierat,
1206 1024 1265 1059 est
1298 1020 1545 1058 interfectus.

214 1093 260 1130 L.
278 1092 523 1143 Tarquinius
541 1090 746 1142 Superbus
771 1094 958 1143 regnavit
982 1107 1106 1132 annos
1131 1094 1308 1144 quinque
1326 1096 1366 1130 et
1380 1091 1537 1141 viginti.
1556 1090 1579 1127 3

102 1165 331 1215 Regnatum
348 1164 486 1203 Romae
518 1164 567 1202 ab
599 1165 760 1203 condita
791 1166 890 1204 urbe
923 1166 973 1204 ad
1004 1166 1216 1205 liberatam
1248 1177 1372 1203 annos
1397 1163 1543 1201 ducen-

100 1240 162 1275 tos
186 1236 454 1287 quadraginta
478 1240 680 1287 quattuor.
727 1237 822 1276 Duo
847 1239 1028 1277 consules
1055 1238 1146 1276 inde
1172 1237 1346 1275 comitiis
1363 1234 1537 1274 centuri·
1557 1245 1670 1271 A.u.0.
1687 1247 1753 1272 245.

101 1309 176 1346 atis
208 1323 231 1347 a
261 1309 451 1359 praefecto
482 1308 596 1347 urbis
628 1322 674 1347 ex
708 1310 1002 1347 commentariis
1029 1309 1113 1348 Ser.
1130 1309 1255 1347 Tullii
1283 1308 1409 1347 creati
1435 1310 1539 1357 sunt,
1560 1316 1594 1342 Α.
1615 1317 1668 1343 ch.
1687 1319 1752 1344 509..

99 1380 145 1418 L.
178 1381 321 1419 Iunius
352 1381 504 1420 Brutus
536 1385 574 1419 et
605 1381 650 1420 L.
683 1381 929 1431 Tarquinius
961 1382 1199 1422 Collatinus.
