1821 2928
371 225 450 261 164
774 233 864 258 Liber
882 233 934 258 lx.
973 233 1022 261 (Α.
1042 240 1070 258 u.
1092 239 1117 257 c.
1137 234 1293 259 4525—430.)

248 351 290 386 11
314 349 461 385 bollum
486 348 607 384 fuisse
633 347 811 385 dixisset.
829 347 934 396 quod
951 346 1067 396 Epiri
1083 360 1213 395 regem
1232 345 1519 393 Alexandrum,
1536 345 1739 383 mortifero

311 418 474 453 vnlnere
506 416 637 461 ictum,
668 415 813 453 dixisse
843 416 988 452 ferunt.
1020 418 1163 451 sortem
1194 415 1391 451 bellorum
1422 414 1463 450 in
1488 413 1590 451 Asia
1615 416 1740 462 gesto-

246 486 293 522 12
312 499 397 523 rum
429 486 479 522 ab
509 485 583 521 hoc
616 484 701 533 ipso
734 484 874 520 iuvene
891 496 979 520 cum
996 496 1065 519 sua
1088 483 1365 520 conferentem.
1402 481 1602 531 Equidem
1619 495 1739 531 quum

312 567 382 604 per
420 566 544 591 annos
583 555 773 601 quattuor
814 555 853 587 et
882 550 1031 599 viginti
1062 551 1190 599 primo
1223 551 1378 588 Punico
1411 551 1517 588 bello
1549 549 1741 587 elassibus

315 625 504 659 certatum
539 633 625 657 cum
658 619 794 656 Poenis
826 618 1024 664 recordor,
1064 619 1130 655 vix
1163 622 1318 656 aetatem
1350 617 1576 656 Alexandri
1606 617 1741 656 suffec-

250 690 444 727 lssturam
485 689 607 725 fuisse,
644 701 734 724 reor
772 687 822 724 ad
860 700 980 723 unum
1018 686 1178 724 bellum.
1252 687 1305 723 Et
1335 686 1512 733 forsitan,
1552 700 1673 735 quum
1705 689 1743 723 et

314 757 531 795 ssede—ribus
561 755 730 792 vetustis
764 755 897 792 iuncta
928 768 990 792 res
1020 754 1176 791 Punica
1191 754 1381 791 Romanae
1413 757 1524 801 essot,
1555 758 1593 791 et
1622 754 1743 791 timor

315 840 387 876 par
433 825 621 862 adversus
668 836 910 868 communem
956 823 1109 860 hostem
1150 822 1248 860 duas
1288 822 1582 871 potentissimas
1623 821 1743 860 armis

313 894 490 943 virisque
513 892 631 928 urbes
654 894 838 936 armaret,
862 891 977 927 simul
994 891 1150 928 Punico
1167 890 1428 939 Romanoque
1451 890 1616 928 obrutus
1638 890 1744 928 bello

251 960 300 997 14
318 965 429 999 esset.
488 960 578 997 Non
609 959 772 1008 quidem
797 958 1032 996 Alexandro
1065 959 1164 996 duce
1193 971 1266 996 nec
1297 959 1465 1007 integris
1480 957 1744 995 Macedonum

315 1029 444 1075 rebus,
484 1028 551 1065 sed
592 1027 744 1076 experti
782 1030 915 1063 tamen
952 1031 1043 1064 sunt
1081 1027 1259 1065 Romani
1294 1026 1555 1064 Macedonem
1593 1026 1746 1063 hostem

317 1098 505 1134 adversus
529 1095 786 1141 Antiochum,
803 1094 1049 1144 Philippum,
1066 1094 1227 1141 Persen,
1258 1108 1337 1132 non
1367 1094 1484 1132 modo
1515 1107 1603 1131 cum
1635 1093 1746 1131 clade

252 1163 300 1200 15
318 1165 410 1210 ulla,
441 1164 510 1201 sed
541 1177 589 1200 ne
621 1177 707 1200 cum
739 1163 918 1212 periculo
951 1163 1110 1212 quidem
1142 1176 1224 1200 suo.
1290 1162 1414 1200 Absit
1445 1162 1597 1200 invidia
1625 1162 1746 1200 verbo

319 1237 355 1270 et
389 1232 527 1269 civilia
557 1232 664 1268 bella
695 1231 855 1277 sileant,
887 1230 1105 1280 [nunquam
1137 1231 1186 1268 ab
1219 1230 1352 1279 equite
1382 1229 1521 1280 hoste,]
1545 1243 1747 1280 nunquam

319 1316 340 1339 a
372 1301 520 1350 pedite,
552 1313 754 1349 nunquam
786 1303 925 1348 aperta
956 1299 1052 1346 acie,
1081 1312 1284 1348 nunquam
1315 1298 1450 1347 aequiS,
1479 1298 1621 1348 utique
1649 1311 1747 1335 nun-

251 1368 300 1404 16
320 1383 436 1419 quam
466 1368 614 1405 nostris
645 1367 743 1404 locis
774 1367 1058 1413 laboravimus3
1091 1367 1275 1417 equitem,
1312 1367 1487 1415 sagittas,
1524 1366 1648 1404 saltus
1678 1365 1747 1402 im-

317 1437 495 1487 peditos,
543 1436 631 1472 avia
673 1435 956 1473 commeatibus
996 1435 1083 1473 loca
1123 1435 1257 1483 gravis
1297 1434 1418 1471 armis
1458 1434 1572 1471 miles
1609 1433 1749 1470 timere

254 1505 302 1540 17
321 1509 462 1555 potest.
521 1504 636 1541 Mille
667 1504 772 1540 acies
803 1504 1008 1552 graviores
1040 1517 1156 1553 quam
1187 1503 1451 1540 Macedonum
1483 1505 1603 1551 atque
1625 1500 1748 1538 Alex-

319 1573 434 1610 andri
467 1572 614 1609 avertit
645 1575 886 1619 avertetque,
911 1571 1027 1609 modo
1051 1572 1103 1608 sit
1133 1574 1349 1621 perpetuus
1380 1570 1509 1616 huius,
1542 1582 1620 1619 qua
1647 1567 1747 1606 vivi-

322 1654 420 1686 mus,
451 1641 561 1689 pacis
593 1653 702 1676 amor
734 1643 771 1675 et
804 1638 937 1675 civilis
970 1652 1063 1676 cura
1094 1639 1326 1676 concordiae.

187 1703 244 1748 20
437 1707 492 1744 M.
523 1707 661 1744 Folius
693 1707 884 1744 Flaccina
917 1706 1008 1742 inde
1040 1710 1079 1743 et
1109 1706 1154 1743 L.
1178 1706 1363 1744 Plautius
1398 1705 1538 1742 Venox
1571 1703 1750 1741 consules

118 1774 235 1832 12:¹¹5,ss-
246 1774 303 1831 Ὗ]
322 1776 428 1813 facti.
488 1775 547 1812 Eo
579 1789 679 1812 anno
712 1776 761 1813 ab
793 1773 1069 1824 frequentibus
1087 1773 1323 1811 Samnitium
1347 1773 1509 1822 populis
1534 1772 1582 1808 de
1604 1771 1751 1809 foedere

282 1844 303 1878 2
323 1843 550 1881 renovando
582 1844 705 1892 legati
737 1856 857 1892 quum
889 1845 1068 1879 senatum
1097 1841 1207 1878 humi
1231 1842 1345 1878 strati
1368 1841 1592 1886 movissent,
1617 1839 1751 1877 reiecti

321 1912 370 1949 ad
416 1911 607 1961 populum
652 1910 961 1960 haudquaquam
1007 1912 1088 1945 tam
1134 1909 1311 1945 efficaces
1356 1907 1562 1945 habebant
1604 1919 1752 1957 preces.

284 1980 306 2014 3
324 1980 467 2028 ltaque
499 1980 547 2016 de
579 1978 723 2015 foedere
753 1982 958 2026 negatum;
991 1976 1158 2014 indutiae
1184 1976 1351 2024 biennii,
1376 1989 1496 2025 quum
1512 1988 1583 2025 per
1599 1975 1753 2023 aliquot

284 2046 308 2081 4
326 2047 410 2084 dios
440 2047 678 2095 fatigassent
709 2046 888 2095 singulos
919 2045 1117 2094 precibus,
1149 2044 1381 2094 impetratae.
1439 2043 1493 2080 Et
1523 2056 1569 2080 ex
1599 2041 1754 2091 Apulia

325 2114 545 2151 Teanenses
558 2114 828 2163 Canusinique
845 2112 1174 2162 populationibus
1192 2112 1298 2158 fessi,
1315 2111 1525 2149 obsidibus
1534 2110 1579 2148 L.
1591 2109 1753 2147 Plautio

286 2181 308 2216 5
327 2182 480 2219 consuli
513 2181 627 2227 datis,
661 2182 700 2219 in
734 2182 976 2219 deditionem
1005 2183 1210 2217 venerunt.
1269 2180 1422 2217 Eodem
1453 2192 1555 2216 anno
1583 2178 1753 2228 primum

322 2250 501 2300 praefecti
533 2250 710 2298 Capuam
751 2249 879 2286 creari
918 2249 1048 2297 empti,
1086 2247 1242 2297 legibus
1273 2248 1322 2285 ab
1354 2247 1399 2284 L.
1429 2246 1554 2284 Furio
1585 2248 1755 2295 praetore

328 2319 442 2363 datis,
474 2330 593 2366 quum
624 2321 838 2366 utrumque
871 2316 949 2365 ipsi
981 2329 1053 2365 pro
1085 2315 1258 2353 remedio
1284 2315 1399 2363 aegris
1421 2315 1539 2352 rebus
1557 2312 1755 2350 discordia

288 2387 310 2420 (5
330 2385 518 2422 intestina
548 2385 761 2434 petissent:
794 2388 831 2420 et
863 2384 950 2420 duze
981 2383 1118 2420 Romae
1150 2383 1299 2420 additae
1329 2382 1471 2428 tribus,
1495 2380 1688 2418 Ufentina
1711 2393 1754 2418 ac

327 2453 511 2490 Falerna.

291 2521 311 2555 7
444 2519 657 2557 lnclinatis
688 2519 807 2556 semel
840 2519 879 2555 in
911 2519 1067 2568 Apulia
1097 2519 1225 2564 rebus,
1266 2516 1407 2554 Teates
1438 2529 1596 2566 quoque
1625 2514 1756 2565 Apuli

125 2586 161 2644 ᾗ
173 2593 236 2646 ¹315·-
253 2587 311 2644 Ξξζ
331 2588 381 2624 ad
413 2601 534 2625 novos
564 2587 753 2633 consules,
814 2585 854 2623 C.
887 2586 1047 2623 lunium
1078 2586 1315 2631 Bubulcum,
1346 2585 1394 2632 Q.
1424 2583 1635 2621 AEmilium
1658 2582 1756 2621 Bar-

328 2655 475 2700 bulam,
515 2655 643 2692 foedus
665 2654 852 2703 'petitum
883 2657 1087 2699 venerunt,
1117 2653 1228 2702 pacis
1266 2665 1337 2701 per
1375 2665 1525 2689 omnem
1564 2650 1757 2701 Apuliam

290 2724 314 2760 8
332 2722 564 2772 pvmtanclae
594 2722 741 2771 populo
772 2721 952 2758 Romano
984 2725 1175 2758 auctores.
1235 2720 1283 2756 Id
1314 2719 1500 2756 audacter
1530 2717 1759 2768 spondendo
