1821 2928
598 185 687 211 Liber
706 185 791 210 vin.
829 186 876 212 (A.
896 186 948 211 ch.
968 186 1039 215 840.)
1410 177 1488 213 105

104 300 184 337 sibi
217 313 300 338 esse
322 300 486 338 sciebat.
546 300 640 338 Duo
664 300 786 350 primi
815 300 889 350 pili
908 314 955 337 ex
971 304 1140 350 utraque
1157 300 1241 338 acie
1260 301 1364 338 inter
1380 301 1544 339 triarios
1567 303 1613 338 lb*

105 372 229 415 erant,
260 368 466 406 Romanus
497 382 663 418 corpore
695 368 1004 418 haudquaquam
1036 369 1134 406 satis
1164 369 1342 416 validus,
1375 373 1546 407 ceterum

104 441 286 474 strenuus
317 436 379 473 vir
410 436 642 485 peritusque
675 437 845 484 militiae,
875 437 1049 475 Latinus
1075 437 1230 474 viribus
1254 437 1396 486 ingens
1421 437 1544 474 bella·
1568 439 1616 475 17

102 509 245 554 torque
276 505 440 554 primus,
469 504 668 542 notissimi
702 505 805 543 inter
837 520 894 553 se,
927 506 1022 556 quia
1053 519 1169 556 pares
1200 519 1354 555 semper
1385 506 1546 543 ordines

106 572 313 610 duxerant.
393 572 575 609 Romano
622 572 730 609 haud
770 574 868 612 satis
908 574 1049 611 fidenti
1090 573 1248 611 viribus
1286 573 1367 610 iam
1405 573 1544 610 Romae
1566 575 1616 611 18

104 641 340 691 permissum
373 644 457 678 erat
488 641 537 678 ab
570 641 813 688 consulibus,
844 645 888 679 ut
919 642 1262 680 succenturionem
1294 642 1383 687 sibi,
1430 655 1545 691 quem

104 710 238 755 vellet,
270 709 440 758 legeret,
485 709 553 757 qui
598 712 800 747 tutaretur
846 724 932 748 eum
980 710 1030 747 ab
1072 724 1151 747 uno
1185 709 1385 747 destinato
1419 710 1547 755 hoste,

105 779 216 828 isque
248 778 402 815 iuvenis
435 778 477 814 in
509 777 594 814 acie
625 777 782 815 oblatus
815 792 861 815 ex
893 779 1125 816 centurione
1156 778 1304 815 Latino
1336 778 1546 815 victoriam

103 846 210 883 tulit.

218 914 449 963 Pugnatum
481 918 540 951 est
570 913 677 951 haud
702 915 842 963 procul
864 914 1072 952 radicibus
1091 914 1260 951 Vesuvii
1278 915 1437 960 montis,
1469 927 1546 963 qua
1567 917 1616 951 19

103 984 170 1022 via
200 983 252 1020 ad
284 982 465 1020 Veserim
497 982 661 1020 ferebat.
721 982 896 1020 Romani
921 983 1114 1028 consules,
1146 982 1382 1032 priusquam
1407 982 1546 1019 educe·
1637 981 1661 1026 9

104 1056 193 1089 rent
223 1051 265 1088 iu
296 1051 431 1096 aciem,
463 1051 781 1089 immolaverunt.
850 1051 979 1089 Decio
1013 1055 1132 1100 caput
1164 1051 1353 1089 iocineris
1384 1065 1407 1088 a
1437 1051 1549 1088 fami-

104 1121 197 1158 liari
215 1123 328 1170 parte
345 1133 487 1156 caesum
504 1119 704 1169 haruspex
721 1119 872 1157 dicitur
895 1120 1133 1158 ostendisse:
1165 1119 1318 1169 alioqui
1345 1123 1548 1169 acceptam

105 1189 168 1226 dis
213 1188 386 1225 hostiam
433 1201 534 1234 esse,
579 1187 779 1225 Manlium
825 1188 986 1236 egregie
1027 1189 1176 1225 litasse.
1254 1187 1412 1236 ..Atqui
1450 1187 1551 1224 bene

105 1257 249 1294 habet⁴‘
285 1256 420 1305 inquit·
451 1256 616 1302 Decius,
650 1256 710 1302 „si
727 1256 775 1293 ab
804 1257 959 1304 collega
986 1257 1148 1294 litatum
1166 1260 1260 1294 ests‘
1323 1255 1549 1300 Instructis,
1567 1257 1590 1292 2

104 1325 210 1362 sicut
239 1328 331 1362 ante
363 1324 515 1361 dictum
547 1327 616 1370 est,
647 1324 859 1362 ordinibus
884 1338 1114 1374 processere
1139 1325 1181 1362 in
1198 1325 1343 1369 aciem,
1374 1323 1551 1361 Manlius

104 1392 260 1438 dextro,
298 1392 451 1429 Decius
483 1392 582 1429 laevo
614 1406 737 1429 cornu
774 1396 956 1442 praeerat.
1032 1393 1172 1430 Primo
1204 1392 1394 1441 utrinque
1426 1392 1592 1441 aequis3

103 1461 268 1506 viribus,
315 1460 453 1497 eodem
485 1460 629 1497 ardore
660 1460 886 1498 animorum
928 1461 1142 1509 gerebatur
1180 1474 1261 1506 res;
1308 1460 1454 1497 deinde
1500 1460 1549 1497 ab

103 1530 202 1566 laevo
235 1542 358 1566 cornu
390 1528 539 1565 hastati
568 1528 757 1575 Romani,
789 1542 869 1565 non
900 1530 1072 1566 ferentes
1104 1529 1406 1579 impressionem
1438 1528 1548 1566 Lati-

104 1611 255 1643 norum,
287 1609 327 1633 se
359 1596 410 1633 ad
441 1596 646 1646 principes
678 1610 872 1646 recepere.
932 1597 983 1634 In
1007 1598 1079 1635 hac
1102 1597 1376 1647 trepidatione
1394 1597 1546 1634 Decius
1565 1598 1590 1634 4

103 1665 241 1702 consul
265 1664 320 1701 M.
339 1664 547 1701 Valerium
578 1677 724 1713 magna
753 1678 850 1702 voce
882 1665 1083 1703 inclamat.
1147 1666 1378 1712 „Deorum”
1414 1665 1547 1714 inquit

105 1746 217 1782 ‚.ope,
248 1732 302 1770 M.
336 1732 489 1778 Valeri,
522 1746 620 1782 opus
651 1736 730 1778 est,
762 1746 835 1782 age
866 1733 972 1780 dum,
1004 1734 1187 1784 pontifex
1204 1734 1392 1784 publicus
1408 1733 1548 1784 populi

102 1800 276 1838 Romani
321 1801 420 1850 praei
467 1801 608 1848 verba,
655 1801 802 1851 quibus
834 1814 894 1838 me
925 1815 998 1851 pro
1030 1803 1260 1850 legionibus
1292 1803 1546 1839 devoveam.··‘

103 1869 292 1907 Pontifex
324 1883 411 1906 eum
439 1873 575 1918 togam
601 1873 835 1919 praetextam
853 1883 1007 1908 sumere
1024 1871 1143 1908 iussit
1169 1875 1219 1917 et,
1249 1871 1382 1907 velato
1402 1869 1545 1918 capite,
1565 1870 1589 1906 5

102 1951 222 1974 manu
254 1937 390 1974 subter
420 1941 555 1986 togam
582 1938 633 1975 ad
659 1942 835 1975 mentum
853 1943 1023 1985 exserta,
1053 1953 1171 1988 su-per
1187 1939 1310 1976 telum
1327 1938 1548 1975 subiectum

102 2005 273 2055 pedibus
319 2009 488 2043 stantem
534 2006 591 2043 sic
638 2006 783 2043 dicere.
862 2007 996 2054 „Iane,
1041 2007 1236 2056 Iuppiter,
1280 2005 1392 2043 Mars
1422 2008 1589 2056 patei-,6

102 2073 285 2121 Quirine,
317 2073 496 2120 Bellona,
527 2074 663 2120 Lares,
695 2074 780 2112 divi
812 2075 1069 2121 Novensiles,
1108 2075 1150 2112 di
1182 2074 1410 2123 Indigetes,
1449 2073 1548 2120 divi,

102 2155 270 2192 quorum
302 2146 362 2179 est
393 2146 569 2192 potestas
602 2147 828 2180 nostrorum
859 2143 1126 2193 hostiumque,
1158 2143 1280 2193 dique
1301 2156 1447 2188 manes,
1477 2156 1546 2180 vos
1567 2145 1590 2179 7

101 2223 254 2260 precor,
299 2224 485 2256 veneror,
531 2211 687 2248 veniam
733 2214 826 2260 peto
873 2224 1044 2260 oroque,
1090 2212 1150 2249 uti
1183 2212 1332 2262 populo
1364 2211 1546 2248 Romano

101 2278 326 2325 Quiritium
357 2278 438 2315 vim
469 2279 763 2328 victoriamque
794 2279 1040 2329 prosperetis
1071 2279 1284 2329 hostesque
1310 2279 1451 2328 populi
1470 2278 1546 2315 Ro-

103 2346 208 2383 mani
240 2345 462 2392 Quiritium
494 2350 658 2393 terrore,
690 2347 902 2384 formidine
934 2352 1139 2397 morteque
1172 2348 1371 2385 afficiatis.
1432 2346 1588 2383 Sieuts

101 2413 237 2451 verbis
254 2414 494 2463 nuncupavi,
521 2414 577 2450 ita
595 2427 668 2464 pro
686 2428 728 2451 re
746 2414 909 2464 publica
919 2414 1079 2467 populi
1096 2412 1294 2455 Romani
1311 2415 1546 2462 Quiritium,

103 2482 293 2528 exercitu,
311 2482 553 2531 legionibus,
570 2482 737 2520 auxiliis
755 2483 895 2532 populi
913 2483 1086 2522 Romani
1104 2485 1340 2531 Quiritium,
1368 2483 1548 2529 legiones·

102 2550 334 2600 auxiliaque
366 2550 540 2588 hostium
575 2564 726 2588 mecum
754 2550 840 2588 deis
865 2551 1050 2589 manibus
1068 2552 1304 2601 Tellurique
1328 2551 1542 2588 devoveo.··

102 2617 200 2654 Haec
234 2618 290 2656 ita
321 2625 504 2668 precatus
536 2619 698 2656 lictores
731 2619 788 2656 ire
820 2619 871 2656 ad
889 2619 933 2657 T.
950 2619 1146 2658 Manlium
1177 2621 1286 2657 iubet
1313 2624 1543 2669 matureque
1563 2621 1586 2653 9
