1821 2928
401 209 450 246 52
837 217 926 243 Liber
944 217 1012 242 vn.
1047 216 1096 246 (A.
1114 225 1143 242 u.
1162 225 1187 243 ο.
1206 218 1276 247 392.)

345 333 471 370 cultro
503 332 725 370 succinctus
755 346 867 369 mane
900 331 940 368 in
970 332 1107 369 urbem
1139 335 1258 382 atque
1289 347 1309 370 a
1342 335 1456 382 porta
1487 332 1645 370 domum
1675 341 1784 371 con-'

342 401 473 438 festini
504 400 555 437 ad
571 400 625 437 M.
642 399 907 450 Pomponium
937 399 1142 437 tribunum
1172 401 1320 450 pergit;
1352 400 1526 448 ianitori,
1555 414 1654 451 opus
1684 413 1766 439 esse

344 469 420 506 sibi
437 469 595 506 domino
613 468 696 505 eius
714 470 905 506 convento
924 467 1131 517 extemplo,
1163 469 1236 515 ait;
1268 468 1480 515 nuntiaret,
1509 468 1554 506 Τ.
1570 468 1766 507 Manlium

311 537 392 574 412.
422 536 549 574 filium
581 550 673 574 esse.
718 536 812 573 Mox
843 535 1092 573 introductus
1124 536 1284 585 (etenim
1314 537 1509 587 percitum
1538 536 1598 575 ira
1628 536 1670 574 in
1699 550 1766 587 pa·

342 610 442 643 trem
473 618 561 655 spes
592 608 677 641 erat
707 607 776 642 aut
806 603 981 641 criminis
1013 604 1166 653 aliquid
1196 605 1288 642 novi
1320 608 1388 642 aut
1419 605 1576 642 consilii
1605 605 1656 643 ad
1685 619 1769 643 rem

344 673 538 723 agendam
570 673 749 723 deferre),
789 672 915 709 salute
958 676 1119 722 accepta
1158 672 1406 722 redditaque,
1447 687 1530 711 esse
1571 673 1638 721 ait,
1679 686 1766 723 quae

314 741 437 780 5cum
469 756 513 779 eo
554 754 670 790 agere
709 740 872 778 arbitris
910 740 1070 777 remotis
1110 741 1217 778 velit.
1276 740 1425 779 Procul
1465 740 1558 779 inde
1587 741 1769 780 omnibus

343 810 452 848 abire
486 810 612 857 iussis,
651 809 820 846 cultrum
852 808 1013 857 stringit
1044 812 1083 845 et
1112 821 1230 858 super
1260 808 1405 846 lectum
1435 812 1542 847 stans
1572 809 1676 848 ferro
1708 809 1765 847 in-

325 882 463 937 3t<ento,
502 878 580 915 nisi
620 878 661 915 in
700 890 786 927 quae
825 877 908 926 ipse
946 877 1188 927 concepisset
1217 877 1337 915 verba
1374 877 1534 924 iuraret,
1573 891 1613 915 se
1643 877 1768 927 patris

326 944 425 989 {eius
449 946 662 984 accusandi
689 959 806 983 causa
832 945 1043 983 concilium
1076 945 1205 995 plebis
1230 959 1432 995 nunquam
1456 945 1699 992 habiturum,
1728 958 1768 983 se

311 1011 332 1051 6
347 1029 433 1053 eum
451 1015 646 1064 extemplo
668 1013 951 1052 transfixurum
973 1013 1157 1050 minatur.
1202 1013 1380 1051 Pavidus
1395 1013 1590 1060 tribunus,
1621 1013 1769 1064 quippe

344 1083 412 1132 qui
435 1084 583 1120 ferrum
606 1085 697 1120 ante
721 1082 854 1120 oculos
878 1081 1034 1128 micare,
1065 1095 1105 1118 se
1135 1081 1274 1128 solum,
1305 1081 1503 1128 inermem,
1533 1081 1648 1119 illum
1669 1093 1768 1131 prae-

343 1151 520 1189 validum
552 1151 733 1188 iuvenem
763 1154 812 1196 et,
844 1150 950 1199 quod
973 1149 1080 1186 haud
1105 1149 1233 1186 minus
1255 1149 1476 1187 timendum
1498 1152 1596 1196 erat,
1619 1149 1768 1187 ‘stolide

342 1219 510 1257 ferocem
550 1218 703 1256 viribus
744 1218 824 1255 suis
866 1221 1059 1264 cerneret,
1100 1217 1260 1255 adiurat
1300 1217 1340 1254 in
1381 1230 1467 1267 quae
1507 1216 1672 1255 adactus
1711 1220 1769 1255 est

342 1287 474 1332 verba,
505 1289 543 1323 et
574 1299 655 1336 prae
686 1299 726 1323 se
759 1285 902 1323 deinde
932 1285 1038 1331 tulit,
1069 1299 1114 1322 ea
1137 1285 1177 1322 vi
1208 1286 1414 1323 subactum
1444 1299 1484 1323 se
1515 1285 1672 1335 incepto
1703 1285 1768 1323 de·

313 1354 507 1392 7stitisse.
566 1354 660 1400 Nec,
691 1354 856 1403 perinde
887 1357 932 1391 ut
960 1353 1165 1391 maluisset
1205 1354 1352 1403 plebes,
1392 1353 1469 1391 sibi
1507 1352 1686 1403 suffragii
1714 1354 1768 1391 fe·

344 1421 457 1459 rendi
489 1421 538 1460 de
566 1425 649 1458 tam
680 1421 833 1460 crudeli
855 1425 893 1459 et
916 1421 1086 1472 superbo
1110 1435 1176 1459 reo
1201 1424 1434 1471 potestatem
1459 1420 1556 1468 fieri,
1587 1421 1644 1459 ita
1666 1433 1769 1470 aegre

344 1490 495 1537 habuit,
534 1490 660 1527 filium
701 1489 742 1527 id
783 1503 855 1540 pro
893 1493 1058 1539 parente
1096 1503 1252 1536 ausum3
1293 1503 1416 1540 eoque
1446 1490 1489 1528 id
1527 1489 1769 1527 laudabilius

343 1561 438 1604 erat,
468 1558 575 1608 quod
606 1558 779 1595 animum
803 1558 887 1596 eius
915 1561 1028 1595 tanta
1052 1557 1246 1596 acerbitas
1276 1558 1409 1607 patria
1438 1558 1540 1595 nihil
1569 1572 1592 1596 a
1622 1557 1770 1608 pietate

304 1626 328 1661 8
347 1626 563 1664 avertisset.
623 1626 766 1676 Itaque
797 1640 875 1663 non
906 1626 1013 1676 patri
1049 1626 1165 1663 modo
1196 1626 1358 1663 remissa
1390 1639 1517 1663 causae
1547 1625 1670 1664 dictio
1700 1628 1770 1673 est,
1801 1628 1805 1632 '

307 1695 329 1729 9
348 1695 416 1732 sed
457 1694 535 1744 ipsi
576 1694 693 1731 etiam
735 1693 977 1732 adolescenti
1007 1707 1051 1731 ea
1092 1707 1153 1730 res
1194 1693 1336 1731 honori
1366 1693 1455 1740 fuit,
1495 1696 1534 1730 et
1573 1706 1695 1743 quum
1725 1706 1770 1731 eo

345 1776 446 1799 anno
479 1762 650 1812 primum
680 1762 904 1812 placuisset,
934 1761 1117 1799 tribunos
1148 1761 1319 1798 militum
1348 1761 1399 1798 ad
1429 1760 1604 1810 legiones
1634 1760 1769 1798 suffra-

345 1831 409 1879 gio
439 1830 527 1868 fieri
568 1830 675 1878 (nam
715 1830 783 1880 [et]
827 1834 953 1877 antea,
993 1830 1095 1866 sicut
1135 1843 1250 1876 nunc,
1289 1842 1387 1879 quos
1416 1828 1588 1866 Rufulos
1616 1831 1770 1875 vocant,

346 1899 602 1948 imperatores
649 1899 725 1948 ipsi
771 1898 996 1948 faciebant),
1041 1897 1256 1935 secundum
1293 1897 1335 1934 in
1378 1910 1445 1934 sex
1489 1896 1586 1934 locis
1629 1896 1771 1943 tenuit,

345 1966 465 2004 nullis
498 1967 604 2004 domi
641 1966 872 2016 militiaeque
903 1966 954 2003 ad
986 1965 1276 2003 conciliandam
1315 1964 1485 2014 gratiam
1525 1963 1687 2010 meritis,
1726 1966 1770 2001 ut

345 2034 414 2083 qui
443 2048 536 2071 rure
567 2037 605 2071 et
635 2034 773 2084 procul
805 2038 909 2071 coetu
938 2034 1139 2072 hominum
1172 2033 1374 2070 iuventam
1403 2032 1559 2081 egisset.

460 2101 612 2140 Eodem
643 2117 757 2149 anno,
801 2116 868 2140 seu
908 2106 1016 2140 motu
1054 2105 1171 2140 terrae
1210 2115 1279 2139 seu
1319 2114 1398 2151 qua
1427 2100 1468 2138 vi
1507 2100 1597 2147 alia,
1640 2099 1770 2137 forum

344 2170 516 2208 medium
555 2170 676 2208 ferme
707 2184 826 2220 specu
855 2175 967 2208 vasto
1000 2170 1217 2220 collapsum
1255 2170 1296 2206 in
1332 2169 1561 2211 immensam
1590 2167 1770 2206 altitudi-

312 2239 436 2276 2nem
468 2238 633 2284 dicitur;
664 2252 790 2288 neque
822 2253 906 2276 eam
922 2239 1150 2287 voraginem
1181 2238 1360 2276 coniectu
1388 2240 1517 2283 terrae,
1547 2248 1667 2286 quum
1697 2247 1770 2285 pro

344 2320 384 2344 se
415 2306 584 2356 quisque
614 2309 780 2354 gereret,
811 2307 959 2356 expleri
991 2307 1178 2357 potuisse,
1209 2306 1440 2356 priusquam
1471 2304 1587 2342 deum
1617 2302 1770 2341 monitu

314 2374 475 2425 3quaeri
506 2378 687 2425 coeptum,
729 2389 805 2424 quo
846 2375 1058 2424 plurimum
1098 2374 1269 2425 populus
1299 2373 1502 2411 Romanus
1539 2374 1689 2423 posset;
1728 2371 1770 2408 id

345 2443 447 2480 enim
494 2443 554 2480 illi
594 2443 681 2480 loco
722 2442 935 2480 dicandum
974 2446 1083 2480 vates
1125 2442 1329 2488 canebant,
1375 2440 1409 2478 si
1447 2453 1530 2478 rem
1567 2438 1769 2489 publicam

344 2511 566 2549 Romanam
595 2514 827 2560 perpetuam
858 2524 940 2547 esse
970 2511 1127 2549 vellent.
1172 2510 1273 2548 Tum
1296 2510 1350 2547 M.
1368 2508 1560 2554 Curtium,
1590 2507 1770 2544 iuvenem

344 2579 450 2617 bello
482 2579 696 2628 egregium,
728 2579 939 2627 castigasse
970 2579 1101 2617 ferunt
1132 2579 1372 2623 dubitantes,
1409 2589 1460 2614 an
1489 2574 1615 2612 ullum
1643 2575 1771 2624 magis
