1821 2928
638 215 728 241 Liber
745 215 782 240 x.
820 214 868 244 (A.
887 214 940 241 ch.
959 217 1030 245 224.)
1410 206 1492 244 239

117 333 248 371 edicto
265 331 436 370 dominis
461 331 513 370 ad
538 344 601 368 res
628 343 718 368 suas
744 330 966 369 noscendas
991 332 1326 382 recipiendasque
1342 333 1551 380 revocatis,

116 405 155 439 et
193 401 372 439 exercitu
416 400 474 438 ibi
518 400 680 447 relicto,
725 399 977 438 comitiorum
1015 414 1134 438 causa
1163 401 1334 439 Romam
1372 405 1431 439 est
1460 415 1550 451 pro-

115 470 252 508 fectus.
312 469 387 508 Oui
418 468 466 506 de
496 469 700 519 triumpho
732 469 867 518 agenti
896 472 1064 518 negatus
1095 468 1220 507 honos
1251 472 1290 507 et
1321 470 1371 508 ob
1404 471 1550 509 amissa
1570 471 1620 508 19

114 543 176 578 tot
205 538 332 576 millia
362 537 547 584 militum,
580 541 619 575 et
649 537 756 587 quod
788 537 971 588 captivos
1003 538 1087 575 sine
1102 538 1289 588 pactione
1314 539 1388 577 sub
1415 540 1552 589 iugum

115 608 299 646 misisset.

231 675 382 714 Consul
413 675 514 713 alter
530 674 775 723 Postumius,
806 675 901 725 quia
932 675 973 712 in
991 673 1240 713 Samnitibus
1272 677 1441 714 materia
1458 676 1556 715 belli
1631 673 1686 720 37

117 746 264 791 deerat,
296 742 346 783 in
376 742 584 781 Etruriam
613 744 798 781 traducto
831 743 1020 791 exercitu,
1051 744 1224 794 primum
1254 749 1553 794 pervastaverat

116 813 415 852 Vulsiniensem
447 825 606 861 agrum;
638 812 731 851 dein
764 826 851 850 cum
878 813 1049 862 egressis
1073 813 1124 851 ad
1139 813 1310 851 tuendos
1328 813 1426 852 fines
1443 815 1552 852 haud
1569 816 1592 852 2

117 882 258 934 procul
305 881 498 918 moenibus
543 882 720 931 ipsorum
766 881 987 932 depugnat;
1034 882 1111 920 duo
1157 882 1288 920 millia
1331 884 1554 933 octingenti

115 951 375 990 Etruscorum
408 950 517 996 caesi3
555 954 706 988 ceteros
737 951 1021 1001 propinquitas
1052 951 1166 988 urbis
1197 954 1330 989 tutata
1361 957 1429 990 est.
1502 952 1593 990 1113

115 1020 379 1059 Rusellanum
411 1031 551 1067 agrum
583 1019 780 1057 exercitus
809 1019 1037 1066 traductus;
1084 1020 1141 1057 ibi
1171 1033 1252 1058 non
1282 1022 1369 1071 agri
1398 1025 1553 1059 tantum

113 1088 273 1135 vastati,
305 1088 373 1126 sed
404 1087 596 1138 oppidum
628 1088 746 1126 etiam
788 1091 1078 1138 expugnatum3
1116 1091 1234 1138 capta
1273 1089 1443 1139 amplius
1475 1090 1554 1128 duo

113 1157 244 1195 millia
273 1157 489 1203 hominum,
527 1157 656 1194 minus
697 1157 775 1194 duo
814 1157 945 1195 millia
975 1157 1082 1195 circa
1112 1171 1246 1196 muros
1277 1171 1390 1197 caesa.
1463 1158 1593 1197 Pax4

113 1229 248 1264 tamen
265 1225 411 1263 clarior
436 1225 653 1275 maiorque,
686 1239 804 1276 quam
821 1226 973 1264 bellum
991 1226 1031 1263 in
1048 1226 1215 1264 Etruria
1231 1241 1275 1265 eo
1294 1241 1396 1266 anno
1413 1228 1554 1275 fuerat,

73 1332 77 1335 ,
113 1298 230 1344 parta
261 1298 332 1332 est.
391 1293 490 1332 Tres
519 1294 780 1332 validissimae
811 1295 942 1342 urbes,
974 1295 1149 1332 Etruriae
1181 1295 1332 1346 capita,
1364 1296 1554 1343 Vulsinii,

113 1363 296 1410 Perusia,
327 1363 550 1410 Arretium,
581 1377 721 1413 pacem
736 1363 900 1414 petiere,
933 1367 973 1401 et
1002 1363 1252 1402 vestimentis
1275 1365 1451 1402 militum
1473 1365 1552 1402 fru-
1572 1365 1596 1402 5

114 1435 327 1481 mentoque
357 1432 467 1481 pacti
499 1445 588 1469 cum
615 1432 788 1479 consule,
818 1435 863 1469 ut
889 1432 996 1469 mitti
1012 1432 1182 1470 Romam
1199 1437 1378 1471 oratores
1405 1434 1555 1481 liceret,

112 1500 292 1538 indutias
322 1501 364 1538 in
396 1500 666 1550 quadraginta
697 1514 819 1538 annos
851 1500 1176 1550 impetraverunt.
1221 1502 1354 1540 Multa
1379 1515 1554 1552 praesens

116 1569 380 1619 quingentum
413 1569 589 1606 millium
621 1570 710 1607 aeris
741 1570 783 1607 in
814 1569 995 1619 singulas
1026 1570 1209 1608 civitates
1240 1570 1439 1621 imposita.

230 1636 291 1675 Ob
323 1638 440 1674 hasce
470 1651 535 1675 res
565 1642 698 1687 gestas
729 1638 869 1675 consul
900 1651 1022 1688 quum
1052 1639 1302 1690 triumphum
1328 1640 1377 1677 ab
1402 1639 1595 1687 senatu,6

115 1705 238 1743 moris
270 1705 396 1754 magis
429 1719 547 1744 causa
568 1720 687 1756 quam
718 1720 786 1756 spe
817 1707 1072 1756 impetrandi,
1104 1709 1292 1758 petisset,
1323 1707 1556 1758 videretque

114 1773 226 1821 alios,
258 1773 365 1824 quod
395 1775 550 1812 tardius
573 1775 623 1813 ab
648 1775 748 1813 urbe
765 1775 923 1823 exisset,
954 1775 1065 1824 alios,
1096 1776 1203 1826 quod
1220 1776 1378 1814 iniussu
1395 1780 1553 1814 senatus
1573 1777 1595 1812 7

115 1855 163 1879 ex
179 1841 342 1880 Samnio
360 1843 403 1879 in
419 1843 624 1881 Etruriam
640 1844 862 1890 transisset,
888 1844 1037 1894 partim
1064 1858 1154 1883 suos
1182 1845 1376 1893 inimicos,
1406 1845 1555 1895 partim

116 1910 282 1958 collegae
320 1910 468 1948 amicos
515 1911 565 1948 ad
611 1911 799 1949 solatium
845 1916 1012 1961 aequatae
1057 1913 1229 1962 repulsae
1273 1913 1351 1951 sibi
1397 1926 1556 1963 quoque

114 1991 262 2027 negare
277 1978 539 2028 triumphum,
561 1978 676 2028 „Non
702 1979 782 2016 ita“
804 1979 946 2029 inquit,
968 1984 1126 2030 „patres
1153 1982 1380 2031 conscripti,
1411 1985 1553 2019 vestrae
1570 1983 1596 2019 8

115 2046 335 2084 maiestatis
367 2046 595 2094 meminero,
625 2051 669 2084 ut
700 2061 762 2084 me
794 2048 996 2086 consulem
1022 2062 1104 2086 esse
1129 2049 1356 2087 obliviscar.
1401 2049 1555 2088 Eodem

117 2116 202 2152 iure
233 2115 404 2164 imperii,
436 2128 514 2164 quo
546 2115 653 2153 bella
683 2116 806 2165 gessi,
843 2116 962 2154 bellis
999 2117 1170 2156 feliciter
1209 2119 1351 2168 gestis,
1392 2117 1555 2158 Samnio

115 2188 234 2233 atque
265 2183 433 2221 Etruria
466 2183 664 2226 subactis,
704 2184 875 2222 victoria
914 2188 954 2222 et
985 2199 1081 2235 pace
1112 2192 1227 2237 parta
1256 2188 1551 2237 triumphabo.“

115 2252 180 2289 Ita
217 2256 397 2290 senatum
435 2253 612 2302 reliquit.
670 2253 772 2291 Inde
813 2254 917 2290 inter
956 2254 1139 2293 tribunos
1179 2256 1310 2306 plebis
1350 2257 1594 2294 contentio9

117 2324 221 2367 orta3
253 2335 346 2371 pars
364 2321 663 2367 intercessuros,
695 2335 744 2358 ne
761 2335 863 2359 novo
882 2324 1061 2373 exemplo
1078 2325 1356 2375 triumpharet,
1379 2325 1552 2371 aiebant,

117 2403 222 2439 pars,
252 2390 405 2427 auxilio
438 2404 477 2427 se
503 2391 693 2427 adversus
711 2390 884 2439 collegas
901 2391 1166 2442 triumphanti
1182 2393 1349 2431 futuros.
1395 2393 1552 2431 lactata
1573 2395 1623 2431 10

115 2472 179 2495 res
211 2458 262 2495 ad
293 2459 486 2508 populum
519 2462 587 2505 est,
618 2463 862 2509 vocatusque
887 2473 931 2498 eo
958 2461 1098 2498 consul
1116 2475 1238 2511 quum
1253 2461 1308 2498 M.
1327 2461 1554 2509 Horatium,

117 2526 162 2563 L.
195 2526 405 2564 Valerium
437 2527 636 2574 consules,
684 2527 725 2565 C.
756 2527 953 2566 Marcium
984 2529 1169 2567 Rutilum
1209 2543 1356 2579 nuper,
1401 2534 1554 2579 patrem

117 2596 219 2642 eius,
261 2597 328 2646 qui
359 2600 455 2634 tunc
485 2610 623 2633 censor
655 2600 772 2643 esset,
811 2611 889 2635 non
921 2611 967 2635 ex
1000 2598 1237 2636 auctoritate
1268 2602 1445 2644 senatus,
1484 2599 1553 2636 sed

118 2663 228 2701 iussu
243 2664 383 2714 populi
399 2665 666 2714 triumphasse
683 2665 844 2711 (liceret,
876 2666 1105 2705 adiiciebat.
1129 2680 1169 2703 se
1193 2679 1350 2716 quoque
1377 2667 1551 2704 laturum
1575 2669 1619 2704 11
