1821 2928
568 98 681 134 Liber
705 97 755 132 11.
806 98 867 142 (A.
895 98 960 133 eh.
985 99 1083 142 495.)
1490 101 1542 139 83

97 228 228 266 forum
260 227 441 278 proiecit.
503 225 646 265 Obsita
677 230 762 264 erat
793 227 979 276 squalore
1010 226 1147 273 vestis,
1185 226 1329 264 foedior
1361 227 1539 276 corporis

101 296 263 335 habitus
294 297 449 348 pallore
481 312 525 337 ac
557 299 683 336 macie
715 299 937 348 perempti;
970 299 1019 336 ad
1052 298 1127 336 hoc
1147 298 1343 348 promissa
1359 298 1485 336 barba
1501 294 1581 336 et4

102 369 240 419 capilli
273 369 533 409 efferaverant
564 372 735 421 speciem
769 371 863 409 oris.
896 369 1183 408 Noscitabatur
1213 374 1345 408 tamen
1372 371 1542 409 intanta

101 440 364 489 deformitate,
396 446 434 480 et
466 443 628 481 ordines
647 443 815 480 duxisse
846 442 1023 491 aiebant,
1049 442 1208 492 aliaque
1225 443 1379 480 militiae
1398 443 1544 481 decora

100 513 222 562 vulgo
254 514 492 552 miserantes
525 528 612 553 eum
647 515 869 561 iactabant;
910 515 995 565 ipse
1028 518 1149 551 testes
1181 514 1438 553 honestarum
1469 516 1541 554 ali-

101 589 198 636 quot
230 586 329 624 locis
361 600 585 637 pugnarum
634 587 840 625 cicatrices
887 586 1055 624 adverso
1101 589 1262 635 pectore
1304 588 1540 626 ostentabat.

101 657 421 705 sciscitantibus,
438 660 544 697 unde
570 659 641 697 ille
658 659 832 708 habitus,
850 658 955 696 unde
973 658 1217 708 deformitas,
1237 672 1356 708 quum
1376 660 1540 698 circurn-
1561 658 1584 696 5

99 730 186 768 fusa
217 731 337 769 turba
369 736 473 769 esset
505 745 629 782 prope
662 732 701 769 in
735 731 934 769 contionis
967 731 1138 777 modum,
1164 729 1316 769 Sabino
1348 732 1454 770 bello
1487 733 1543 770 ait

100 816 140 841 se
173 803 427 849 militantem,
460 804 556 854 quia
589 807 754 854 propter
771 803 1052 854 populationes
1071 803 1158 851 agri
1175 816 1254 840 non
1270 804 1403 841 fructu
1421 805 1538 843 modo

99 875 288 922 caruerit,
313 875 382 914 sed
408 876 510 914 villa
537 877 697 914 incensa
722 876 854 923 fuerit,
881 876 1037 926 direpta
1057 875 1204 925 omnia,
1222 889 1368 926 pecora
1385 876 1542 922 abacta,

99 948 297 986 tributum
331 948 471 999 iniquo
504 961 575 986 suo
607 953 785 999 tempore
817 949 1067 998 imperatum,
1100 962 1151 986 aes
1183 948 1356 986 alienum
1389 949 1539 987 fecisse.

102 1020 153 1058 Id
184 1021 431 1058 cumulatum
464 1021 598 1059 usuris
629 1021 758 1071 primo
792 1034 832 1058 se
850 1034 944 1069 agro
963 1025 1130 1070 paterno
1167 1020 1355 1071 avitoque
1373 1023 1540 1069 exuisse,
1559 1025 1581 1061 6

105 1093 251 1130 deinde
282 1093 454 1131 fortunis
487 1093 598 1139 aliis;
639 1097 840 1143 postremo
867 1093 977 1131 velut
993 1093 1125 1130 tabem
1141 1094 1372 1143 pervenisse
1390 1093 1440 1131 ad
1457 1107 1542 1132 cor-

99 1178 201 1215 pus;
233 1165 393 1203 ductum
428 1179 468 1203 se
501 1165 550 1203 ab
583 1165 781 1203 creditore
812 1179 890 1202 non
918 1165 957 1202 in
975 1165 1195 1212 servitium,
1212 1165 1280 1202 sed
1301 1166 1341 1202 in
1364 1170 1538 1215 ergastu-

100 1238 181 1274 lum
227 1241 266 1275 et
312 1238 584 1275 carnificinam
629 1251 726 1277 esse.
787 1237 888 1275 Inde
943 1241 1144 1275 ostentare
1189 1242 1346 1287 tergum
1392 1238 1581 1276 foedum7

99 1310 327 1348 recentibus
359 1311 541 1359 vestigiis
573 1311 796 1348 verberum.
844 1310 913 1347 Ad
931 1310 1014 1346 haec
1038 1310 1123 1348 visa
1155 1310 1372 1360 auditaque
1392 1310 1540 1349 clamor

100 1383 241 1432 ingens
274 1383 414 1420 oritur.
475 1382 565 1420 Non
600 1383 676 1420 iam
709 1383 794 1419 foro
828 1395 868 1419 se
909 1382 1105 1419 tumult-us
1136 1385 1259 1430 tenet,
1292 1383 1360 1420 sed
1392 1384 1537 1433 passim

100 1457 223 1491 totam
256 1455 395 1492 urbem
427 1454 622 1504 pervadit.
684 1453 786 1491 Nexi
820 1454 949 1492 vincti
983 1455 1182 1505 solutique
1215 1468 1255 1493 se
1286 1455 1465 1505 undique
1497 1455 1539 1493 in
1560 1458 1584 1494 8

101 1526 305 1576 publicum
338 1526 581 1576 proripiunt,
616 1527 833 1576 implorant
867 1526 1086 1574 Quiritium
1118 1526 1249 1564 fidem.
1297 1527 1421 1565 Nullo
1453 1527 1539 1566 loco

102 1598 211 1636 deest
243 1598 452 1636 seditionis
484 1599 735 1636 voluntarius
768 1612 917 1645 comes;
962 1599 1098 1637 multis
1131 1599 1279 1649 passim
1311 1599 1538 1648 agminibus

101 1683 172 1721 per
204 1683 339 1708 omnes
370 1671 456 1708 vias
490 1683 577 1708 cum
611 1671 782 1708 clamore
814 1671 853 1708 in
887 1672 1017 1708 forum
1036 1671 1222 1709 curritur.
1269 1671 1420 1722 Magno
1453 1686 1539 1710 cum
1559 1675 1582 1711 9

99 1742 279 1793 periculo
311 1756 395 1792 suo,
428 1743 496 1793 qui
528 1743 631 1780 forte
663 1747 822 1793 patrum
856 1744 896 1780 in
930 1744 1015 1781 foro
1049 1747 1173 1791 erant,
1191 1744 1232 1780 in
1265 1757 1350 1782 eam
1382 1744 1540 1781 turbam

100 1815 347 1861 inciderunt;
378 1828 450 1853 nec
490 1818 754 1865 temperatum
795 1816 977 1854 manibus
1018 1816 1132 1862 foret,
1171 1816 1214 1853 ni
1244 1829 1414 1866 propere
1447 1829 1537 1854 con·
1559 1812 1610 1849 10

100 1887 218 1937 sules,
252 1887 299 1925 P.
333 1886 531 1926 Servilius
563 1892 603 1925 et
634 1888 743 1938 App.
778 1887 985 1928 Claudius.
1013 1888 1062 1925 ad
1080 1887 1421 1938 comprimendam
1437 1887 1539 1925 sedi-

101 1959 250 1997 tionem
271 1959 591 1998 intervenissent.
617 1960 676 1998 At
687 1961 726 1997 in
739 1973 804 1998 eos
816 1961 1032 1999 multitudo
1043 1974 1158 1999 versa
1169 1963 1369 1998 ostentare
1380 1959 1542 1997 vincula

103 2045 172 2069 sua
203 2031 576 2082 deformitatemque
608 2033 742 2072 aliam.
805 2032 905 2070 Haec
946 2046 989 2071 se
1022 2034 1184 2072 meritos
1218 2033 1366 2082 dicere,
1401 2045 1542 2082 expro·
1562 2029 1608 2066 11

102 2105 265 2142 brantes
296 2117 404 2142 suam
435 2105 602 2155 quisque
634 2105 735 2142 alius
777 2105 877 2144 alibi
915 2106 1123 2153 militiam;
1164 2105 1370 2156 postulare
1415 2105 1541 2142 multo

103 2177 314 2216 minaciter
361 2177 486 2226 magis
535 2190 653 2227 quam
706 2178 957 2228 suppliciter,
1014 2182 1056 2216 ut
1102 2181 1284 2216 senatum
1330 2180 1541 2223 vocarent;

104 2250 334 2300 curiamque
367 2249 442 2299 ipsi
473 2249 599 2287 futuri
630 2249 775 2288 arbitri
806 2250 1158 2300 moderatoresque
1194 2250 1350 2300 publici
1384 2249 1543 2287 consilii

103 2321 416 2362 circumsistunt.
458 2321 586 2359 Pauci
604 2321 818 2360 admodum
850 2325 1022 2373 patrum,
1049 2336 1148 2373 quos
1179 2336 1292 2361 casus
1324 2319 1610 2370 obtulerat,12

105 2394 301 2432 contracti
333 2394 382 2431 ab
415 2393 667 2440 consulibus;
710 2397 862 2433 ceteros
902 2399 1030 2433 metus
1062 2408 1141 2433 non
1174 2395 1285 2433 curia.
1314 2393 1444 2438 modo,
1476 2391 1544 2429 sed

106 2466 227 2503 etiam
275 2465 360 2504 foro
407 2466 582 2512 arcebat,
626 2479 697 2504 nec
746 2467 813 2517 agi
859 2468 1073 2518 quicquam
1121 2481 1192 2517 per
1232 2465 1544 2516 infrequentiam

108 2541 265 2587 poterat
297 2541 470 2577 senatus.
519 2537 620 2575 Tum
653 2551 748 2577 vero
782 2539 889 2578 eludi
922 2543 1042 2590 atque
1076 2539 1233 2577 extrahi
1266 2552 1309 2575 se
1339 2535 1557 2575 multitudo
1579 2533 1629 2572 13

110 2613 263 2659 putare,
295 2614 334 2648 et
363 2614 522 2661 patrum
556 2611 626 2661 qui
659 2610 854 2659 abessent,
880 2625 959 2650 non
991 2625 1097 2658 casu,
1113 2624 1194 2648 non
1224 2613 1345 2658 metu,
1377 2608 1446 2646 sed
1476 2609 1545 2645 im-

111 2680 316 2730 pediendae
347 2682 406 2720 rei
437 2695 555 2721 causa
587 2683 740 2732 abesse,
774 2687 813 2721 et
846 2683 1029 2722 consules
1046 2683 1152 2733 ipsos
1168 2682 1440 2732 tergiversari,
1469 2694 1547 2720 nec

1273 2752 1314 2785 6*
