1821 2928
402 174 481 210 140
835 183 925 209 Liber
943 184 1028 209 vm.
1066 183 1112 211 (A.
1132 192 1159 210 u.
1180 192 1203 210 c.
1223 185 1293 215 432.)

343 311 485 345 magna
516 297 696 334 mercede
727 297 994 348 luendumque
1025 311 1127 345 esse;
1172 298 1215 336 id
1244 299 1392 336 referre
1429 301 1601 347 tantum,
1639 302 1771 338 utrum

341 365 542 414 supplicia
572 365 692 403 noxio
723 379 938 415 paucorum
969 380 1019 403 an
1051 367 1226 404 omnium
1256 366 1419 403 innoxio
1451 367 1655 416 praebeant
1685 381 1772 405 san·

340 433 472 481 guine.
517 432 815 483 Audebantque
843 434 922 471 iam
947 434 1111 483 quidam
1136 435 1340 472 nominare
1367 437 1546 472 auctores
1562 448 1772 473 armorum.

276 502 323 536 12
342 500 476 537 Unum
494 501 662 538 maxime
679 515 821 539 nomen
846 515 916 551 per
942 515 1173 540 consensum
1199 503 1456 541 clamantium
1473 502 1636 540 Brutuli
1653 502 1773 553 Papii

341 567 649 615 exaudiebatur3
690 569 753 606 vir
784 569 932 607 nobilis
963 574 1182 620 potensque
1214 574 1318 618 erat,
1349 570 1456 609 haud
1487 570 1608 608 dubie
1638 571 1771 620 proxi·

341 649 493 673 marum
536 636 783 674 indutiarum
823 641 974 687 ruptor.
1043 638 1106 675 De
1145 652 1189 675 eo
1229 639 1356 676 coacti
1397 639 1546 676 referre
1584 641 1774 688 praetores

276 704 325 741 13
344 704 546 741 decretum
577 705 772 751 fecerunt,
818 708 863 742 ut
900 705 1093 743 Brutulus
1130 706 1284 755 Papius
1314 706 1508 745 Romanis
1553 706 1775 753 dederetur,

343 777 381 809 et
411 786 499 809 cum
531 786 576 810 eo
606 773 743 822 praeda
774 773 900 810 omnis
923 773 1106 811 Romana
1137 774 1366 824 captivique
1390 777 1435 811 ut
1449 774 1619 812 Romam
1644 774 1774 812 mitte-

341 844 490 887 rentur,
536 853 702 890 quaeque
742 854 805 878 res
845 854 916 890 per
954 841 1112 878 fetiales
1152 856 1198 878 ex
1237 842 1384 880 foedere
1420 842 1604 892 repetitoe
1635 846 1776 889 essent,

275 908 326 944 14
342 908 557 945 secundum
582 909 642 945 ius
668 909 806 958 fasque
831 910 1147 947 restituerentur.
1200 910 1376 948 Fetiales
1402 910 1581 957 Romam,
1612 914 1656 948 ut
1687 923 1774 948 cen-

344 980 518 1022 suerunt,
549 977 660 1014 missi
693 981 731 1014 et
763 990 907 1026 eorpus
939 977 1102 1014 Brutuli
1134 979 1334 1024 exanime;
1364 979 1451 1028 ipse
1482 981 1608 1016 morte
1638 978 1775 1016 volun-

277 1043 326 1080 15
343 1045 447 1082 taria
464 1045 697 1093 ignominiae
715 1059 754 1082 se
772 1058 815 1083 ac
833 1045 1034 1095 supplicio
1053 1046 1264 1084 subtraxit..
1304 1046 1477 1094 Placuit,
1501 1059 1590 1083 cum
1613 1059 1776 1096 corpore

342 1113 446 1150 bona
477 1125 634 1162 quoque
666 1114 750 1150 eius
782 1113 886 1150 dedi.
961 1114 1076 1152 Nihil
1114 1118 1248 1152 tamen
1289 1128 1423 1152 earum
1461 1113 1593 1152 rerum
1632 1116 1777 1164 praeter

343 1180 533 1229 captivos,
565 1194 610 1218 ac
641 1181 674 1218 si
707 1195 784 1230 qua
816 1182 974 1230 cognita
1006 1196 1052 1219 ex
1084 1182 1220 1232 praeda
1245 1185 1347 1229 sunt,
1378 1185 1583 1232 acceptum
1609 1185 1686 1228 est;
1718 1194 1776 1218 ce-

342 1252 519 1286 terarum
550 1262 681 1286 rerum
713 1249 832 1286 irrita
864 1250 943 1287 fuit
974 1250 1139 1288 deditio.
1198 1250 1388 1288 Dictator
1420 1264 1467 1287 ex
1498 1253 1658 1289 senatus
1689 1263 1777 1287 con-

342 1316 446 1353 sulto
476 1316 751 1366 triumphavit.

276 1384 325 1420 16
459 1384 548 1421 Hoc
579 1385 730 1421 bellum
760 1398 782 1422 a
813 1385 1044 1423 consulibus
1074 1386 1267 1423 bellatum
1293 1385 1456 1435 quidam
1477 1388 1658 1423 auctores
1676 1388 1778 1432 sunt,

341 1465 484 1501 eosque
516 1452 564 1489 de
582 1451 828 1490 Samnitibus
853 1453 1142 1503 triumphasse,
1173 1453 1346 1491 Fabium
1374 1454 1496 1492 etiam
1522 1454 1566 1491 111
1581 1453 1777 1503 Apuliam

206 1515 264 1561 40
343 1521 579 1570 processisse
611 1524 730 1569 atque
763 1520 857 1558 inde
888 1534 1050 1570 magnas
1081 1522 1235 1571 praedas
1261 1522 1398 1570 egisse.
1457 1521 1540 1560 Nec
1566 1520 1778 1570 discrepat,

300 1587 323 1623 2
343 1588 440 1637 quin
472 1588 646 1625 dictator
677 1602 721 1626 eo
753 1602 856 1626 anno
874 1589 925 1626 A.
954 1589 1163 1627 Cornelius
1193 1589 1333 1635 fuerit3
1365 1589 1408 1626 id
1439 1589 1671 1638 ambigitur,
1695 1589 1776 1628 bel-

342 1655 424 1692 line
454 1655 620 1703 gerendi
652 1669 770 1692 causa
802 1660 958 1694 creatus
989 1657 1054 1704 sit,
1085 1671 1137 1695 an
1166 1661 1211 1694 ut
1242 1661 1354 1704 esset,
1393 1657 1463 1707 qui
1493 1657 1601 1696 ludis
1631 1657 1774 1695 Roma-

340 1723 416 1769 nis,
461 1723 557 1772 quia
587 1722 632 1760 L.
664 1723 850 1761 Plautius
891 1728 1041 1774 praetor
1081 1725 1195 1773 gravi
1234 1725 1372 1763 morbo
1411 1725 1513 1762 forte
1553 1725 1776 1775 implicitus

302 1792 438 1837 ὅθι-111,
470 1790 627 1838 signum
659 1791 866 1829 mittendis
899 1793 1106 1842 quadrigis
1137 1793 1260 1839 daret,
1305 1793 1543 1842 functusque
1582 1806 1627 1832 eo
1667 1793 1775 1830 haud

342 1871 435 1895 sane
480 1859 726 1896 memorandi
773 1859 933 1910 imperii
979 1860 1201 1897 ministerio
1247 1874 1286 1897 se
1327 1860 1529 1898 dictatura
1558 1860 1775 1899 abdicaret.

341 1926 423 1964 Nec
453 1927 569 1964 facile
616 1931 675 1964 est
714 1931 782 1965 aut
827 1942 909 1965 rem
949 1928 1008 1965 rei
1049 1932 1118 1966 aut
1149 1932 1350 1966 auctorem
1390 1929 1545 1967 auctori
1575 1929 1773 1979 praeferre.

304 1994 328 2030 4
347 1994 545 2031 Vitiatam
578 1995 805 2033 memoriam
837 1996 1070 2034 funebribus
1088 1996 1276 2034 laudibus
1300 2010 1392 2034 reor
1417 1997 1608 2047 falsisque
1633 1996 1773 2045 imagi-

342 2075 435 2099 num
466 2062 607 2108 titulis,
639 2063 733 2100 dum
758 2064 923 2101 familiae
950 2064 1000 2101 ad
1026 2078 1066 2101 se
1083 2078 1248 2114 quaeque
1264 2065 1409 2103 famam
1424 2078 1557 2102 rerum
1573 2067 1773 2114 gestarum

303 2129 615 2177 5honorumque
646 2131 803 2168 fallenti
834 2131 1041 2171 mendacio
1071 2134 1255 2179 trahunt;
1301 2132 1394 2170 inde
1433 2135 1540 2170 certe
1571 2135 1610 2170 et
1639 2132 1772 2181 singu-

341 2198 471 2235 lorum
516 2201 628 2246 gesta
674 2202 712 2235 et
755 2200 920 2249 publica
965 2204 1219 2238 monumenta
1267 2214 1398 2238 rerum
1443 2200 1617 2238 confusa.
1690 2199 1772 2238 Nec

342 2266 554 2315 quisquam
585 2267 749 2315 aequalis
779 2268 1027 2317 temporibus
1059 2268 1143 2306 illis
1174 2269 1346 2319 scriptor
1376 2271 1523 2315 exstat,
1567 2280 1645 2317 quo
1676 2265 1772 2304 satis

342 2338 448 2371 certo
481 2337 642 2371 auctore
673 2338 808 2372 stetur.
