1821 2928
381 208 459 245 114
763 216 852 242 Liber
870 216 955 241 vm.
993 216 1041 244 (A.
1061 224 1088 242 u.
1109 223 1134 242 c.
1153 218 1314 247 419-423.)

110 330 301 391 12:¹51?ssssss
322 335 474 382 pestate
505 331 783 381 imperatorem
814 329 869 367 M.
901 330 1111 368 Valerium
1136 330 1306 369 Corvum
1338 331 1539 368 consulem
1569 335 1754 381 quartum

279 401 300 437 5
318 400 511 445 facerent3
543 399 695 447 collega
726 398 887 435 additus
906 397 1034 436 Corvo
1050 398 1105 435 M.
1122 398 1277 436 Atilius
1293 399 1491 448 Regulus;
1523 402 1562 437 et
1585 412 1635 436 ne
1651 399 1754 437 forte

317 481 408 505 casu
440 471 656 514 erraretur,
687 467 856 516 petitum
887 467 936 503 ab
969 466 1209 514 consulibus,
1238 470 1283 503 ut
1315 471 1428 504 extra
1459 470 1604 504 sortem
1634 466 1754 505 Corvi

276 537 298 573 6
318 550 362 573 ea
393 535 600 585 provincia
631 537 742 572 esset.
802 533 996 571 Exercitvu
1012 534 1162 572 victore
1187 547 1209 571 a
1233 534 1507 584 superioribus
1524 534 1754 573 consulibus

316 609 490 654 accepto,
522 603 572 641 ad
604 602 738 649 Cales,
768 602 873 639 unde
904 603 1054 639 bellum
1085 606 1215 640 ortum
1245 605 1341 648 erat,
1378 602 1592 652 profectus,
1630 615 1752 652 quum

315 673 447 710 hostes
472 672 521 709 ab
546 671 762 720 superioris
787 671 908 708 etiam
936 670 1166 708 certaminis
1189 671 1379 708 memoria
1396 669 1564 720 pavidos
1582 670 1754 708 clamore

315 744 433 790 atque
465 740 615 789 impetu
646 738 776 788 primo
809 738 990 785 fudisset,
1035 739 1181 776 moenia
1210 739 1300 788 ipsa
1332 751 1565 788 oppugnare
1597 741 1656 776 est
1686 751 1754 788 ag-

277 810 298 845 7
316 821 484 858 gressus.
543 807 598 843 Et
627 806 801 843 militum
833 806 996 856 quidem
1028 806 1061 843 is
1093 809 1179 843 erat
1208 805 1338 853 ardor,
1368 809 1413 843 ut
1443 806 1521 843 iam
1546 805 1640 843 inde
1665 819 1754 844 cum

314 877 432 914 scalis
464 875 674 913 succedere
713 874 764 912 ad
802 888 936 911 muros
965 874 1116 912 vellent
1147 886 1412 923 evasurosque
1449 874 1752 920 contenderent;
1806 901 1808 904 -

274 945 298 982 8
318 945 489 991 Corvus,
535 943 630 992 quia
660 942 702 979 id
735 942 904 979 arduum
944 942 1053 980 factu
1091 945 1194 989 erat,
1239 942 1376 979 labore
1416 929 1588 979 militum
1617 942 1752 992 potius

314 1026 432 1063 quam
478 1011 657 1062 periculo
696 1022 886 1059 peragere
926 1010 1128 1060 inceptum
1166 1010 1307 1049 voluit.
1382 1009 1528 1059 Itaque
1565 1022 1752 1058 aggerem

315 1086 353 1119 et
383 1081 521 1117 vineas
553 1079 635 1127 egit
663 1080 874 1127 turresque
904 1091 1016 1115 muro
1057 1078 1248 1124 admovit,
1293 1091 1462 1126 quarum
1498 1090 1612 1115 usum
1648 1078 1753 1116 forte

276 1150 298 1182 9
317 1150 452 1187 oblata
484 1146 763 1197 opportunitas
794 1145 1012 1195 praevertit.
1071 1145 1254 1194 Namque
1284 1146 1338 1182 M.
1370 1145 1540 1192 Fabius,
1571 1145 1752 1196 captivus

315 1217 530 1261 Romanus,
563 1227 684 1264 quum
715 1227 786 1263 per
817 1213 1103 1262 negligentiam
1142 1213 1349 1251 custodum
1380 1214 1480 1251 festo
1512 1213 1577 1251 die
1606 1213 1751 1251 vinclis

313 1285 442 1334 ruptis
474 1297 545 1333 per
567 1295 722 1319 murum
748 1282 852 1318 inter
879 1294 999 1330 opera
1015 1281 1300 1329 Romanorum,
1331 1281 1503 1330 religata
1520 1282 1571 1319 ad
1587 1282 1750 1335 pinnam

248 1353 419 1390 lOmuri
450 1355 554 1389 reste
587 1363 810 1399 suspensus,
842 1349 1026 1386 manibus
1058 1363 1098 1387 se
1116 1350 1347 1396 demisisset,
1379 1350 1557 1399 perpulit
1581 1349 1751 1398 impera--

313 1426 451 1466 torem,
475 1407 542 1455 'ut
576 1418 672 1455 vino
719 1418 926 1467 epulisque
963 1417 1114 1466 sopitos
1153 1418 1285 1455 hostes
1330 1417 1635 1466 aggrederetur;
1679 1430 1750 1454 nec

314 1489 461 1526 maiore
494 1486 708 1523 certamine
741 1486 848 1534 capti
886 1498 973 1522 cum
1009 1485 1108 1523 urbe
1139 1485 1323 1523 Ausones
1363 1488 1471 1532 sunt,
1510 1498 1629 1533 quam
1666 1485 1751 1521 acie

314 1557 391 1593 fusi
424 1558 546 1592 erant.
620 1552 766 1590 Praeda
805 1555 920 1601 capta
959 1553 1100 1601 ingens
1139 1557 1213 1600 est,
1259 1553 1532 1603 praesidioque
1562 1552 1751 1602 imposito

249 1624 294 1659 11
317 1624 491 1668 Calibus,
529 1621 703 1658 reductae
734 1620 903 1657 Romam
942 1620 1130 1668 legiones.
1205 1620 1352 1658 Consul
1393 1635 1440 1659 ex
1470 1624 1629 1658 senatus
1659 1633 1750 1657 con·

313 1692 417 1729 sulto
448 1689 732 1738 triumphavit,
778 1691 835 1733 et,
880 1701 928 1725 ne
960 1688 1113 1725 Atilius
1145 1702 1283 1738 expers
1321 1688 1459 1737 gloriae
1490 1691 1609 1735 esset,
1654 1688 1749 1725 iussi

248 1759 296 1795 12
316 1760 430 1797 ambo
463 1757 644 1795 consules
676 1756 866 1794 adversus
898 1753 1099 1793 Sidicinos
1131 1756 1274 1793 ducere
1305 1756 1532 1793 exercitum.
1606 1755 1749 1793 Dicta-

312 1832 439 1864 torem
470 1829 561 1862 ante
593 1839 641 1862 ex
674 1827 833 1861 senatus
865 1823 1046 1860 consulto
1070 1824 1318 1860 comitiorum
1342 1823 1615 1861 habendorum
1631 1828 1749 1861 causa

106 1893 222 1953 2:¹51?
237 1893 297 1952 {g}
317 1895 507 1932 dixerunt
543 1893 589 1930 L.
628 1892 838 1929 AEmilium
874 1891 1183 1937 Mamercinum3
1230 1892 1263 1929 is
1301 1892 1532 1940 magistrum
1571 1891 1748 1941 equitum

314 1963 361 2010 Q.
377 1962 602 2000 Publilium
618 1960 834 1998 Philonem
867 1959 983 1997 dixit.
1043 1959 1257 1996 Dictatore
1281 1959 1444 1996 comitia
1465 1959 1635 1996 habente
1657 1972 1748 1996 con-

247 2030 297 2066 13
315 2031 418 2068 sules
443 2029 567 2066 creati
592 2032 684 2065 sunt
701 2027 745 2064 Τ.
763 2027 968 2073 Veturius,
999 2026 1066 2076 Sp.
1084 2026 1325 2064 Postumius.
1371 2023 1431 2065 Ei
1455 2027 1528 2064 etsi
1543 2026 1640 2064 belli
1656 2039 1748 2076 pars

314 2111 401 2136 cum
433 2095 624 2133 Sidicinis
654 2096 842 2142 restabat,
872 2099 1024 2141 tamen,
1054 2097 1100 2131 ut
1129 2095 1321 2132 beneficio
1351 2094 1618 2144 praevenirent
1648 2093 1747 2131 desi-

248 2166 299 2202 14
317 2165 469 2203 derium
485 2163 624 2213 plebis,
656 2163 704 2200 de
721 2163 877 2201 colonia
895 2162 1129 2200 deducenda
1146 2162 1261 2201 Cales
1277 2162 1534 2208 rettulerunt3
1565 2162 1749 2211 factoque

314 2237 472 2271 senatus
502 2231 696 2278 consulto,
727 2235 771 2268 ut
803 2231 881 2268 duo
913 2230 1043 2268 millia
1075 2230 1285 2280 quingenti
1316 2230 1495 2268 homines
1526 2242 1571 2267 eo
1601 2229 1746 2267 scribe-

312 2304 461 2346 rentur,
491 2299 723 2336 triumviros
748 2298 916 2335 coloniae
941 2298 1182 2335 deducendae
1200 2311 1376 2347 agroque
1400 2296 1622 2335 dividundo
1640 2310 1747 2335 crea·

312 2371 456 2407 verunt
486 2367 539 2404 K.
570 2366 782 2412 Duillium,
814 2365 859 2402 T.
891 2366 1135 2413 Quinctium,
1165 2366 1220 2403 M.
1251 2366 1435 2404 Fabium.

178 2432 233 2478 17
427 2435 533 2473 Novi
563 2433 706 2472 deinde
738 2434 929 2480 consules,
975 2448 997 2471 a
1027 2434 1231 2472 veteribus
1262 2434 1440 2472 exercitu
1470 2435 1643 2482 accepto,
1687 2431 1747 2468 in·

313 2504 437 2554 gressi
468 2503 641 2540 hostium
670 2501 768 2538 fines
800 2501 1029 2550 populando
1060 2515 1185 2551 usque
1216 2502 1267 2539 ad
1297 2500 1442 2538 moenia
1464 2503 1584 2549 atque
1605 2498 1744 2536 urbem

273 2571 295 2606 2
315 2574 590 2622 pervenerunt.
649 2569 716 2606 Ibi
747 2569 841 2617 quia
870 2569 1024 2617 ingenti
1055 2569 1230 2607 exercitu
1261 2571 1490 2617 comparato
1507 2565 1676 2604 Sidicini
1706 2569 1746 2604 et

312 2639 389 2688 ipsi
421 2651 492 2688 pro
525 2641 700 2675 extrema
725 2649 793 2685 spe
818 2636 1049 2674 dimicaturi
1074 2637 1187 2674 enixe
1202 2635 1453 2681 videbantur,
1484 2637 1522 2671 et
1539 2633 1743 2672 Samnium

273 2705 298 2741 3
316 2706 420 2743 fama
451 2709 535 2743 erat
566 2704 713 2742 conciri
743 2703 793 2741 ad
823 2704 983 2750 bellum,
1015 2703 1187 2741 dictator
1218 2703 1267 2741 ab
1292 2702 1518 2740 consulibus
1541 2715 1588 2739 ex
1610 2704 1744 2739 aucto-
