1821 2928
512 100 629 136 Liber
654 101 702 135 11.
753 103 817 145 (A.
845 101 908 136 Ch.
938 101 1146 144 507—502.)
1499 106 1545 142 77

225 229 419 268 Consules
446 229 502 268 M.
521 229 724 277 Valerius,
749 228 797 268 P.
818 228 1067 269 Postumius.
1116 229 1174 267 Eo
1200 243 1303 268 anno
1328 230 1428 267 bene
1454 243 1552 280 pug-
1642 228 1689 274 16

1617 299 1644 317 u.
1663 293 1755 317 exus).

108 305 243 340 natum
291 314 380 338 cum
427 300 609 348 Sabinis;
656 301 835 339 consules
880 301 1193 350 triumpharunt.
1255 301 1411 339 Maiore
1459 302 1550 340 inde
1570 292 1748 357 &ffb-505

110 373 212 412 mole
229 370 372 410 Sabini
397 373 550 411 bellum
574 373 783 424 parabant.
831 371 1041 410 Adversus
1068 386 1145 419 eos,
1177 377 1216 411 et
1240 387 1289 412 ne
1316 374 1415 424 quid
1433 374 1551 411 simul

108 445 158 483 ab
190 444 380 492 Tusculo,
412 444 518 483 unde
550 445 626 483 etsi
652 458 730 482 non
759 448 954 494 apertum,
987 450 1215 495 suspectum
1241 450 1375 484 tamen
1401 446 1552 484 bellum

110 521 206 564 erat,
236 517 439 567 repentini
470 517 641 567 periculi
666 517 850 564 oriretur,
882 516 929 554 P.
948 516 1136 555 Valerius
1165 522 1364 567 quartum,
1396 518 1443 557 T.
1470 518 1553 555 Lu·
1571 507 1684 573 21²¹ng
1701 507 1758 572 232¹

109 589 256 627 cretius
284 589 427 626 iterum
453 589 636 627 consules
661 589 767 626 facti.
815 587 971 626 Seditio
997 589 1102 626 inter
1126 590 1222 626 belli
1250 591 1442 640 pacisque
1461 603 1550 628 auc·
1569 588 1593 626 3

108 665 215 700 tores
254 664 343 699 orta
380 661 420 698 in
453 659 615 699 Sabinis
657 661 908 711 aliquantum
948 661 1040 698 inde
1080 661 1226 699 virium
1264 662 1471 700 transtulit
1503 661 1552 700 ad

108 733 323 772 Romanos.
370 732 553 783 Namque
584 732 709 771 Attus
742 733 926 780 Clausus,
957 734 1021 771 cui
1052 737 1191 783 postea
1211 733 1349 783 Appio
1384 734 1596 772 Claudio4

107 806 185 843 fuit
200 805 339 844 Romae
364 819 519 852 nomen,
544 818 664 855 quum
689 806 801 855 pacis
827 805 913 856 ipse
938 809 1078 843 auctor
1104 820 1127 843 a
1150 805 1430 843 turbatoribus
1455 806 1553 843 belli

109 881 361 928 premeretur
400 891 473 915 nec
515 891 589 928 par
619 877 786 915 factioni
817 881 931 924 esset,
973 877 1023 915 ab
1057 877 1267 927 Inregillo.
1308 892 1453 928 magna
1485 878 1554 916 cli-

108 950 259 988 entium
291 950 504 988 comitatus
537 962 668 999 manu‚
701 949 870 988 Romam
902 950 1132 999 transfugit.
1180 950 1258 987 His
1290 950 1435 989 civitas
1465 949 1599 988 data5

109 1035 285 1073 agerque
315 1026 427 1060 trans
457 1021 679 1068 Anienem3
712 1026 826 1060 vetus
854 1021 1023 1060 Claudia
1054 1021 1198 1071 tribus,
1231 1022 1385 1060 additis
1417 1026 1556 1073 postea

109 1095 223 1133 novis
254 1094 487 1140 tribulibus,
520 1094 591 1144 qui
623 1107 670 1131 ex
701 1107 747 1131 eo
778 1094 965 1132 venirent
996 1107 1106 1143 agro,
1138 1094 1348 1144 appellati.
1395 1095 1555 1145 Appius

110 1167 216 1204 inter
245 1170 380 1217 patres
412 1166 549 1213 lectus,
580 1166 688 1204 haud
719 1166 777 1204 ita
808 1166 935 1204 multo
966 1169 1059 1217 post
1092 1167 1133 1204 in
1159 1167 1388 1217 principum
1415 1166 1553 1215 digna-

108 1239 259 1277 tionem
289 1239 484 1289 pervenit.
531 1237 724 1276 Consules
745 1238 891 1276 infesto
919 1239 1101 1276 exercitu
1128 1239 1170 1276 in
1197 1251 1336 1288 agrum
1363 1237 1556 1277 Sabinum
1574 1240 1597 1277 6

110 1311 283 1361 profecti
315 1324 436 1361 quum
463 1311 521 1349 ita
545 1311 780 1356 vastatione,
813 1310 905 1348 dein
933 1310 1076 1360 proelio
1105 1310 1344 1348 afflixissent
1368 1324 1463 1361 opes
1486 1312 1553 1348 ho-

111 1383 245 1430 stium,
276 1387 321 1421 ut
353 1383 424 1421 diu
455 1382 559 1419 nihil
586 1382 679 1420 inde
702 1382 934 1421 rebellionis
961 1382 1096 1420 timeri
1122 1387 1269 1433 posset.
1301 1382 1554 1433 triumphan-

111 1458 171 1493 tes
201 1455 372 1493 Romam
403 1454 621 1492 redierunt.

227 1526 273 1565 P.
306 1526 509 1572 Valerius,
549 1527 724 1564 omnium
766 1539 959 1564 consensu
998 1527 1187 1576 princeps
1225 1527 1324 1565 belli
1365 1527 1596 1577 pacisque?

113 1598 280 1646 artibus,
310 1611 413 1636 anno
444 1602 534 1648 post
560 1598 748 1649 Agrippa
772 1597 976 1644 Menenio,
1009 1598 1053 1637 P.
1079 1598 1290 1637 Postumio
1321 1598 1555 1637 consulibus
1574 1589 1761 1656 *ἑζῗιξξέζζ

113 1670 297 1719 moritur,
339 1670 469 1719 gloria
500 1671 666 1720 ingenti,
707 1670 836 1720 copiis
867 1670 1136 1709 familiaribus
1169 1670 1268 1710 adeo
1301 1672 1472 1722 exiguis,
1511 1675 1557 1710 ut

113 1742 246 1780 funeri
277 1746 459 1793 sumptus
490 1741 663 1789 deesset3
703 1743 752 1780 de
790 1742 958 1793 publico
1000 1747 1060 1781 est
1092 1743 1221 1781 datus.
1282 1744 1444 1782 Luxere
1475 1757 1554 1782 ma·

112 1817 238 1852 tronae
270 1818 315 1852 ut
345 1813 529 1854 Brutum.
576 1814 731 1853 Eodem
762 1828 865 1853 anno
899 1815 988 1853 duae
1020 1815 1194 1853 coloniae
1211 1815 1382 1864 Latiuae,
1415 1815 1603 1854 Poma-8

111 1885 170 1924 tia
208 1889 248 1924 et
279 1885 396 1933 Cora,
438 1887 489 1925 ad
520 1887 737 1926 Auruncos
769 1887 973 1926 deficiunt.
1036 1887 1137 1926 Cum
1168 1888 1373 1926 Auruncis
1405 1889 1555 1927 bellum

116 1958 280 2005 initum;
324 1959 491 2009 fusoque
523 1960 676 2009 ingenti
707 1960 898 2008 exercitu,
931 1961 1000 2010 qui
1032 1974 1073 1998 se
1104 1960 1426 2010 ingredientibus
1457 1961 1556 2000 fines

115 2031 344 2069 consulibus
375 2031 563 2070 ferociter
586 2032 802 2082 obtulerat,
835 2046 949 2070 omne
973 2033 1213 2071 Auruncum
1237 2033 1388 2071 bellum
1412 2033 1555 2072 Pome-

113 2102 212 2141 tiam
237 2103 486 2153 compulsum
513 2107 582 2142 est.
628 2103 712 2143 Nec
743 2105 871 2154 magis
901 2108 992 2155 post
1023 2105 1211 2155 proelium
1241 2119 1360 2155 quam
1387 2106 1429 2143 in
1454 2119 1555 2156 proe-
1573 2106 1596 2141 9

114 2174 169 2213 lio
208 2174 384 2212 caedibus
423 2179 687 2226 temperatum
718 2180 796 2214 est:
838 2180 877 2214 et
909 2178 1002 2215 caesi
1033 2177 1242 2227 aliquanto
1273 2178 1410 2228 plures
1443 2181 1556 2216 erant

115 2258 235 2297 quam
266 2247 386 2297 capti,
419 2252 458 2285 et
489 2252 626 2299 captos
656 2249 803 2299 passim
835 2249 1156 2296 trucidaverunt;
1190 2263 1239 2287 ne
1270 2250 1319 2288 ab
1345 2249 1555 2288 obsidibus

115 2319 291 2369 quidem,
324 2319 393 2369 qui
416 2320 587 2358 trecenti
612 2321 767 2371 accepti
791 2334 954 2359 numero
979 2326 1104 2368 erant,
1136 2322 1196 2359 ira
1221 2321 1321 2359 belli
1344 2322 1553 2360 abstinuit.

115 2389 170 2428 Et
199 2390 274 2429 hoc
305 2403 410 2429 anno
442 2391 582 2430 Romae
612 2392 915 2442 triumphatum.

229 2461 365 2500 Secuti
398 2463 579 2501 consules
610 2463 751 2514 Opiter
781 2465 1015 2515 Verginius,
1050 2464 1120 2515 Sp.
1147 2465 1308 2503 Cassius
1335 2464 1557 2502 Pometiam
1646 2461 1691 2509 17

1572 2526 1609 2552 A.
1620 2534 1647 2552 u.
1662 2533 1687 2552 c.
1702 2528 1758 2552 252

1574 2567 1608 2591 Α.
1629 2567 1680 2593 Ch.
1700 2568 1759 2592 502.

119 2618 218 2655 quos
248 2605 433 2644 Aurunci
478 2607 606 2656 magis
647 2608 726 2645 iam
765 2609 1007 2659 inexpiabili
1042 2609 1137 2647 odio
1171 2621 1291 2657 quam
1323 2620 1393 2656 spe
1425 2607 1600 2657 aliqua2

115 2533 244 2584 primo
282 2535 333 2581 vi,
372 2534 518 2573 deinde
556 2536 684 2574 vineis
723 2537 895 2587 aliisque
927 2538 1116 2588 operibus
1148 2539 1444 2587 oppugnarunt.
1504 2535 1554 2573 In

117 2681 187 2715 aut
216 2678 425 2717 occasione
450 2679 589 2726 coorti,
620 2692 742 2729 quum
768 2681 905 2730 plures
931 2680 1016 2729 igni
1045 2692 1162 2729 quam
1189 2679 1294 2716 ferro
1321 2679 1464 2717 armati
1488 2692 1554 2717 ex-
