1821 2928
926 155 1003 191 XII

251 282 425 304 maxume
462 271 541 305 sine
577 271 682 305 uncis
720 270 807 316 (My.
833 269 914 305 Em.
940 271 1025 314 187)
1070 269 1137 314 IV.
1170 273 1192 306 2
1229 271 1349 314 (Fort.
1386 271 1491 306 scrib.
1527 272 1684 308 vicatim

254 337 358 362 actae.
396 326 477 362 Em.
515 329 584 362 188
620 329 674 371 n.)
714 330 735 362 7
767 329 807 362 in
848 331 1054 372 conspectu
1093 327 1179 371 (cod.
1218 339 1316 363 unus
1351 330 1436 373 rec.)
1473 331 1494 364 9
1529 340 1683 364 movere.

253 383 343 429 (My.
382 384 463 418 Em.
507 386 589 428 188)
626 384 670 423 V,
711 387 753 419 14
798 385 1009 427 (tradidere
1045 384 1185 419 Duker.
1242 385 1368 430 Codd,
1405 386 1525 421 Drak.
1563 386 1684 421 credi-

253 442 359 484 dere)
385 441 449 481 VI,
489 444 509 476 3
542 442 709 485 quietam
746 446 784 475 et
815 446 1061 476 exoneratam
1096 442 1260 477 deducta
1306 443 1346 477 in
1384 444 1552 478 colonias
1590 442 1685 487 (My.

252 498 334 534 Em.
360 499 441 543 188)
468 501 488 533 5
515 499 692 532 deessent
717 498 793 541 (De
817 498 954 533 erroris
975 510 1105 543 yenere
1128 499 1200 534 vicl.
1226 499 1306 535 Em.
1333 501 1388 535 11.
1420 500 1546 535 Aliam
1568 499 1685 535 ratio-

251 566 333 590 nem
356 555 485 590 habere
508 555 655 590 videtur
679 560 935 600 praeterquam
962 555 1029 599 IX,
1053 557 1086 600 8,
1111 557 1161 600 5.)
1201 560 1240 591 11
1281 557 1357 601 (De
1388 557 1686 602 interpunctione

252 612 332 647 Em.
348 614 433 655 189)
448 612 534 657 VH,
559 615 579 646 7
595 614 747 657 (coeptae
763 613 915 657 sintpro
938 617 1071 659 coeptae
1098 618 1185 648 sunt
1206 613 1351 657 Duker)
1367 616 1387 649 9
1402 616 1437 649 et
1450 617 1493 649 10
1507 614 1684 649 adicere?

254 671 362 714 qui..
379 697 386 703 .
404 671 628 713 ascenderit,
665 670 696 703 is
729 680 803 704 non
836 671 1093 714 conspicietur
1113 697 1120 704 .
1135 697 1142 704 .
1159 697 1166 704 .
1190 672 1355 705 caedet..
1371 699 1378 705 .
1401 671 1551 716 capiet‘?
1590 670 1686 716 (My.

252 726 332 761 Em.
359 728 443 771 189)
471 729 509 761 11
535 728 576 761 in
601 737 668 761 om.
695 726 846 769 (chsb.)
871 726 978 766 vm,
1005 730 1024 761 3
1051 728 1219 762 duoviris
1247 727 1364 771 (codd.
1390 730 1532 773 eoecepto
1558 727 1609 762 M,
1635 727 1686 762 In

253 796 322 818 nec
361 788 426 819 aut
465 783 668 828 ferendum
706 783 847 817 videtur
883 784 1148 828 anacoluthon,
1198 785 1330 819 durius
1377 784 1557 820 dissoluta
1604 796 1687 820 ora·

254 840 350 875 tione
375 840 559 875 bimembri
583 840 632 874 acl
656 851 737 875 eum
762 840 915 885 modum,
941 841 982 875 (le
1008 853 1077 886 quo
1103 841 1184 876 diaei
1209 841 1256 876 ad
1279 842 1350 877 Cic.
1367 842 1453 877 Fin.
1472 854 1512 886 p.
1537 842 1636 885 794.)
1660 842 1664 885 Ι

255 897 394 932 adiecit
421 896 513 942 (le.
539 897 619 932 Em.
658 897 743 940 190)
782 899 803 932 6
829 898 960 941 (Scrib.
1000 898 1068 933 vid.
1106 909 1186 933 cum
1223 898 1300 933 edd.
1336 901 1416 933 vett.
1454 899 1686 942 nobilitatis3

257 954 368 988 aliter
393 954 489 988 enim
514 953 662 989 dativus
680 955 841 999 ponitur
867 955 993 989 addito
1019 955 1151 999 verbo.)
1167 958 1187 989 7
1209 956 1330 999 (Fort.
1344 966 1414 991 scr.
1440 960 1686 1001 acceperunt;

252 1017 294 1045 tu
320 1023 367 1045 ne
393 1011 597 1046 fastidieris
634 1013 696 1045 cet.
723 1011 804 1046 Em.
832 1012 916 1055 190)
942 1011 1011 1046 IX.
1038 1014 1058 1047 6
1092 1014 1238 1055 (servus
1269 1013 1360 1047 hero
1395 1013 1545 1058 antique
1575 1012 1688 1057 scrip-

254 1070 330 1103 tum
353 1088 398 1093 —
423 1079 554 1102 seruos
581 1080 644 1102 ero
671 1089 715 1094 —
739 1069 781 1103 in
806 1069 882 1114 ipso
897 1068 1099 1111 Meoestat.)
1127 1072 1169 1104 14
1182 1070 1361 1105 Teretina
1384 1081 1401 1104 e
1426 1069 1686 1105 coniMomm·

252 1125 347 1160 senii
372 1124 419 1166 X,
445 1127 466 1159 2
492 1130 530 1159 et
554 1137 683 1160 muros
720 1126 799 1160 sine
823 1127 930 1161 uncis
956 1126 1045 1171 (My.
1079 1126 1160 1161 Em.
1198 1127 1279 1170 190)
1318 1128 1338 1160 6
1378 1128 1451 1162 alia
1486 1128 1687 1162 molientes

255 1182 458 1225 (Glarean,
483 1181 563 1216 Em.
590 1184 659 1216 190
684 1184 737 1225 n.)
767 1185 808 1217 12
833 1190 1005 1227 paratam
1033 1183 1148 1227 (codd.
1167 1183 1284 1228 pauci
1307 1185 1414 1227 rece.)
1441 1183 1513 1227 XI,
1539 1186 1555 1217 1
1583 1186 1687 1218 sorte

253 1240 353 1274 venit
383 1238 498 1282 (codd.
524 1241 628 1283 recc.)
656 1242 675 1274 3
700 1240 781 1283 suit,
807 1245 848 1273 ut
872 1248 1043 1284 patres..
1059 1266 1066 1273 .
1083 1241 1337 1276 deterruerint
1355 1241 1495 1285 (Gr0n.‚
1521 1240 1602 1275 Em.
1617 1239 1688 1274 190

254 1297 307 1340 n.)
336 1295 446 1341 xm,
472 1299 493 1332 4
517 1297 813 1341 haudquaquam
839 1298 921 1340 pari
949 1296 1040 1341 (My.
1055 1296 1136 1331 Em.
1159 1298 1243 1340 191)
1270 1299 1291 1332 6
1318 1298 1440 1338 (Fort.
1466 1308 1535 1332 scr.
1561 1301 1599 1330 et
1612 1296 1686 1331 for-

253 1358 345 1388 tuna
370 1355 465 1398 ipsa.
490 1354 623 1397 vereri,
649 1366 695 1387 ne
725 1354 805 1387 cui.
824 1354 1052 1388 ..videatun
1084 1353 1166 1388 Em.
1187 1355 1270 1398 191)
1298 1357 1339 1389 14
1366 1354 1585 1399 (cupiditati
1610 1351 1686 1387 cod.

252 1410 364 1451 Port„
392 1410 504 1446 Gron.
532 1410 753 1453 Rell.codd.,
780 1410 898 1444 Drak.
916 1411 1152 1454 cupiditatis)
1167 1411 1268 1454 XJV,
1297 1414 1338 1446 13
1355 1411 1534 1456 (Lacunae
1558 1411 1684 1445 notam

244 1467 376 1512 posuit
400 1467 475 1512 My.
502 1468 582 1503 Em.
608 1468 703 1511 191.)
733 1469 775 1502 18
801 1472 838 1502 et
862 1469 901 1501 in
926 1472 1100 1512 tempore
1125 1469 1205 1504 visa
1219 1468 1314 1513 (Iac.
1335 1469 1452 1504 Periz.
1475 1467 1582 1503 Codd.
1599 1467 1685 1512 fere
1719 1473 1722 1476 ’

253 1528 291 1558 et
315 1528 487 1569 tempore
513 1525 731 1569 improvisa
757 1524 793 1558 P
814 1528 851 1559 et
875 1530 1047 1570 tempore
1072 1526 1110 1559 in
1137 1538 1176 1560 se
1200 1527 1290 1562 visa.
1326 1526 1416 1572 Ipso
1443 1527 1497 1561 est
1518 1526 1686 1560 nostrum

250 1581 335 1625 lige.
359 1592 470 1624 germ.
499 1582 612 1624 eben3
638 1582 706 1625 cfr.
735 1581 842 1615 Corn.
876 1582 999 1626 Pelop.
1024 1584 1074 1626 2.)
1109 1585 1150 1616 21
1185 1588 1222 1617 et
1249 1585 1336 1628 quia
1373 1584 1466 1628 (My.
1492 1582 1573 1617 Em.
1599 1581 1683 1625 191)

252 1636 379 1671 XVII.
407 1640 427 1672 ὃ
454 1638 530 1680 (De
555 1638 689 1682 interp.
715 1637 796 1672 Em.
824 1639 893 1671 192
917 1640 971 1681 n.)
998 1638 1143 1682 XVIII,
1171 1643 1187 1673 1
1214 1640 1315 1674 Dum
1340 1652 1383 1675 ea
1411 1640 1557 1684 (Gron.)
1589 1641 1610 1672 '7
1642 1638 1683 1672 id

252 1699 396 1728 certum
421 1706 564 1738 ponere
600 1695 718 1737 (Crev.
753 1694 860 1729 C'odd.
894 1696 1084 1730 incertum
1116 1698 1276 1740 ponere)
1300 1697 1305 1740 Ι
1327 1697 1573 1740 (disceptatio
1606 1694 1683 1729 edd.

251 1752 357 1793 vett.;
397 1750 444 1785 M
464 1752 692 1796 discepatio3
719 1751 838 1786 Drak.
867 1752 1115 1796 discrepatio)
1155 1755 1196 1787 13
1234 1753 1323 1795 (huc
1349 1753 1451 1788 codd.
1488 1752 1559 1787 duo
1595 1762 1674 1786 recc

252 1807 370 1851 Meli,
419 1808 538 1842 Drak.
576 1809 652 1852 hic)
699 1809 739 1842 14
783 1809 882 1842 bene
927 1809 1108 1843 Hercules
1146 1814 1312 1844 verteret
1355 1810 1523 1854 (interp.)
1574 1807 1683 1851 XIX,

253 1865 270 1897 1
316 1869 559 1908 sperneretur
599 1864 713 1908 (codd.
754 1866 823 1899 tres
860 1866 967 1907 rece.)
1008 1866 1051 1900 16
1090 1868 1209 1909 (sorte
1240 1877 1312 1911 pro
1344 1867 1443 1902 forte
1475 1866 1553 1902 edd.
1589 1867 1683 1908 vett„

255 1920 416 1964 Duker.)
445 1922 486 1956 18
524 1921 591 1964 (Et
618 1921 732 1956 duces
759 1921 841 1955 add.
865 1923 948 1966 post
973 1922 1015 1956 F.
1045 1922 1079 1956 C.
1117 1923 1310 1968 ll'olffium
1339 1925 1465 1959 lVeiss.
1492 1923 1611 1959 Drak.
1629 1951 1634 1956 .
1651 1949 1678 1956 ..

252 1978 427 2021 aequavit.
453 1978 579 2013 Duces
604 1979 850 2022 imperatoria
865 1980 944 2021 cet.)
972 1980 1016 2013 20
1029 1979 1087 2013 his
1101 1979 1186 2022 XX,
1213 1983 1234 2016 8
1259 1982 1360 2015 inter
1384 1982 1477 2016 alios
1493 1979 1681 2025 (M9.Ern.

251 2034 320 2067 192
343 2035 396 2075 n.)
422 2036 464 2068 13
479 2035 642 2069 Statium
655 2035 861 2070 Minacium
877 2035 974 2078 (MP
990 2036 1117 2080 Kloclc,
1132 2037 1196 2081 al.)
1224 2039 1265 2073 15
1287 2038 1411 2081 (Dure
1436 2037 1621 2073 omittitur
1646 2040 1684 2071 et

250 2090 347 2124 inter
380 2092 649 2136 quadringenti
682 2094 717 2126 et
747 2093 906 2136 praeda.)
946 2094 988 2128 16
1019 2095 1344 2139 recipiendasque.
1382 2096 1598 2140 praestituta
1622 2093 1684 2128 die

252 2158 411 2191 quarum
426 2147 582 2191 (Interp.
609 2151 695 2183 mut.
722 2148 803 2183 Em.
830 2149 899 2183 192
920 2151 974 2193 n.)
1001 2150 1108 2184 XXI.
1134 2154 1154 2186 2
1169 2151 1235 2195 (In
1259 2152 1327 2186 hac
1351 2151 1624 2187 enumeratione
1649 2151 1686 2185 et

251 2203 483 2248 copulatione
507 2205 571 2239 vim
595 2205 715 2240 abesse
735 2216 840 2249 posse
865 2206 1009 2241 videtur
1033 2207 1179 2242 verbum
1201 2211 1375 2253 quartum
1405 2208 1453 2243 ad
1477 2208 1683 2253 Eynatium

245 2260 458 2305 pertinens,
483 2261 604 2306 itaque
620 2261 733 2296 Gron.
749 2262 991 2306 probabiliter
1016 2264 1087 2299 cluo
1112 2265 1253 2300 volebat
1275 2276 1347 2300 esse
1372 2265 1553 2300 orationis
1576 2275 1682 2299 mem—

250 2316 334 2351 bra:
357 2318 550 2353 Etruriam
579 2328 683 2352 conc.
709 2319 748 2352 in
775 2331 879 2354 arma
904 2325 942 2354 et
968 2322 1129 2356 Gellium
1144 2347 1151 2354 .
1167 2348 1196 2355 ..
1219 2326 1256 2356 et
1280 2323 1444 2357 Umbros
1468 2348 1475 2355 .
1491 2348 1498 2355 .
1514 2348 1521 2355 .
1543 2333 1681 2356 vocare

252 2378 290 2407 et
304 2373 478 2408 Gallos..
494 2400 501 2406 .
517 2375 734 2409 sollicitare.
762 2375 813 2410 Et
837 2386 864 2409 c.
880 2378 934 2420 18,
956 2378 1047 2412 1-2
1059 2378 1256 2413 consilium
1276 2378 1400 2414 Gallos
1424 2378 1540 2413 socios
1565 2377 1681 2412 adsci—

249 2429 374 2465 scendi
398 2430 561 2475 Egnatio
587 2430 791 2473 tribuitur.)
819 2435 839 2467 6
868 2436 923 2475 (et.
940 2437 1028 2478 post
1052 2435 1260 2470 decernunt
1283 2435 1367 2470 add.
1394 2435 1470 2480 My.
1494 2435 1576 2470 Em.
1601 2435 1681 2477 192,

251 2486 339 2521 Lov.
361 2489 400 2529 4)
428 2490 448 2522 9
476 2487 639 2532 (Siesbye
666 2489 836 2531 coloniis,
856 2490 943 2524 usui
970 2492 1233 2534 convenienter,
1258 2503 1322 2526 nec
1348 2490 1680 2534 obstatXXXVII,

250 2543 296 2576 46
321 2545 424 2586 eoetr„
448 2544 510 2578 ubi
535 2555 599 2579 nec
623 2544 770 2580 dativus
795 2547 849 2580 est
878 2547 914 2579 et
943 2547 1068 2591 agitur
1104 2547 1145 2581 de
1180 2548 1427 2593 supplemento
1459 2549 1680 2591 colonorum,

252 2601 317 2633 αιιί
340 2599 512 2643 XXXII,
535 2602 593 2644 29,
617 2603 667 2645 4.)
700 2603 742 2635 13
780 2602 835 2636 Ob
868 2603 948 2637 haec
982 2612 1015 2638 et
1054 2624 1098 2628 —
1128 2606 1202 2639 iam
1236 2605 1442 2649 adpetebat
1479 2604 1572 2650 (My.
1597 2604 1678 2640 Em.
