<?xml version="1.0" encoding="UTF-8"?>
<!DOCTYPE html PUBLIC "-//W3C//DTD XHTML 1.0 Transitional//EN"
    "http://www.w3.org/TR/xhtml1/DTD/xhtml1-transitional.dtd">
<html xmlns="http://www.w3.org/1999/xhtml" xml:lang="en" lang="en">
 <head>
  <title>
</title>
<meta http-equiv="Content-Type" content="text/html;charset=utf-8" />
  <meta name='ocr-system' content='tesseract 3.04.00' />
  <meta name='ocr-capabilities' content='ocr_page ocr_carea ocr_par ocr_line ocrx_word'/>
</head>
<body>
  <div class='ocr_page' id='page_1' title='image "./historiarumroman01livyuoft_0526.png"; bbox 0 0 1821 2928; ppageno 0'>
   <div class='ocr_carea' id='block_1_1' title="bbox 367 182 1212 224">
    <p class='ocr_par' dir='ltr' id='par_1_1' title="bbox 367 182 1212 224">
     <span class='ocr_line' id='line_1_1' title="bbox 367 182 1212 224; baseline 0.002 -6"><span class='ocrx_word' id='word_1_1' title='bbox 367 182 444 218; x_wconf 77' lang='lat'>170</span> <span class='ocrx_word' id='word_1_2' title='bbox 786 193 875 218; x_wconf 73' lang='lat' dir='ltr'>Liber</span> <span class='ocrx_word' id='word_1_3' title='bbox 893 194 945 219; x_wconf 80' lang='lat' dir='ltr'>ix.</span> <span class='ocrx_word' id='word_1_4' title='bbox 983 194 1031 223; x_wconf 77' lang='grc' dir='ltr'>(Α.</span> <span class='ocrx_word' id='word_1_5' title='bbox 1050 202 1078 219; x_wconf 80' lang='lat' dir='ltr'>u.</span> <span class='ocrx_word' id='word_1_6' title='bbox 1097 202 1122 220; x_wconf 84' lang='lat' dir='ltr'>c.</span> <span class='ocrx_word' id='word_1_7' title='bbox 1141 197 1212 224; x_wconf 75' lang='lat'>440.)</span> 
     </span>
    </p>
   </div>
   <div class='ocr_carea' id='block_1_2' title="bbox 265 306 1738 964">
    <p class='ocr_par' dir='ltr' id='par_1_2' title="bbox 268 306 1737 565">
     <span class='ocr_line' id='line_1_2' title="bbox 268 306 1736 365; baseline 0.008 -24"><span class='ocrx_word' id='word_1_8' title='bbox 268 306 444 342; x_wconf 74' lang='lat' dir='ltr'>“lcautos</span> <span class='ocrx_word' id='word_1_9' title='bbox 483 319 609 355; x_wconf 72' lang='lat' dir='ltr'>posse.</span> <span class='ocrx_word' id='word_1_10' title='bbox 683 307 759 343; x_wconf 85' lang='lat' dir='ltr'>His</span> <span class='ocrx_word' id='word_1_11' title='bbox 791 309 1020 345; x_wconf 84' lang='lat' dir='ltr'>auctoribus</span> <span class='ocrx_word' id='word_1_12' title='bbox 1060 313 1166 347; x_wconf 85' lang='lat' dir='ltr'>mota</span> <span class='ocrx_word' id='word_1_13' title='bbox 1195 312 1358 360; x_wconf 87' lang='lat' dir='ltr'>propius</span> <span class='ocrx_word' id='word_1_14' title='bbox 1390 316 1518 351; x_wconf 78' lang='lat' dir='ltr'>castra</span> <span class='ocrx_word' id='word_1_15' title='bbox 1549 315 1736 365; x_wconf 83' lang='lat' dir='ltr'>missique</span> 
     </span>
     <span class='ocr_line' id='line_1_3' title="bbox 306 374 1737 432; baseline 0.008 -23"><span class='ocrx_word' id='word_1_16' title='bbox 306 374 443 410; x_wconf 85' lang='lat' dir='ltr'>eodem</span> <span class='ocrx_word' id='word_1_17' title='bbox 474 378 650 423; x_wconf 79' lang='lat' dir='ltr'>tempore</span> <span class='ocrx_word' id='word_1_18' title='bbox 683 375 788 412; x_wconf 85' lang='lat' dir='ltr'>circa</span> <span class='ocrx_word' id='word_1_19' title='bbox 818 376 896 413; x_wconf 81' lang='lat' dir='ltr'>tria</span> <span class='ocrx_word' id='word_1_20' title='bbox 927 376 1074 425; x_wconf 82' lang='lat' dir='ltr'>oppida</span> <span class='ocrx_word' id='word_1_21' title='bbox 1105 378 1263 426; x_wconf 86' lang='lat' dir='ltr'>milites,</span> <span class='ocrx_word' id='word_1_22' title='bbox 1302 380 1447 429; x_wconf 87' lang='lat' dir='ltr'>partim</span> <span class='ocrx_word' id='word_1_23' title='bbox 1486 383 1638 429; x_wconf 82' lang='lat' dir='ltr'>armati,</span> <span class='ocrx_word' id='word_1_24' title='bbox 1669 384 1737 432; x_wconf 91' lang='lat' dir='ltr'>qui</span> 
     </span>
     <span class='ocr_line' id='line_1_4' title="bbox 305 441 1736 498; baseline 0.008 -21"><span class='ocrx_word' id='word_1_25' title='bbox 305 441 450 478; x_wconf 76' lang='lat' dir='ltr'>occulti</span> <span class='ocrx_word' id='word_1_26' title='bbox 480 443 704 492; x_wconf 81' lang='lat' dir='ltr'>propinqua</span> <span class='ocrx_word' id='word_1_27' title='bbox 729 444 922 481; x_wconf 81' lang='lat' dir='ltr'>moenibus</span> <span class='ocrx_word' id='word_1_28' title='bbox 948 445 1167 482; x_wconf 77' lang='lat' dir='ltr'><strong>insiderent</strong></span> <span class='ocrx_word' id='word_1_29' title='bbox 1191 446 1287 493; x_wconf 67' lang='lat' dir='ltr'>loca,</span> <span class='ocrx_word' id='word_1_30' title='bbox 1303 448 1449 497; x_wconf 88' lang='lat' dir='ltr'>partim</span> <span class='ocrx_word' id='word_1_31' title='bbox 1464 450 1604 498; x_wconf 86' lang='lat' dir='ltr'>togati,</span> <span class='ocrx_word' id='word_1_32' title='bbox 1620 450 1736 488; x_wconf 87' lang='lat' dir='ltr'>tectis</span> 
     </span>
     <span class='ocr_line' id='line_1_5' title="bbox 305 509 1736 565; baseline 0.008 -21"><span class='ocrx_word' id='word_1_33' title='bbox 305 513 413 545; x_wconf 76' lang='lat' dir='ltr'>veste</span> <span class='ocrx_word' id='word_1_34' title='bbox 439 509 601 557; x_wconf 50' lang='lat' dir='ltr'>gladiis,</span> <span class='ocrx_word' id='word_1_35' title='bbox 627 513 695 560; x_wconf 91' lang='lat' dir='ltr'>qui</span> <span class='ocrx_word' id='word_1_36' title='bbox 719 512 791 548; x_wconf 89' lang='lat' dir='ltr'>sub</span> <span class='ocrx_word' id='word_1_37' title='bbox 817 511 944 549; x_wconf 88' lang='lat' dir='ltr'>lucem</span> <span class='ocrx_word' id='word_1_38' title='bbox 971 514 1118 561; x_wconf 80' lang='lat' dir='ltr'>apertis</span> <span class='ocrx_word' id='word_1_39' title='bbox 1145 515 1269 562; x_wconf 85' lang='lat' dir='ltr'>portis</span> <span class='ocrx_word' id='word_1_40' title='bbox 1287 515 1404 551; x_wconf 81' lang='lat' dir='ltr'>urbes</span> <span class='ocrx_word' id='word_1_41' title='bbox 1422 516 1736 565; x_wconf 74' lang='lat' dir='ltr'>ingrederentur.</span> 
     </span>
    </p>

    <p class='ocr_par' dir='ltr' id='par_1_3' title="bbox 265 576 1737 702">
     <span class='ocr_line' id='line_1_6' title="bbox 265 576 1737 634; baseline 0.007 -22"><span class='ocrx_word' id='word_1_42' title='bbox 265 576 373 613; x_wconf 81' lang='lat' dir='ltr'>8Ab</span> <span class='ocrx_word' id='word_1_43' title='bbox 413 577 474 613; x_wconf 79' lang='lat' dir='ltr'>his</span> <span class='ocrx_word' id='word_1_44' title='bbox 512 578 629 614; x_wconf 79' lang='lat' dir='ltr'>simul</span> <span class='ocrx_word' id='word_1_45' title='bbox 668 579 849 616; x_wconf 83' lang='lat' dir='ltr'>custodes</span> <span class='ocrx_word' id='word_1_46' title='bbox 879 580 1073 617; x_wconf 85' lang='lat' dir='ltr'>trucidari</span> <span class='ocrx_word' id='word_1_47' title='bbox 1105 582 1234 630; x_wconf 71' lang='lat' dir='ltr'>empti,</span> <span class='ocrx_word' id='word_1_48' title='bbox 1265 583 1382 620; x_wconf 91' lang='lat' dir='ltr'>simul</span> <span class='ocrx_word' id='word_1_49' title='bbox 1413 583 1549 621; x_wconf 87' lang='lat' dir='ltr'>datum</span> <span class='ocrx_word' id='word_1_50' title='bbox 1581 585 1737 634; x_wconf 83' lang='lat' dir='ltr'>signum</span> 
     </span>
     <span class='ocr_line' id='line_1_7' title="bbox 304 645 1736 702; baseline 0.007 -22"><span class='ocrx_word' id='word_1_51' title='bbox 304 645 479 691; x_wconf 80' lang='lat' dir='ltr'>armatis,</span> <span class='ocrx_word' id='word_1_52' title='bbox 520 650 564 682; x_wconf 89' lang='lat' dir='ltr'>ut</span> <span class='ocrx_word' id='word_1_53' title='bbox 606 660 652 682; x_wconf 79' lang='lat' dir='ltr'>cx</span> <span class='ocrx_word' id='word_1_54' title='bbox 689 647 844 684; x_wconf 87' lang='lat' dir='ltr'>insidiis</span> <span class='ocrx_word' id='word_1_55' title='bbox 894 654 1184 686; x_wconf 72' lang='lat' dir='ltr'><strong>concurrerent.</strong></span> <span class='ocrx_word' id='word_1_56' title='bbox 1257 649 1322 687; x_wconf 79' lang='lat' dir='ltr'>Ita</span> <span class='ocrx_word' id='word_1_57' title='bbox 1361 655 1485 700; x_wconf 86' lang='lat' dir='ltr'>portae</span> <span class='ocrx_word' id='word_1_58' title='bbox 1524 657 1736 702; x_wconf 65' lang='lat' dir='ltr'>occupatae,</span> 
     </span>
    </p>

    <p class='ocr_par' dir='ltr' id='par_1_4' title="bbox 269 712 1738 964">
     <span class='ocr_line' id='line_1_8' title="bbox 269 712 1738 770; baseline 0.007 -22"><span class='ocrx_word' id='word_1_59' title='bbox 269 715 289 747; x_wconf 66' lang='grc'><strong>9</strong></span> <span class='ocrx_word' id='word_1_60' title='bbox 306 712 462 760; x_wconf 80' lang='lat' dir='ltr'>triaque</span> <span class='ocrx_word' id='word_1_61' title='bbox 495 714 641 762; x_wconf 84' lang='lat' dir='ltr'>oppida</span> <span class='ocrx_word' id='word_1_62' title='bbox 673 715 807 752; x_wconf 88' lang='lat' dir='ltr'>eadem</span> <span class='ocrx_word' id='word_1_63' title='bbox 840 716 935 753; x_wconf 78' lang='lat' dir='ltr'>liora</span> <span class='ocrx_word' id='word_1_64' title='bbox 963 717 1177 765; x_wconf 76' lang='lat' dir='ltr'>eodemque</span> <span class='ocrx_word' id='word_1_65' title='bbox 1204 718 1369 755; x_wconf 85' lang='lat' dir='ltr'>consilio</span> <span class='ocrx_word' id='word_1_66' title='bbox 1395 723 1527 768; x_wconf 79' lang='lat' dir='ltr'>capta3</span> <span class='ocrx_word' id='word_1_67' title='bbox 1558 721 1627 758; x_wconf 89' lang='lat' dir='ltr'>sed</span> <span class='ocrx_word' id='word_1_68' title='bbox 1645 721 1738 770; x_wconf 84' lang='lat' dir='ltr'>quia</span> 
     </span>
     <span class='ocr_line' id='line_1_9' title="bbox 306 779 1736 833; baseline 0.006 -17"><span class='ocrx_word' id='word_1_69' title='bbox 306 779 539 817; x_wconf 72' lang='lat' dir='ltr'>absentibus</span> <span class='ocrx_word' id='word_1_70' title='bbox 571 781 738 820; x_wconf 84' lang='lat' dir='ltr'>ducibus</span> <span class='ocrx_word' id='word_1_71' title='bbox 769 784 940 833; x_wconf 82' lang='lat' dir='ltr'>impetus</span> <span class='ocrx_word' id='word_1_72' title='bbox 973 787 1030 820; x_wconf 86' lang='lat' dir='ltr'>est</span> <span class='ocrx_word' id='word_1_73' title='bbox 1062 785 1200 831; x_wconf 70' lang='lat' dir='ltr'>factus,</span> <span class='ocrx_word' id='word_1_74' title='bbox 1232 786 1367 822; x_wconf 83' lang='lat' dir='ltr'>nullus</span> <span class='ocrx_word' id='word_1_75' title='bbox 1398 787 1536 824; x_wconf 87' lang='lat' dir='ltr'>modus</span> <span class='ocrx_word' id='word_1_76' title='bbox 1561 787 1736 825; x_wconf 83' lang='lat' dir='ltr'>caedibus</span> 
     </span>
     <span class='ocr_line' id='line_1_10' title="bbox 305 848 1737 903; baseline 0.006 -19"><span class='ocrx_word' id='word_1_77' title='bbox 305 848 391 887; x_wconf 78' lang='lat' dir='ltr'>fuit.</span> <span class='ocrx_word' id='word_1_78' title='bbox 423 849 631 899; x_wconf 89' lang='lat' dir='ltr'>deletaque</span> <span class='ocrx_word' id='word_1_79' title='bbox 664 851 873 889; x_wconf 82' lang='lat' dir='ltr'>Ausonum</span> <span class='ocrx_word' id='word_1_80' title='bbox 913 865 1008 900; x_wconf 82' lang='lat' dir='ltr'>gens</span> <span class='ocrx_word' id='word_1_81' title='bbox 1049 853 1114 889; x_wconf 81' lang='lat' dir='ltr'>vix</span> <span class='ocrx_word' id='word_1_82' title='bbox 1152 856 1258 890; x_wconf 83' lang='lat' dir='ltr'>certo</span> <span class='ocrx_word' id='word_1_83' title='bbox 1299 853 1530 892; x_wconf 85' lang='lat' dir='ltr'>defectionis</span> <span class='ocrx_word' id='word_1_84' title='bbox 1562 855 1737 903; x_wconf 87' lang='lat' dir='ltr'>crimine,</span> 
     </span>
     <span class='ocr_line' id='line_1_11' title="bbox 305 917 1255 964; baseline 0.006 -12"><span class='ocrx_word' id='word_1_85' title='bbox 305 917 470 964; x_wconf 77' lang='lat' dir='ltr'>perinde</span> <span class='ocrx_word' id='word_1_86' title='bbox 501 931 545 954; x_wconf 89' lang='lat' dir='ltr'>ac</span> <span class='ocrx_word' id='word_1_87' title='bbox 577 919 609 954; x_wconf 85' lang='lat' dir='ltr'>si</span> <span class='ocrx_word' id='word_1_88' title='bbox 641 919 885 957; x_wconf 83' lang='lat' dir='ltr'>internecivo</span> <span class='ocrx_word' id='word_1_89' title='bbox 917 921 1022 957; x_wconf 89' lang='lat' dir='ltr'>bello</span> <span class='ocrx_word' id='word_1_90' title='bbox 1055 923 1255 958; x_wconf 81' lang='lat' dir='ltr'>certasset.</span> 
     </span>
    </p>
   </div>
   <div class='ocr_carea' id='block_1_3' title="bbox 175 978 230 1025">
    <p class='ocr_par' dir='ltr' id='par_1_5' title="bbox 175 978 230 1025">
     <span class='ocr_line' id='line_1_12' title="bbox 175 978 201 1024; textangle 90"><span class='ocrx_word' id='word_1_91' title='bbox 175 978 201 1024; x_wconf 55' lang='lat' dir='ltr'>Na</span> 
     </span>
     <span class='ocr_line' id='line_1_13' title="bbox 207 979 230 1025; textangle 90"><span class='ocrx_word' id='word_1_92' title='bbox 207 979 230 1025; x_wconf 54' lang='grc' dir='ltr'>Εἴ</span> 
     </span>
    </p>
   </div>
   <div class='ocr_carea' id='block_1_4' title="bbox 266 985 1741 2670">
    <p class='ocr_par' dir='ltr' id='par_1_6' title="bbox 266 985 1741 2670">
     <span class='ocr_line' id='line_1_14' title="bbox 421 985 1738 1039; baseline 0.005 -18"><span class='ocrx_word' id='word_1_93' title='bbox 421 985 571 1022; x_wconf 84' lang='lat' dir='ltr'>Eodem</span> <span class='ocrx_word' id='word_1_94' title='bbox 603 1000 718 1033; x_wconf 71' lang='lat' dir='ltr'>anno,</span> <span class='ocrx_word' id='word_1_95' title='bbox 748 988 907 1036; x_wconf 88' lang='lat' dir='ltr'>prodito</span> <span class='ocrx_word' id='word_1_96' title='bbox 940 988 1121 1025; x_wconf 74' lang='lat' dir='ltr'>hostibus</span> <span class='ocrx_word' id='word_1_97' title='bbox 1139 988 1319 1027; x_wconf 83' lang='lat' dir='ltr'>Romano</span> <span class='ocrx_word' id='word_1_98' title='bbox 1345 990 1542 1039; x_wconf 80' lang='lat' dir='ltr'>praesidio,</span> <span class='ocrx_word' id='word_1_99' title='bbox 1568 990 1738 1028; x_wconf 84' lang='lat' dir='ltr'>Luceria</span> 
     </span>
     <span class='ocr_line' id='line_1_15' title="bbox 306 1049 1738 1107; baseline 0.006 -20"><span class='ocrx_word' id='word_1_100' title='bbox 306 1049 543 1089; x_wconf 70' lang='lat' dir='ltr'>Samnitium</span> <span class='ocrx_word' id='word_1_101' title='bbox 590 1054 711 1100; x_wconf 60' lang='lat' dir='ltr'>factm</span> <span class='ocrx_word' id='word_1_102' title='bbox 757 1070 827 1093; x_wconf 90' lang='lat' dir='ltr'>nec</span> <span class='ocrx_word' id='word_1_103' title='bbox 873 1056 941 1093; x_wconf 89' lang='lat' dir='ltr'>diu</span> <span class='ocrx_word' id='word_1_104' title='bbox 989 1057 1262 1105; x_wconf 71' lang='lat' dir='ltr'>proditoribus</span> <span class='ocrx_word' id='word_1_105' title='bbox 1302 1057 1500 1107; x_wconf 87' lang='lat' dir='ltr'>impunita</span> <span class='ocrx_word' id='word_1_106' title='bbox 1543 1071 1606 1096; x_wconf 89' lang='lat' dir='ltr'>res</span> <span class='ocrx_word' id='word_1_107' title='bbox 1651 1059 1738 1096; x_wconf 75' lang='lat' dir='ltr'>fuit.</span> 
     </span>
     <span class='ocr_line' id='line_1_16' title="bbox 266 1120 1739 1176; baseline 0.006 -21"><span class='ocrx_word' id='word_1_108' title='bbox 266 1120 288 1155; x_wconf 70' lang='lat'><em>2</em></span> <span class='ocrx_word' id='word_1_109' title='bbox 307 1120 428 1157; x_wconf 76' lang='lat' dir='ltr'>Haud</span> <span class='ocrx_word' id='word_1_110' title='bbox 459 1122 598 1170; x_wconf 83' lang='lat' dir='ltr'>procul</span> <span class='ocrx_word' id='word_1_111' title='bbox 629 1122 721 1159; x_wconf 86' lang='lat' dir='ltr'>inde</span> <span class='ocrx_word' id='word_1_112' title='bbox 744 1125 937 1161; x_wconf 80' lang='lat' dir='ltr'>exercitus</span> <span class='ocrx_word' id='word_1_113' title='bbox 954 1125 1158 1161; x_wconf 80' lang='lat' dir='ltr'>Romanus</span> <span class='ocrx_word' id='word_1_114' title='bbox 1185 1129 1282 1171; x_wconf 87' lang='lat' dir='ltr'>erat,</span> <span class='ocrx_word' id='word_1_115' title='bbox 1305 1126 1414 1162; x_wconf 91' lang='lat' dir='ltr'>cuius</span> <span class='ocrx_word' id='word_1_116' title='bbox 1437 1126 1565 1175; x_wconf 87' lang='lat' dir='ltr'>primo</span> <span class='ocrx_word' id='word_1_117' title='bbox 1589 1126 1739 1176; x_wconf 86' lang='lat' dir='ltr'>impetu</span> 
     </span>
     <span class='ocr_line' id='line_1_17' title="bbox 305 1188 1737 1241; baseline 0.005 -17"><span class='ocrx_word' id='word_1_118' title='bbox 305 1188 400 1224; x_wconf 86' lang='lat' dir='ltr'>urbs</span> <span class='ocrx_word' id='word_1_119' title='bbox 432 1190 506 1225; x_wconf 77' lang='lat' dir='ltr'>sita</span> <span class='ocrx_word' id='word_1_120' title='bbox 538 1190 579 1226; x_wconf 91' lang='lat' dir='ltr'>in</span> <span class='ocrx_word' id='word_1_121' title='bbox 609 1191 729 1240; x_wconf 80' lang='lat' dir='ltr'>plano</span> <span class='ocrx_word' id='word_1_122' title='bbox 763 1193 928 1241; x_wconf 83' lang='lat' dir='ltr'>capitur.</span> <span class='ocrx_word' id='word_1_123' title='bbox 996 1192 1183 1229; x_wconf 85' lang='lat' dir='ltr'>Lucerini</span> <span class='ocrx_word' id='word_1_124' title='bbox 1224 1206 1267 1229; x_wconf 87' lang='lat' dir='ltr'>ac</span> <span class='ocrx_word' id='word_1_125' title='bbox 1308 1192 1504 1230; x_wconf 79' lang='lat' dir='ltr'>Samnites</span> <span class='ocrx_word' id='word_1_126' title='bbox 1536 1194 1586 1231; x_wconf 88' lang='lat' dir='ltr'>ad</span> <span class='ocrx_word' id='word_1_127' title='bbox 1617 1195 1737 1232; x_wconf 87' lang='lat' dir='ltr'>inter-</span> 
     </span>
     <span class='ocr_line' id='line_1_18' title="bbox 267 1256 1737 1311; baseline 0.006 -20"><span class='ocrx_word' id='word_1_128' title='bbox 267 1256 509 1294; x_wconf 77' lang='lat' dir='ltr'>3necionem</span> <span class='ocrx_word' id='word_1_129' title='bbox 542 1259 650 1301; x_wconf 79' lang='lat' dir='ltr'>caesi;</span> <span class='ocrx_word' id='word_1_130' title='bbox 689 1273 811 1309; x_wconf 86' lang='lat' dir='ltr'>eoque</span> <span class='ocrx_word' id='word_1_131' title='bbox 852 1261 910 1297; x_wconf 64' lang='lat' dir='ltr'>ira</span> <span class='ocrx_word' id='word_1_132' title='bbox 941 1261 1145 1310; x_wconf 70' lang='lat' dir='ltr'>processit,</span> <span class='ocrx_word' id='word_1_133' title='bbox 1175 1265 1220 1297; x_wconf 84' lang='lat' dir='ltr'>ut</span> <span class='ocrx_word' id='word_1_134' title='bbox 1250 1261 1387 1298; x_wconf 85' lang='lat' dir='ltr'>Romae</span> <span class='ocrx_word' id='word_1_135' title='bbox 1419 1275 1586 1311; x_wconf 86' lang='lat' dir='ltr'>quoque,</span> <span class='ocrx_word' id='word_1_136' title='bbox 1617 1275 1737 1311; x_wconf 88' lang='lat' dir='ltr'>quum</span> 
     </span>
     <span class='ocr_line' id='line_1_19' title="bbox 307 1324 1739 1376; baseline 0.005 -16"><span class='ocrx_word' id='word_1_137' title='bbox 307 1324 355 1360; x_wconf 84' lang='lat' dir='ltr'>de</span> <span class='ocrx_word' id='word_1_138' title='bbox 401 1325 553 1363; x_wconf 86' lang='lat' dir='ltr'>colonis</span> <span class='ocrx_word' id='word_1_139' title='bbox 599 1327 802 1365; x_wconf 76' lang='lat' dir='ltr'>mittendis</span> <span class='ocrx_word' id='word_1_140' title='bbox 848 1328 1058 1366; x_wconf 82' lang='lat' dir='ltr'>Luceriam</span> <span class='ocrx_word' id='word_1_141' title='bbox 1097 1329 1368 1366; x_wconf 84' lang='lat' dir='ltr'>consuleretur</span> <span class='ocrx_word' id='word_1_142' title='bbox 1409 1334 1579 1376; x_wconf 81' lang='lat' dir='ltr'>senatus,</span> <span class='ocrx_word' id='word_1_143' title='bbox 1625 1330 1739 1368; x_wconf 87' lang='lat' dir='ltr'>multi</span> 
     </span>
     <span class='ocr_line' id='line_1_20' title="bbox 267 1390 1738 1447; baseline 0.005 -19"><span class='ocrx_word' id='word_1_144' title='bbox 267 1390 517 1430; x_wconf 80' lang='lat' dir='ltr'>4delendam</span> <span class='ocrx_word' id='word_1_145' title='bbox 546 1395 685 1432; x_wconf 86' lang='lat' dir='ltr'>urbem</span> <span class='ocrx_word' id='word_1_146' title='bbox 716 1402 931 1434; x_wconf 81' lang='lat' dir='ltr'>censerent.</span> <span class='ocrx_word' id='word_1_147' title='bbox 996 1397 1151 1434; x_wconf 86' lang='lat' dir='ltr'>Praeter</span> <span class='ocrx_word' id='word_1_148' title='bbox 1183 1397 1329 1444; x_wconf 85' lang='lat' dir='ltr'>odium,</span> <span class='ocrx_word' id='word_1_149' title='bbox 1361 1398 1467 1447; x_wconf 89' lang='lat' dir='ltr'>quod</span> <span class='ocrx_word' id='word_1_150' title='bbox 1497 1397 1738 1435; x_wconf 82' lang='lat' dir='ltr'>exsecrabile</span> 
     </span>
     <span class='ocr_line' id='line_1_21' title="bbox 306 1460 1738 1515; baseline 0.005 -19"><span class='ocrx_word' id='word_1_151' title='bbox 306 1460 347 1496; x_wconf 91' lang='lat' dir='ltr'>in</span> <span class='ocrx_word' id='word_1_152' title='bbox 377 1461 439 1498; x_wconf 89' lang='lat' dir='ltr'>bis</span> <span class='ocrx_word' id='word_1_153' title='bbox 472 1467 608 1511; x_wconf 85' lang='lat' dir='ltr'>captos</span> <span class='ocrx_word' id='word_1_154' title='bbox 640 1468 736 1511; x_wconf 73' lang='lat' dir='ltr'>erat,</span> <span class='ocrx_word' id='word_1_155' title='bbox 768 1465 1040 1515; x_wconf 81' lang='lat' dir='ltr'>longinquitas</span> <span class='ocrx_word' id='word_1_156' title='bbox 1065 1477 1221 1514; x_wconf 87' lang='lat' dir='ltr'>quoque</span> <span class='ocrx_word' id='word_1_157' title='bbox 1244 1465 1738 1514; x_wconf 83' lang='lat' dir='ltr'>abhorrerearelegandis</span> 
     </span>
     <span class='ocr_line' id='line_1_22' title="bbox 307 1531 1738 1582; baseline 0.005 -19"><span class='ocrx_word' id='word_1_158' title='bbox 307 1532 386 1564; x_wconf 86' lang='lat' dir='ltr'>tam</span> <span class='ocrx_word' id='word_1_159' title='bbox 419 1531 557 1578; x_wconf 88' lang='lat' dir='ltr'>procul</span> <span class='ocrx_word' id='word_1_160' title='bbox 599 1531 649 1569; x_wconf 85' lang='lat' dir='ltr'>ab</span> <span class='ocrx_word' id='word_1_161' title='bbox 682 1533 798 1570; x_wconf 89' lang='lat' dir='ltr'>domo</span> <span class='ocrx_word' id='word_1_162' title='bbox 836 1533 988 1570; x_wconf 86' lang='lat' dir='ltr'>civibus</span> <span class='ocrx_word' id='word_1_163' title='bbox 1019 1533 1123 1570; x_wconf 84' lang='lat' dir='ltr'>inter</span> <span class='ocrx_word' id='word_1_164' title='bbox 1151 1536 1233 1570; x_wconf 88' lang='lat' dir='ltr'>tam</span> <span class='ocrx_word' id='word_1_165' title='bbox 1263 1533 1427 1570; x_wconf 86' lang='lat' dir='ltr'>infestas</span> <span class='ocrx_word' id='word_1_166' title='bbox 1458 1536 1595 1582; x_wconf 85' lang='lat' dir='ltr'>gentes</span> <span class='ocrx_word' id='word_1_167' title='bbox 1625 1546 1738 1582; x_wconf 85' lang='lat' dir='ltr'>coge-</span> 
     </span>
     <span class='ocr_line' id='line_1_23' title="bbox 269 1593 1739 1648; baseline 0.005 -17"><span class='ocrx_word' id='word_1_168' title='bbox 269 1593 292 1629; x_wconf 81' lang='grc'>5</span> <span class='ocrx_word' id='word_1_169' title='bbox 310 1596 388 1633; x_wconf 83' lang='lat' dir='ltr'>bat.</span> <span class='ocrx_word' id='word_1_170' title='bbox 449 1598 559 1635; x_wconf 84' lang='lat' dir='ltr'>Vicit</span> <span class='ocrx_word' id='word_1_171' title='bbox 588 1604 720 1637; x_wconf 89' lang='lat' dir='ltr'>tamen</span> <span class='ocrx_word' id='word_1_172' title='bbox 752 1601 958 1647; x_wconf 83' lang='lat' dir='ltr'>sententia,</span> <span class='ocrx_word' id='word_1_173' title='bbox 989 1604 1033 1638; x_wconf 89' lang='lat' dir='ltr'>ut</span> <span class='ocrx_word' id='word_1_174' title='bbox 1063 1602 1315 1638; x_wconf 87' lang='lat' dir='ltr'>mitterentur</span> <span class='ocrx_word' id='word_1_175' title='bbox 1339 1600 1488 1648; x_wconf 88' lang='lat' dir='ltr'>coloni;</span> <span class='ocrx_word' id='word_1_176' title='bbox 1519 1601 1596 1639; x_wconf 92' lang='lat' dir='ltr'>duo</span> <span class='ocrx_word' id='word_1_177' title='bbox 1613 1601 1739 1638; x_wconf 85' lang='lat' dir='ltr'>millia</span> 
     </span>
     <span class='ocr_line' id='line_1_24' title="bbox 309 1666 738 1713; baseline 0.012 -13"><span class='ocrx_word' id='word_1_178' title='bbox 309 1667 347 1700; x_wconf 88' lang='lat' dir='ltr'>et</span> <span class='ocrx_word' id='word_1_179' title='bbox 379 1666 587 1713; x_wconf 81' lang='lat' dir='ltr'>quingenti</span> <span class='ocrx_word' id='word_1_180' title='bbox 619 1669 738 1705; x_wconf 84' lang='lat' dir='ltr'>missi.</span> 
     </span>
     <span class='ocr_line' id='line_1_25' title="bbox 423 1733 1738 1785; baseline 0.002 -16"><span class='ocrx_word' id='word_1_181' title='bbox 423 1733 572 1770; x_wconf 79' lang='lat' dir='ltr'>Eodem</span> <span class='ocrx_word' id='word_1_182' title='bbox 606 1749 721 1782; x_wconf 75' lang='lat' dir='ltr'>anno,</span> <span class='ocrx_word' id='word_1_183' title='bbox 752 1749 873 1785; x_wconf 88' lang='lat' dir='ltr'>quum</span> <span class='ocrx_word' id='word_1_184' title='bbox 905 1737 1036 1774; x_wconf 89' lang='lat' dir='ltr'>omnia</span> <span class='ocrx_word' id='word_1_185' title='bbox 1066 1735 1187 1773; x_wconf 88' lang='lat' dir='ltr'>infida</span> <span class='ocrx_word' id='word_1_186' title='bbox 1202 1736 1393 1773; x_wconf 83' lang='lat' dir='ltr'>Romanis</span> <span class='ocrx_word' id='word_1_187' title='bbox 1425 1739 1566 1782; x_wconf 85' lang='lat' dir='ltr'>essent,</span> <span class='ocrx_word' id='word_1_188' title='bbox 1593 1735 1738 1784; x_wconf 84' lang='lat' dir='ltr'>Capuae</span> 
     </span>
     <span class='ocr_line' id='line_1_26' title="bbox 269 1798 1737 1854; baseline 0.004 -20"><span class='ocrx_word' id='word_1_189' title='bbox 269 1798 467 1850; x_wconf 69' lang='lat' dir='ltr'>(iquoque</span> <span class='ocrx_word' id='word_1_190' title='bbox 506 1803 670 1840; x_wconf 84' lang='lat' dir='ltr'>occultae</span> <span class='ocrx_word' id='word_1_191' title='bbox 709 1805 933 1854; x_wconf 88' lang='lat' dir='ltr'>principum</span> <span class='ocrx_word' id='word_1_192' title='bbox 971 1804 1262 1841; x_wconf 82' lang='lat' dir='ltr'>coniurationes</span> <span class='ocrx_word' id='word_1_193' title='bbox 1300 1804 1426 1841; x_wconf 83' lang='lat' dir='ltr'>factae.</span> <span class='ocrx_word' id='word_1_194' title='bbox 1499 1803 1563 1841; x_wconf 89' lang='lat' dir='ltr'>De</span> <span class='ocrx_word' id='word_1_195' title='bbox 1595 1803 1737 1852; x_wconf 88' lang='lat' dir='ltr'>quibus</span> 
     </span>
     <span class='ocr_line' id='line_1_27' title="bbox 309 1869 1737 1921; baseline 0.004 -18"><span class='ocrx_word' id='word_1_196' title='bbox 309 1881 430 1916; x_wconf 88' lang='lat' dir='ltr'>quum</span> <span class='ocrx_word' id='word_1_197' title='bbox 461 1869 511 1906; x_wconf 89' lang='lat' dir='ltr'>ad</span> <span class='ocrx_word' id='word_1_198' title='bbox 542 1874 723 1908; x_wconf 89' lang='lat' dir='ltr'>senatum</span> <span class='ocrx_word' id='word_1_199' title='bbox 754 1872 923 1910; x_wconf 82' lang='lat' dir='ltr'>relatum</span> <span class='ocrx_word' id='word_1_200' title='bbox 954 1875 1066 1919; x_wconf 83' lang='lat' dir='ltr'>esset,</span> <span class='ocrx_word' id='word_1_201' title='bbox 1103 1871 1415 1921; x_wconf 79' lang='lat' dir='ltr'>haudquaquam</span> <span class='ocrx_word' id='word_1_202' title='bbox 1445 1872 1628 1920; x_wconf 87' lang='lat' dir='ltr'>neglecta</span> <span class='ocrx_word' id='word_1_203' title='bbox 1657 1884 1737 1917; x_wconf 77' lang='lat' dir='ltr'>res;</span> 
     </span>
     <span class='ocr_line' id='line_1_28' title="bbox 309 1937 1739 1989; baseline 0.002 -17"><span class='ocrx_word' id='word_1_204' title='bbox 309 1937 547 1985; x_wconf 63' lang='lat' dir='ltr'>quaestiones</span> <span class='ocrx_word' id='word_1_205' title='bbox 589 1939 774 1986; x_wconf 67' lang='lat' dir='ltr'>decretae,</span> <span class='ocrx_word' id='word_1_206' title='bbox 822 1941 1135 1989; x_wconf 82' lang='lat' dir='ltr'>dictatoremque</span> <span class='ocrx_word' id='word_1_207' title='bbox 1180 1939 1466 1989; x_wconf 83' lang='lat' dir='ltr'>quaestionibus</span> <span class='ocrx_word' id='word_1_208' title='bbox 1512 1937 1739 1984; x_wconf 81' lang='lat' dir='ltr'>exercendis</span> 
     </span>
     <span class='ocr_line' id='line_1_29' title="bbox 272 2003 1736 2055; baseline 0.003 -16"><span class='ocrx_word' id='word_1_209' title='bbox 272 2003 390 2041; x_wconf 80' lang='lat' dir='ltr'>7dici</span> <span class='ocrx_word' id='word_1_210' title='bbox 428 2005 589 2054; x_wconf 56' lang='lat' dir='ltr'>placuit.</span> <span class='ocrx_word' id='word_1_211' title='bbox 664 2007 705 2045; x_wconf 84' lang='lat' dir='ltr'>C.</span> <span class='ocrx_word' id='word_1_212' title='bbox 746 2009 913 2046; x_wconf 73' lang='lat' dir='ltr'>Maenius</span> <span class='ocrx_word' id='word_1_213' title='bbox 952 2009 1102 2054; x_wconf 75' lang='lat' dir='ltr'>dictus3</span> <span class='ocrx_word' id='word_1_214' title='bbox 1143 2008 1175 2045; x_wconf 88' lang='lat' dir='ltr'>is</span> <span class='ocrx_word' id='word_1_215' title='bbox 1215 2007 1270 2045; x_wconf 90' lang='lat' dir='ltr'>M.</span> <span class='ocrx_word' id='word_1_216' title='bbox 1302 2008 1462 2045; x_wconf 82' lang='lat' dir='ltr'>Folium</span> <span class='ocrx_word' id='word_1_217' title='bbox 1502 2007 1736 2055; x_wconf 85' lang='lat' dir='ltr'>magistrum</span> 
     </span>
     <span class='ocr_line' id='line_1_30' title="bbox 311 2073 1739 2125; baseline 0.004 -18"><span class='ocrx_word' id='word_1_218' title='bbox 311 2073 488 2120; x_wconf 86' lang='lat' dir='ltr'>equitum</span> <span class='ocrx_word' id='word_1_219' title='bbox 520 2074 631 2112; x_wconf 85' lang='lat' dir='ltr'>dixit.</span> <span class='ocrx_word' id='word_1_220' title='bbox 690 2076 836 2125; x_wconf 86' lang='lat' dir='ltr'>Ingens</span> <span class='ocrx_word' id='word_1_221' title='bbox 868 2080 951 2114; x_wconf 89' lang='lat' dir='ltr'>erat</span> <span class='ocrx_word' id='word_1_222' title='bbox 982 2077 1238 2125; x_wconf 79' lang='lat' dir='ltr'>magistratus</span> <span class='ocrx_word' id='word_1_223' title='bbox 1270 2076 1354 2113; x_wconf 90' lang='lat' dir='ltr'>eius</span> <span class='ocrx_word' id='word_1_224' title='bbox 1383 2078 1524 2113; x_wconf 86' lang='lat' dir='ltr'>terror.</span> <span class='ocrx_word' id='word_1_225' title='bbox 1620 2078 1739 2123; x_wconf 84' lang='lat' dir='ltr'>taque</span> 
     </span>
     <span class='ocr_line' id='line_1_31' title="bbox 311 2140 1738 2192; baseline 0.001 -16"><span class='ocrx_word' id='word_1_226' title='bbox 311 2140 392 2177; x_wconf 78' lang='lat' dir='ltr'>sive</span> <span class='ocrx_word' id='word_1_227' title='bbox 432 2142 551 2179; x_wconf 86' lang='lat' dir='ltr'>timor</span> <span class='ocrx_word' id='word_1_228' title='bbox 589 2156 657 2180; x_wconf 86' lang='lat' dir='ltr'>seu</span> <span class='ocrx_word' id='word_1_229' title='bbox 698 2145 939 2182; x_wconf 86' lang='lat' dir='ltr'>conscientia</span> <span class='ocrx_word' id='word_1_230' title='bbox 976 2145 1063 2190; x_wconf 86' lang='lat' dir='ltr'>fuit,</span> <span class='ocrx_word' id='word_1_231' title='bbox 1096 2143 1280 2181; x_wconf 84' lang='lat' dir='ltr'>Calavios</span> <span class='ocrx_word' id='word_1_232' title='bbox 1313 2142 1455 2180; x_wconf 87' lang='lat' dir='ltr'>Ovium</span> <span class='ocrx_word' id='word_1_233' title='bbox 1487 2142 1738 2192; x_wconf 88' lang='lat' dir='ltr'>Noviumque</span> 
     </span>
     <span class='ocr_line' id='line_1_32' title="bbox 313 2208 1740 2260; baseline 0.001 -16"><span class='ocrx_word' id='word_1_234' title='bbox 313 2208 374 2254; x_wconf 90' lang='lat' dir='ltr'>(ea</span> <span class='ocrx_word' id='word_1_235' title='bbox 419 2211 550 2259; x_wconf 84' lang='lat' dir='ltr'>capita</span> <span class='ocrx_word' id='word_1_236' title='bbox 595 2213 879 2249; x_wconf 80' lang='lat' dir='ltr'>coniurationis</span> <span class='ocrx_word' id='word_1_237' title='bbox 925 2212 1119 2260; x_wconf 86' lang='lat' dir='ltr'>fuerant),</span> <span class='ocrx_word' id='word_1_238' title='bbox 1163 2212 1396 2260; x_wconf 84' lang='lat' dir='ltr'>priusquam</span> <span class='ocrx_word' id='word_1_239' title='bbox 1439 2210 1740 2248; x_wconf 81' lang='lat' dir='ltr'>nominarentur</span> 
     </span>
     <span class='ocr_line' id='line_1_33' title="bbox 311 2276 1739 2328; baseline 0.001 -16"><span class='ocrx_word' id='word_1_240' title='bbox 311 2276 417 2324; x_wconf 88' lang='lat' dir='ltr'>apud</span> <span class='ocrx_word' id='word_1_241' title='bbox 455 2277 699 2325; x_wconf 74' lang='lat' dir='ltr'>dictatorem,</span> <span class='ocrx_word' id='word_1_242' title='bbox 737 2293 842 2317; x_wconf 70' lang='lat' dir='ltr'>mors</span> <span class='ocrx_word' id='word_1_243' title='bbox 880 2280 987 2317; x_wconf 78' lang='lat' dir='ltr'>haud</span> <span class='ocrx_word' id='word_1_244' title='bbox 1026 2279 1146 2316; x_wconf 87' lang='lat' dir='ltr'>dubie</span> <span class='ocrx_word' id='word_1_245' title='bbox 1176 2279 1225 2316; x_wconf 90' lang='lat' dir='ltr'>ab</span> <span class='ocrx_word' id='word_1_246' title='bbox 1256 2278 1354 2328; x_wconf 79' lang='lat' dir='ltr'>ipsis</span> <span class='ocrx_word' id='word_1_247' title='bbox 1386 2279 1561 2316; x_wconf 81' lang='lat' dir='ltr'>conscita</span> <span class='ocrx_word' id='word_1_248' title='bbox 1590 2277 1739 2315; x_wconf 89' lang='lat' dir='ltr'>iudicio</span> 
     </span>
     <span class='ocr_line' id='line_1_34' title="bbox 270 2342 1740 2396; baseline 0.003 -18"><span class='ocrx_word' id='word_1_249' title='bbox 270 2342 295 2377; x_wconf 75' lang='lat'>8</span> <span class='ocrx_word' id='word_1_250' title='bbox 313 2345 519 2382; x_wconf 74' lang='lat' dir='ltr'>subtraxit.</span> <span class='ocrx_word' id='word_1_251' title='bbox 593 2347 764 2393; x_wconf 78' lang='lat' dir='ltr'>Deinde,</span> <span class='ocrx_word' id='word_1_252' title='bbox 804 2352 847 2385; x_wconf 86' lang='lat' dir='ltr'>ut</span> <span class='ocrx_word' id='word_1_253' title='bbox 878 2348 1089 2396; x_wconf 83' lang='lat' dir='ltr'>quaestioni</span> <span class='ocrx_word' id='word_1_254' title='bbox 1120 2346 1331 2396; x_wconf 78' lang='lat' dir='ltr'>Campanae</span> <span class='ocrx_word' id='word_1_255' title='bbox 1363 2346 1529 2384; x_wconf 86' lang='lat' dir='ltr'>materia</span> <span class='ocrx_word' id='word_1_256' title='bbox 1560 2345 1740 2390; x_wconf 76' lang='lat' dir='ltr'>decessit⁷</span> 
     </span>
     <span class='ocr_line' id='line_1_35' title="bbox 311 2412 1739 2464; baseline 0.001 -17"><span class='ocrx_word' id='word_1_257' title='bbox 311 2425 423 2448; x_wconf 77' lang='lat' dir='ltr'>versa</span> <span class='ocrx_word' id='word_1_258' title='bbox 455 2413 624 2451; x_wconf 77' lang='lat' dir='ltr'>Romam</span> <span class='ocrx_word' id='word_1_259' title='bbox 655 2416 955 2464; x_wconf 85' lang='lat' dir='ltr'>interpretando</span> <span class='ocrx_word' id='word_1_260' title='bbox 987 2429 1064 2453; x_wconf 86' lang='lat' dir='ltr'>res:</span> <span class='ocrx_word' id='word_1_261' title='bbox 1096 2428 1173 2452; x_wconf 89' lang='lat' dir='ltr'>non</span> <span class='ocrx_word' id='word_1_262' title='bbox 1205 2414 1451 2459; x_wconf 85' lang='lat' dir='ltr'>nominatim,</span> <span class='ocrx_word' id='word_1_263' title='bbox 1483 2414 1551 2463; x_wconf 88' lang='lat' dir='ltr'>qui</span> <span class='ocrx_word' id='word_1_264' title='bbox 1582 2412 1739 2462; x_wconf 77' lang='lat' dir='ltr'>Capuae,</span> 
     </span>
     <span class='ocr_line' id='line_1_36' title="bbox 311 2479 1740 2532; baseline 0.001 -17"><span class='ocrx_word' id='word_1_265' title='bbox 311 2479 378 2516; x_wconf 85' lang='lat' dir='ltr'>sed</span> <span class='ocrx_word' id='word_1_266' title='bbox 412 2482 449 2517; x_wconf 89' lang='lat' dir='ltr'>in</span> <span class='ocrx_word' id='word_1_267' title='bbox 477 2483 714 2528; x_wconf 74' lang='lat' dir='ltr'>universum,</span> <span class='ocrx_word' id='word_1_268' title='bbox 740 2484 807 2532; x_wconf 89' lang='lat' dir='ltr'>qui</span> <span class='ocrx_word' id='word_1_269' title='bbox 830 2497 996 2532; x_wconf 79' lang='lat' dir='ltr'>usquam</span> <span class='ocrx_word' id='word_1_270' title='bbox 1022 2483 1193 2520; x_wconf 85' lang='lat' dir='ltr'>coissent</span> <span class='ocrx_word' id='word_1_271' title='bbox 1215 2481 1535 2518; x_wconf 86' lang='lat' dir='ltr'>coniurassentve</span> <span class='ocrx_word' id='word_1_272' title='bbox 1551 2479 1740 2518; x_wconf 79' lang='lat' dir='ltr'>adversus</span> 
     </span>
     <span class='ocr_line' id='line_1_37' title="bbox 273 2548 1739 2600; baseline 0.001 -17"><span class='ocrx_word' id='word_1_273' title='bbox 273 2548 394 2584; x_wconf 73' lang='lat' dir='ltr'>9rem</span> <span class='ocrx_word' id='word_1_274' title='bbox 426 2550 638 2598; x_wconf 80' lang='lat' dir='ltr'>publicam,</span> <span class='ocrx_word' id='word_1_275' title='bbox 678 2551 801 2600; x_wconf 87' lang='lat' dir='ltr'>quaeri</span> <span class='ocrx_word' id='word_1_276' title='bbox 840 2554 1017 2588; x_wconf 80' lang='lat' dir='ltr'>senatum</span> <span class='ocrx_word' id='word_1_277' title='bbox 1050 2551 1222 2596; x_wconf 79' lang='lat' dir='ltr'>iussisse,</span> <span class='ocrx_word' id='word_1_278' title='bbox 1258 2552 1298 2585; x_wconf 88' lang='lat' dir='ltr'>et</span> <span class='ocrx_word' id='word_1_279' title='bbox 1327 2549 1517 2586; x_wconf 85' lang='lat' dir='ltr'>coitiones</span> <span class='ocrx_word' id='word_1_280' title='bbox 1546 2548 1739 2585; x_wconf 89' lang='lat' dir='ltr'>honorum</span> 
     </span>
     <span class='ocr_line' id='line_1_38' title="bbox 314 2615 1741 2670; baseline -0.001 -18"><span class='ocrx_word' id='word_1_281' title='bbox 314 2616 679 2670; x_wconf 30' lang='lat' dir='ltr'>adipiscendorum·</span> <span class='ocrx_word' id='word_1_282' title='bbox 707 2631 826 2655; x_wconf 85' lang='lat' dir='ltr'>causa</span> <span class='ocrx_word' id='word_1_283' title='bbox 871 2618 995 2656; x_wconf 79' lang='lat' dir='ltr'>factas</span> <span class='ocrx_word' id='word_1_284' title='bbox 1041 2618 1229 2655; x_wconf 83' lang='lat' dir='ltr'>adversus</span> <span class='ocrx_word' id='word_1_285' title='bbox 1272 2629 1355 2653; x_wconf 89' lang='lat' dir='ltr'>rem</span> <span class='ocrx_word' id='word_1_286' title='bbox 1400 2615 1600 2664; x_wconf 82' lang='lat' dir='ltr'>publicam</span> <span class='ocrx_word' id='word_1_287' title='bbox 1646 2627 1741 2652; x_wconf 82' lang='lat' dir='ltr'>esse.</span> 
     </span>
    </p>
   </div>
  </div>
 </body>
</html>
