1821 2928
530 122 646 158 Liber
671 122 746 160 111.
800 124 861 167 (A.
889 122 954 158 Ch.
979 123 1073 166 449.)
1443 124 1517 162 171

83 255 309 301 conaretur,
355 252 412 290 ibi
443 264 602 302 quoque
633 250 739 289 haud
772 250 944 300 impares
975 251 1070 287 fore.
1145 249 1252 287 Hinc
1284 252 1399 286 atrox
1432 249 1562 287 rixa4

82 325 224 364 oritur.
266 323 476 362 Valerium
494 323 790 373 Horatiumque
822 322 941 360 lictor
973 321 1189 360 decemviri
1206 320 1383 368 invadit3
1416 321 1520 357 fran-

82 402 232 447 guntur
263 411 285 435 a
316 396 578 434 multitudine
609 396 746 433 fasces.
808 394 858 431 In
891 394 1115 431 contionem
1133 393 1293 443 Appius
1321 391 1519 437 escendit3

84 472 305 519 sequuntur
321 468 517 506 Horatius
535 467 815 517 Valeriusque.
876 466 956 504 Eos
981 467 1114 504 contio
1133 465 1265 512 audit;
1297 464 1520 502 decemviro

83 541 344 591 obstrepitur.
419 540 506 578 Iam
544 553 618 590 pro
651 539 820 589 imperio
853 538 1042 576 Valerius
1075 537 1279 575 discedere
1312 551 1334 574 a
1365 537 1522 586 privato
1542 535 1565 573 5

83 613 245 650 lictores
276 612 452 660 iubebat,
498 626 619 663 quum
650 612 789 650 fractis
821 611 964 649 animis
997 610 1169 660 Appius,
1206 609 1298 646 vitae
1331 614 1521 653 metuens,

83 684 126 722 in
172 684 331 722 domum
377 699 418 723 se
461 685 731 735 propinquam
777 684 876 731 foro,
926 683 1063 721 insciis
1095 681 1346 728 adversariis,
1393 681 1523 730 capite

85 757 273 794 obvoluto
304 757 463 812 rec-ipit.

196 827 265 879 Sp.
299 827 466 880 Oppius,
498 833 543 867 ut
574 829 727 866 auxilio
760 828 924 877 collegae
957 831 1074 874 esset,
1106 827 1148 864 in
1178 826 1308 864 forum
1332 839 1379 862 ex
1397 825 1525 862 altera
1544 821 1566 857 6

81 904 197 952 parte
228 902 429 952 irrumpit.
491 901 619 939 Videt
642 901 855 951 imperium
886 901 926 937 vi
942 900 1106 938 victum.
1171 898 1362 947 Agitatus
1380 896 1524 934 deinde

85 974 274 1020 consiliis,
307 973 357 1011 ad
390 987 478 1024 quae
511 987 559 1011 ex
590 974 696 1010 omni
727 977 842 1022 parte
867 971 1122 1010 assentiendo
1139 970 1278 1008 multis
1296 969 1525 1007 auctoribus

85 1045 372 1096 trepidaverat,
404 1049 584 1083 senatum
616 1049 817 1095 postremo
849 1044 985 1082 vocari
1016 1043 1146 1081 iussit.
1220 1042 1280 1080 Ea
1311 1055 1386 1089 res,
1418 1041 1526 1091 quod
1547 1038 1568 1073 7

84 1131 237 1168 magnae
267 1118 375 1168 parti
406 1122 564 1168 patrum
597 1117 810 1168 displicere
836 1120 925 1154 acta
941 1115 1256 1154 decemvirorum
1273 1114 1527 1160 videbantur,

85 1204 154 1241 spe
184 1205 256 1242 per
287 1194 469 1228 senatum
500 1189 686 1227 finiendae
704 1190 914 1240 potestatis
941 1189 1023 1226 eius
1042 1187 1339 1224 multitudinem
1357 1186 1524 1224 sedavit.

86 1262 258 1301 Senatus
289 1277 361 1301 nec
391 1263 550 1313 plebem
582 1261 824 1300 irritandam
864 1261 1018 1298 censuit
1050 1265 1088 1297 et
1119 1260 1244 1296 multo
1277 1259 1403 1309 magis
1433 1271 1523 1308 pro-
1542 1263 1567 1300 8

85 1335 317 1384 videndum,
349 1349 398 1372 ne
430 1336 527 1385 quid
558 1334 749 1383 Verginii
781 1334 976 1371 adventus
1008 1333 1051 1369 in
1083 1332 1260 1369 exercitu
1277 1335 1407 1369 motus
1424 1331 1525 1368 face-

85 1411 159 1446 ret.
234 1407 379 1457 Itaque
425 1407 537 1444 missi
585 1407 764 1444 iuniores
796 1410 954 1456 patrum
987 1405 1027 1441 in
1060 1407 1202 1450 castra,
1249 1416 1337 1453 quae
1369 1407 1452 1440 tum
1485 1403 1526 1440 in
1565 1450 1579 1461 ·
1601 1387 1654 1434 50

85 1483 218 1517 monte
250 1479 411 1517 Vecilio
459 1483 584 1526 erant,
629 1478 818 1516 nuntiant
863 1477 1111 1525 decemviris,
1158 1480 1203 1513 ut
1234 1476 1340 1513 omni
1371 1488 1445 1525 ope
1477 1475 1526 1513 ab

86 1551 284 1588 seditione
315 1551 460 1589 milites
492 1551 732 1589 contineant.

198 1623 264 1660 Ibi
297 1617 519 1672 Verginius
550 1623 752 1667 maiorem,
785 1635 905 1672 quam
931 1621 1155 1670 reliquerat
1171 1620 1212 1657 in
1229 1619 1343 1666 urbe,
1375 1618 1566 1657 motum2

85 1695 246 1735 excivit.
335 1695 437 1734 Nam
496 1699 765 1745 praeterquam
813 1694 919 1744 quod
966 1693 1124 1742 agmine
1171 1706 1295 1742 prope
1335 1692 1524 1742 quadrin-

83 1771 292 1816 gentorum
324 1767 530 1805 hominum
561 1767 737 1814 veniens,
783 1767 852 1817 qui
883 1767 932 1804 ab
965 1766 1066 1803 urbe
1097 1765 1339 1813 indignitate
1369 1765 1428 1801 rei
1460 1778 1525 1801 ac-

84 1840 190 1877 censi
221 1839 384 1878 comites
417 1840 453 1877 ei
484 1853 524 1877 se
557 1839 765 1886 dederant,
812 1844 1046 1888 conspectus
1079 1843 1151 1886 est,
1192 1837 1375 1874 strictum
1408 1831 1566 1874 etiam3

82 1913 204 1950 telum
250 1925 535 1963 respersusque
581 1913 666 1962 ipse
713 1925 852 1949 cruore
892 1915 978 1948 tota
1009 1910 1049 1947 in
1081 1923 1122 1948 se
1153 1913 1283 1947 castra
1314 1908 1524 1946 convertit.

82 1984 136 2022 Et
164 1989 268 2034 togae
299 1984 564 2022 multifariam
596 1984 636 2021 in
669 1984 810 2021 castris
845 1983 943 2020 visae
975 1982 1140 2020 maioris
1157 1982 1375 2031 aliquanto,
1407 1993 1525 2030 quam

85 2061 182 2104 erat,
213 2057 385 2107 speciem
402 2057 564 2094 urbanae
581 2055 854 2093 multitudinis
872 2056 1064 2094 fecerant.
1096 2054 1391 2102 Quaerentibus,
1427 2053 1524 2103 quid
1542 2049 1565 2084 4

84 2129 143 2167 rei
175 2132 294 2179 esset,
324 2129 422 2166 flens
454 2129 524 2166 diu
554 2141 692 2166 vocem
723 2141 802 2165 non
833 2128 965 2174 misit3
996 2126 1171 2173 tandem,
1200 2129 1245 2163 ut
1275 2126 1354 2163 iam
1385 2139 1431 2162 ex
1447 2130 1525 2162 tre-

84 2201 289 2251 pidatione
321 2201 643 2238 concurrentium
672 2200 792 2238 turba
822 2200 1005 2238 constitit
1042 2212 1088 2237 ac
1112 2198 1318 2236 silentium
1343 2198 1431 2242 fuit,
1464 2210 1525 2235 or-

85 2272 178 2310 dine
209 2277 364 2322 cuncta,
396 2276 441 2310 ut
471 2277 584 2321 gesta
615 2277 739 2322 erant,
773 2272 971 2322 exposuit.
1049 2269 1224 2321 Supinas
1256 2270 1401 2308 deinde
1439 2274 1524 2307 ten·
1543 2264 1566 2301 5

86 2343 182 2382 dens
214 2358 364 2390 manus,
397 2344 687 2382 commilitones
718 2344 925 2394 appellans
958 2343 1111 2392 orabat,
1154 2356 1217 2390 ne,
1257 2342 1364 2392 quod
1396 2342 1525 2379 scelus

85 2416 194 2467 App.
227 2415 388 2454 Claudii
435 2420 547 2463 esset,
592 2416 670 2453 sibi
709 2416 977 2454 attribuerent
1021 2429 1098 2453 neu
1137 2428 1177 2452 se
1209 2418 1253 2452 ut
1283 2412 1523 2464 parricidam

85 2486 256 2526 liberum
288 2493 580 2527 aversarentur.
652 2487 743 2526 Sibi
775 2488 898 2526 vitam
937 2487 1031 2525 filiae
1063 2501 1134 2525 sua
1164 2486 1362 2524 cariorem
1394 2484 1526 2528 fuisse,
1545 2479 1568 2516 6

86 2560 120 2597 si
150 2559 288 2598 liberae
319 2573 364 2598 ac
393 2562 550 2611 pudicae
580 2560 715 2598 vivere
743 2560 899 2597 licitum
915 2560 1075 2605 fuisset;
1107 2571 1227 2608 quum
1244 2557 1354 2595 velut
1370 2568 1524 2593 servam

86 2631 138 2669 ad
181 2635 362 2683 stuprum
406 2633 497 2683 rapi
532 2632 699 2680 videret,
743 2636 868 2670 morte
907 2631 1039 2669 amitti
1071 2630 1212 2667 melius
1243 2631 1373 2665 ratum
1405 2640 1523 2676 quam

87 2704 328 2742 contumelia
371 2704 534 2751 liberos,
578 2703 859 2742 misericordia
903 2717 944 2740 se
987 2703 1029 2739 iu
1068 2701 1239 2751 speciem
1272 2698 1522 2737 crudelitatis
