1821 2928
297 119 377 156 262
742 114 858 150 Liber
882 115 928 150 V.
977 116 1038 160 (A.
1065 127 1099 151 u.
1129 127 1158 151 c.
1183 115 1276 161 351.)

261 245 284 281 6
304 244 474 281 maiores
506 256 598 281 suos
630 256 794 281 creasse.
854 243 953 280 Haec
983 243 1132 281 virtute
1173 243 1341 280 militum
1372 246 1606 291 vestrorum,
1645 242 1730 280 haec

298 316 477 353 Romano
510 315 668 352 nomine
700 318 793 352 sunt
819 315 951 364 digna,
991 329 1069 353 non
1101 314 1224 352 Veios
1254 318 1410 353 tantum
1441 328 1514 352 nec
1544 315 1618 352 hoc
1647 314 1730 352 bel-

297 388 379 424 lum
397 388 556 434 intueri,
584 387 691 436 quod
711 387 843 433 instat,
869 387 936 424 sed
953 387 1096 424 famam
1115 389 1152 423 et
1171 388 1220 424 ad
1238 387 1318 424 alia
1335 387 1441 424 bella
1457 391 1495 424 et
1511 386 1561 424 ad
1580 389 1731 424 ceteros

259 462 280 496 7
301 459 470 509 populos
502 459 541 495 in
573 463 774 508 posterum
802 472 989 509 quaerere.
1052 459 1118 495 An
1143 458 1342 496 mediocre
1368 458 1580 496 discrimen
1604 457 1731 508 opini-

297 532 385 568 onis
419 534 642 568 secuturum
676 545 722 567 ex
755 531 827 568 hac
859 544 900 567 re
932 530 1094 580 putatis,
1126 533 1258 567 utrum
1290 530 1448 567 tandem
1475 530 1638 567 finitimi
1664 542 1732 580 po-

299 603 438 653 pulum
470 603 693 640 Romanum
727 616 814 639 eum
848 616 929 640 esse
961 605 1113 652 putent,
1146 603 1256 639 cuius
1282 602 1315 639 si
1341 616 1419 652 qua
1441 602 1536 640 urbs
1559 601 1734 653 primum

302 675 416 712 illum
445 675 671 712 brevissimi
689 675 880 724 temporis
908 674 1144 711 sustinuerit
1170 674 1373 724 impetum,
1405 674 1506 711 nihil
1524 673 1666 711 deinde
1684 673 1732 710 ti-

259 749 283 786 8
303 750 416 794 ineat,
448 761 496 783 an
514 746 578 784 hic
605 747 656 784 sit
681 751 809 784 terror
833 746 1004 784 nominis
1029 747 1166 792 nostri,
1198 749 1243 782 ut
1269 746 1486 783 exercitum
1510 745 1733 783 Romanum

300 832 377 856 non
405 819 568 855 taedium
597 819 827 869 longinquae
855 819 1178 868 oppugnationis,
1210 831 1287 856 non
1313 818 1372 855 vis
1399 818 1539 855 hiemis
1563 817 1613 855 ab
1637 817 1735 854 urbe

302 891 559 928 circumsessa
583 892 703 928 semel
732 904 913 928 amovere
940 890 1076 940 possit,
1108 904 1179 927 nec
1205 890 1322 927 finem
1346 890 1472 927 ullum
1499 890 1620 927 alium
1637 888 1736 927 belli

301 976 419 1012 quam
450 963 660 1000 victoriam
693 963 861 1010 noverit,
891 976 963 999 nec
990 963 1141 1012 impetu
1168 963 1300 1012 potius
1327 962 1435 999 bella
1461 974 1578 1011 quam
1605 973 1735 1011 perse·

262 1038 284 1073 9
305 1035 488 1072 verantia
515 1034 659 1083 gerat‘?
707 1035 804 1082 Quae
832 1035 873 1072 in
901 1034 1185 1084 omniquidem
1213 1048 1356 1084 genere
1372 1034 1538 1081 militiae,
1564 1032 1736 1071 maxime

300 1109 432 1143 tamen
465 1107 504 1143 in
537 1107 765 1144 obsidendis
790 1107 958 1144 urbibus
983 1107 1206 1144 necessaria
1230 1110 1299 1156 est,
1333 1119 1499 1156 quarum
1523 1106 1736 1156 plerasque

303 1178 592 1216 munitionibus
618 1193 661 1216 ac
689 1179 863 1216 naturali
891 1179 971 1216 situ
995 1179 1330 1229 inexpugnabiles
1354 1179 1456 1216 fame
1474 1178 1624 1227 sitique
1639 1181 1736 1215 tem-

239 1254 288 1290 lO
305 1263 378 1300 pus
406 1250 533 1299 ipsum
557 1251 684 1288 vincit
707 1254 827 1301 atque
855 1255 1068 1301 expugnat,
1099 1251 1202 1288 sicut
1219 1250 1345 1289 Veios
1369 1249 1628 1300 expugnabit,
1658 1248 1737 1286 nisi

304 1322 458 1359 auxilio
499 1323 683 1360 hostibus
725 1324 881 1361 tribuni
914 1323 1045 1374 plebis
1077 1323 1237 1369 fuerint,
1277 1325 1315 1359 et
1345 1322 1483 1359 Romae
1513 1321 1740 1360 invenerint

239 1397 281 1433 11
307 1394 497 1443 praesidia
515 1394 717 1442 Veientes,
751 1409 839 1445 quae
870 1395 1139 1445 nequicquam
1170 1395 1211 1431 in
1237 1394 1404 1431 Etruria
1431 1396 1624 1444 quaerunt.
1674 1391 1739 1430 An

307 1469 365 1502 est
382 1467 609 1516 quicquam,
641 1468 748 1517 quod
767 1467 1003 1505 Veientibus
1021 1470 1202 1516 optatum
1220 1480 1331 1516 aeque
1350 1465 1583 1514 contingere
1599 1463 1740 1514 possit,

305 1550 422 1586 quam
452 1542 497 1575 ut
528 1539 796 1576 seditionibus
828 1539 1000 1589 primum
1031 1539 1127 1576 urbs
1151 1539 1345 1586 Romana,
1377 1537 1522 1576 deinde
1553 1537 1666 1574 velut
1691 1549 1738 1573 ex

237 1607 288 1644 12
309 1610 544 1657 contagione
576 1615 706 1647 castra
737 1610 1009 1660 impleantur?
1054 1610 1114 1648 At
1144 1610 1304 1647 hercule
1340 1609 1446 1659 apud
1471 1609 1605 1646 hostes
1626 1610 1740 1645 tanta

305 1681 498 1718 modestia
540 1686 608 1728 est,
650 1687 694 1719 ut
736 1696 815 1719 non
856 1682 1078 1720 obsidionis
1118 1682 1251 1727 taedio,
1292 1695 1369 1718 non
1412 1680 1585 1730 denique
1624 1679 1740 1728 regni

307 1753 523 1803 quicquam
571 1755 677 1804 apud
724 1768 789 1792 eos
829 1757 1018 1792 novatum
1060 1754 1132 1799 sit,
1178 1767 1258 1791 non
1303 1755 1449 1801 negata
1494 1751 1644 1789 auxilia
1690 1751 1738 1788 ab

241 1823 289 1860 13
309 1825 490 1863 Etruscis
518 1826 766 1864 irritaverint
791 1827 964 1873 animos;
996 1826 1187 1864 morietur
1214 1825 1316 1862 enim
1336 1823 1548 1873 extemplO,
1573 1821 1739 1872 quicun-

305 1910 380 1946 que
413 1899 489 1935 erit
513 1898 722 1936 seditionis
749 1903 898 1946 auctor,
932 1912 1002 1936 nec
1031 1899 1214 1948 cuiquam
1241 1897 1372 1934 dicere
1399 1909 1444 1934 ea
1470 1894 1621 1942 licebit,
1652 1905 1740 1944 quae

242 1967 291 2004 14
310 1969 416 2018 apud
446 1984 516 2008 vos
558 1971 717 2020 impune
759 1970 957 2009 dicuntur.
1018 1969 1276 2007 Fustuarium
1309 1971 1493 2014 meretur,
1526 1967 1594 2017 qui
1627 1966 1740 2014 signa

305 2041 499 2091 relinquit
530 2046 597 2080 aut
627 2042 814 2092 praesidio
847 2042 1020 2090 decedit3
1053 2045 1234 2080 auctores
1266 2041 1382 2089 signa
1412 2038 1669 2089 relinquendi
1701 2040 1741 2074 et

306 2112 515 2151 deserendi
541 2118 671 2153 castra
697 2129 776 2153 non
802 2115 872 2152 uni
900 2118 967 2152 aut
991 2115 1105 2151 alteri
1130 2113 1262 2160 militi,
1294 2113 1362 2149 sed
1379 2110 1573 2149 universis
1591 2109 1739 2146 exerci-

242 2182 291 2220 15
309 2184 417 2221 tibus
448 2186 576 2234 palam
610 2187 650 2223 in
682 2187 867 2224 contione
899 2185 1134 2223 audiuntur:
1176 2184 1285 2231 adeo,
1328 2182 1519 2233 quicquid
1549 2181 1738 2219 tribunus

307 2255 416 2305 plebi
447 2257 635 2306 loquitur,
668 2259 741 2295 etsi
772 2258 988 2308 prodendae
1015 2258 1154 2307 patriae
1179 2254 1522 2303 dissolvendaeque
1549 2254 1607 2291 rei
1641 2252 1740 2303 pub-

308 2328 393 2364 lieae
425 2333 495 2375 est,
535 2330 720 2366 assuestis
760 2331 885 2379 quieti
916 2329 1053 2366 audire
1095 2333 1133 2365 et
1172 2327 1382 2364 dulcedine
1412 2325 1626 2377 potestatis
1657 2323 1741 2361 eius

243 2404 291 2441 16
312 2401 416 2451 eapti
458 2401 648 2450 quaelibet
689 2401 760 2437 sub
802 2414 845 2437 ea
885 2401 1035 2438 scelera
1066 2401 1190 2436 latere
1221 2399 1363 2438 sinitis.
1422 2397 1638 2447 Reliquum
1670 2399 1739 2444 est,

307 2477 361 2518 ut,
406 2486 493 2523 quae
531 2472 596 2509 hic
627 2473 909 2518 vociferantur,
951 2472 1089 2509 eadem
1127 2472 1167 2508 in
1207 2471 1347 2508 castris
1388 2473 1428 2507 et
1459 2467 1563 2518 apud
1593 2466 1741 2503 milites

309 2548 429 2593 agant
460 2548 500 2582 et
530 2543 724 2582 exercitus
756 2546 1013 2592 corrumpant
1044 2542 1291 2592 ducibusque
1321 2553 1462 2591 parere
1486 2552 1564 2577 non
1586 2538 1740 2588 patian-

242 2618 292 2654 17
309 2619 388 2666 tur,
421 2617 608 2666 quoniam
635 2628 680 2652 ea
706 2614 861 2651 demum
888 2613 1027 2651 Romae
1054 2614 1218 2651 libertas
1237 2616 1306 2659 est,
1332 2625 1411 2649 non
1437 2613 1629 2656 senatum,
1660 2621 1741 2646 non
