1821 2928
585 215 675 240 Liber
693 215 746 240 lx.
784 215 831 243 (A.
851 215 904 240 eh.
923 216 993 243 310.)
1370 204 1448 241 187

182 327 281 367 Pari
311 328 480 366 subinde
510 329 691 379 periculo
724 329 941 379 gloriaeque
973 334 1115 367 eventu
1147 329 1299 367 bellum
1328 329 1370 366 in
1396 328 1506 367 Sam·
1581 325 1638 373 40

69 396 221 435 nitibus
252 400 348 443 erat,
380 398 450 448 qui
481 402 627 447 praeter
659 402 812 436 ceteros
843 397 941 435 belli
973 402 1199 448 apparatus,
1230 402 1274 436 ut
1305 398 1410 435 acies
1435 411 1504 436 sua

67 465 241 515 fulgeret
270 465 384 503 novis
415 479 614 504 armorum
645 466 884 515 insignibus,
917 466 1106 505 fecerunt.
1179 466 1544 505 Duo‘exercitus2

69 537 203 580 erant;
235 537 347 572 scuta
377 534 542 572 alterius
574 548 682 581 auro,
713 534 878 573 alterius
897 539 1064 584 argento
1088 536 1346 581 caelaverunt3
1378 535 1505 573 forma

69 605 155 640 erat
185 602 306 640 scuti:
338 615 532 640 summum
564 603 708 641 latiuss
730 616 807 652 qua
830 606 967 652 pectus
991 607 1110 653 atque
1136 603 1291 641 humeri
1306 608 1506 652 teguntur,

67 670 231 720 fastigio
262 671 428 721 aequali3
459 672 508 709 ad
535 672 658 709 imum
675 672 881 709 cuneatior
897 672 1138 710 mobilitatis
1156 685 1285 710 causa.
1329 671 1505 723 Spongia
1524 673 1547 709 3

67 739 220 788 pectori
250 743 537 789 tegumentum,
576 743 615 777 et
645 741 852 778 sinistrum
884 754 973 778 crus
1004 754 1120 778 ocrea
1150 744 1310 778 tectum.
1371 739 1506 778 Galeae

69 806 257 854 cristatae,
287 821 375 858 quae
407 809 578 858 speciem
609 810 883 858 magnitudini
921 818 1134 859 corporum
1165 809 1368 847 adderent.
1428 809 1506 846 Tu-

67 875 164 913 nicae
196 877 347 914 auratis
378 877 574 915 militibus
605 878 876 924 versicolores,
908 878 1128 926 argentatis
1153 878 1289 915 linteae
1314 877 1507 915 eandidae.
1552 886 1573 906 v

66 943 144 982 His
176 944 358 983 dextrum
390 959 513 983 cornu
545 946 698 992 datum;
729 947 792 984 illi
825 947 866 983 in
897 946 1059 984 sinistro
1085 947 1317 984 consistunt.
1377 947 1505 985 Notus
1524 946 1548 983 4

68 1012 148 1050 iam
178 1012 372 1052 Romanis
404 1019 619 1064 apparatus
651 1015 872 1064 insignium
902 1028 1099 1052 armorum
1131 1015 1276 1061 fuerat,
1315 1015 1504 1066 doctique

66 1094 90 1118 a
120 1081 292 1120 ducibus
324 1087 447 1134 erant,
480 1082 691 1121 horridum
722 1084 891 1121 militem
923 1097 1006 1120 esse
1025 1083 1182 1129 debere.
1213 1097 1293 1121 non
1325 1084 1507 1121 caelatum

67 1162 164 1188 auro
196 1155 233 1188 et
265 1156 442 1201 argento,
473 1152 541 1190 sed
573 1152 678 1189 ferro
710 1156 749 1189 et
779 1151 923 1188 animis
954 1152 1115 1189 fretum:
1148 1152 1298 1202 quippe
1315 1152 1387 1189 illa
1402 1165 1503 1202 prae-
1525 1152 1547 1190 5

67 1217 159 1255 dam
189 1219 322 1257 verius
353 1234 472 1270 quani
496 1233 603 1257 arma
628 1233 722 1259 esse.
754 1220 926 1258 nitentia
944 1224 1036 1258 ante
1056 1234 1148 1267 rem,
1181 1220 1376 1258 deformia
1401 1221 1507 1258 inter

68 1287 303 1336 sanguinem
333 1293 372 1326 et
401 1288 586 1334 vulnera3
623 1289 814 1326 virtutem
847 1302 929 1325 esse
961 1289 1104 1326 militis
1137 1289 1274 1335 decus,
1306 1294 1346 1327 et
1376 1289 1546 1327 omnia-6

34 1358 39 1362 ’
65 1352 138 1392 iffi
153 1338 378 1394 ⁴{ictoriam
410 1357 536 1407 sequi,
569 1360 607 1394 et
632 1356 754 1394 ditem
771 1357 923 1393 hostem
941 1358 1120 1406 quamvis
1137 1358 1324 1408 pauperis
1340 1358 1506 1396 victoris

70 1425 275 1473 praemium
308 1439 402 1464 esse.
461 1426 538 1463 His
565 1425 711 1463 Cursor
741 1425 908 1463 vocibus
931 1425 1145 1464 instinctos
1171 1427 1323 1464 milites
1349 1427 1390 1463 in
1406 1440 1508 1476 proe-
1529 1429 1550 1463 7

69 1492 167 1530 lium
199 1493 321 1532 ducit.
379 1494 535 1532 Dextro
568 1494 652 1544 ipse
676 1507 800 1531 cornu
827 1494 1020 1542 consistit,
1052 1495 1216 1532 sinistro
1233 1495 1415 1545 praefecit
1430 1509 1511 1532 ma-

70 1561 239 1609 gistrum
272 1563 464 1612 equitum.
524 1561 654 1600 Simul
681 1567 739 1600 est
766 1575 1011 1610 coneursum,
1043 1564 1183 1612 ingens
1199 1564 1276 1601 fuit
1292 1577 1380 1601 oum
1396 1564 1509 1601 hoste
1527 1565 1552 1603 8

72 1635 284 1678 certamen,
315 1645 396 1670 non
426 1631 588 1679 segnius
621 1632 725 1669 inter
757 1631 994 1669 dictatorem
1012 1637 1049 1669 et
1066 1633 1302 1681 magistrum
1320 1633 1511 1682 equitum,

73 1698 124 1736 ab
155 1704 248 1737 utra
278 1705 392 1750 parte
422 1700 595 1737 victoria
626 1700 834 1750 inciperet.
896 1700 1017 1738 Prior
1048 1701 1149 1738 forte
1166 1701 1310 1738 Iunius
1341 1715 1510 1739 commo-
1529 1702 1551 1738 9

73 1767 133 1804 vit
164 1768 328 1815 hostem,
376 1769 476 1807 laevo
518 1768 702 1806 dextrum
734 1782 869 1815 cornu,
916 1773 1090 1806 sacratos
1122 1783 1230 1807 more
1263 1769 1504 1807 Samnitium

73 1836 234 1883 milites,
267 1850 393 1887 eoque
424 1836 595 1875 candida
625 1842 734 1875 veste
766 1843 805 1875 et
835 1837 1000 1887 paribus
1031 1837 1203 1876 candore
1235 1838 1355 1875 armis
1388 1839 1512 1887 insig—

73 1918 159 1951 nes3
205 1918 271 1942 eos
317 1919 356 1943 se
388 1905 492 1943 Orco
533 1909 707 1943 mactare
747 1906 889 1943 Iunius
928 1906 1121 1943 dictitans
1160 1920 1281 1956 quum
1314 1907 1513 1944 intulisset

73 1973 199 2022 signa,
231 1973 410 2012 turbavit
442 1973 604 2010 ordines
635 1978 674 2011 et
704 1974 809 2011 haud
841 1973 964 2011 dubie
1002 1974 1165 2024 impulit
1195 1975 1332 2012 aciem.
1394 1975 1512 2023 Quod
1535 1975 1584 2011 10

74 2042 145 2080 ubi
189 2043 314 2080 sensit
359 2042 551 2088 dictator,
599 2040 693 2088 „Ab
741 2041 892 2079 laevone
939 2055 1061 2079 cornu
1105 2043 1278 2081 victoria
1316 2044 1509 2094 incipiet“

74 2111 219 2162 inquit,
254 2116 319 2158 „et
351 2111 535 2149 dextrum
567 2123 702 2155 cornu.
735 2110 947 2147 dictatoris
978 2111 1094 2157 acies.
1135 2113 1308 2150 alienam
1338 2125 1512 2162 pugnam

74 2184 274 2230 sequetur,
304 2193 383 2218 non
410 2183 563 2230 partem
587 2179 798 2215 maximam
815 2179 994 2216 victoria?
1010 2179 1198 2217 trahet?“
1233 2180 1417 2219 Concitat
1440 2181 1511 2219 mi·
1532 2181 1579 2217 11

76 2248 187 2295 lites3
217 2262 289 2287 nec
305 2248 487 2299 peditum
504 2247 647 2285 virtuti
665 2246 818 2296 equites
842 2251 911 2284 aut
934 2247 1156 2295 legatorum
1187 2250 1322 2287 studia
1347 2250 1514 2287 (lucibus

76 2315 234 2354 cedunt.
309 2317 364 2354 M.
398 2316 586 2354 Valerius
625 2329 648 2353 a
686 2315 836 2361 dextro,
883 2315 930 2353 P.
960 2316 1113 2354 Decius
1153 2318 1203 2355 ab
1241 2319 1340 2356 laevo
1379 2332 1512 2365 cornu,
1534 2317 1581 2353 12

76 2385 192 2423 ambo
223 2386 463 2431 consulares,
502 2384 553 2422 ad
592 2383 744 2432 equites
784 2383 825 2420 in
865 2385 1054 2423 cornibus
1090 2386 1243 2436 positos
1282 2387 1514 2426 evehuntur.

77 2453 359 2504 adhortatique
404 2467 481 2501 eos,
525 2458 568 2490 ut
610 2457 763 2502 partem
804 2466 935 2490 secum
974 2459 1223 2504 capesserent
1258 2454 1425 2499 decoris,
1473 2455 1515 2492 in

75 2526 303 2561 transversa
333 2524 461 2561 latera
491 2521 664 2559 hostium
696 2520 917 2559 incurrunt.
977 2521 1019 2558 Is
1050 2535 1175 2560 novus
1198 2523 1360 2561 additus
1383 2527 1515 2561 terror
1537 2525 1585 2561 13

79 2603 200 2640 quum
231 2605 278 2629 ex
311 2595 426 2642 parte
455 2594 625 2640 utraque
656 2588 973 2628 circumvasisset
1004 2590 1140 2636 aciem,
1173 2596 1211 2628 et
1243 2591 1293 2628 ad
1323 2596 1514 2630 terrorem

78 2659 252 2697 hostium
283 2660 460 2710 legiones
476 2659 668 2696 Romanae
693 2657 967 2708 redintegrato
991 2659 1162 2696 clamore
1180 2660 1410 2698 intulissent
1428 2674 1517 2710 gra-
