1821 2928
388 185 464 223 128
793 196 881 220 Liuor
900 195 985 220 viu.
1023 194 1070 223 (Α.
1090 202 1114 220 c.
1135 202 1161 220 u.
1182 196 1253 224 42⁹.)

288 312 311 347 9
331 311 489 348 fortuna
506 309 611 347 bello
628 308 847 354 subtraxit;
880 309 1085 357 iussusque
1103 309 1337 346 dictatorem
1354 309 1488 347 dicere
1503 309 1562 347 rei
1577 309 1760 359 gerendae

328 391 445 415 causa
475 378 591 425 longe
616 377 877 414 clarissimum
903 377 1008 415 bello
1025 390 1070 414 ea
1085 380 1320 426 tempestate
1338 377 1457 424 dixit,
1488 377 1533 414 L,
1550 377 1758 427 Papirium

327 446 554 491 Cursorem,
601 460 623 482 a
669 459 745 495 quo
792 446 839 492 Q.
878 445 1029 482 Fabius
1069 445 1266 482 Maximus
1311 445 1528 482 Rullianus
1573 445 1762 494 magister

264 513 313 550 10
330 513 509 563 equitum
541 517 596 550 est
629 513 771 560 dictus,
801 527 874 563 par
904 513 1041 551 nobile
1072 513 1190 550 rebus
1219 513 1260 549 in
1292 527 1337 550 eo
1368 513 1605 562 magistratu
1630 512 1762 561 gestis,

328 581 527 619 discordia
558 585 701 627 tamen,
733 595 810 631 qua
841 594 966 631 prope
998 581 1047 618 ad
1079 581 1266 618 ultimum
1299 581 1571 619 dimicationis
1601 583 1761 618 ventum

264 650 309 686 11
331 654 400 696 est,
431 649 617 688 nobilius.
676 649 745 687 Ab
777 649 903 686 altero
936 648 1094 685 consule
1117 648 1158 685 in
1175 648 1356 686 Vestinis
1380 649 1589 699 multiplex
1603 648 1763 695 bellum,

327 731 398 755 nec
429 731 593 767 usquam
624 717 736 755 vario
767 720 927 763 eventu,
973 720 1125 765 gestum
1166 721 1234 754 est.
1307 717 1409 755 Nam
1448 720 1487 754 et
1517 716 1763 767 pervastavit

331 797 462 834 agros,
509 789 548 822 et
585 785 814 834 populando
853 788 972 834 atque
1003 784 1155 821 urendo
1185 787 1291 822 tecta
1322 785 1494 822 hostium
1526 788 1690 834 sataque
1721 783 1763 821 in

266 853 313 889 12
331 854 457 891 aciem
488 853 635 890 invitos
667 853 849 899 extraxit,
880 856 919 889 et
950 852 1005 889 ita
1034 852 1179 902 proelio
1210 866 1288 890 uno
1327 852 1477 890 accidit
1507 852 1765 890 Vestinorum

329 935 408 968 res,
453 921 762 971 haudquaquam
807 924 937 958 tamen
985 921 1193 959 incruento
1238 921 1367 959 milite
1406 935 1496 968 suo,
1540 924 1585 957 ut
1614 933 1693 958 non
1724 919 1764 956 in

332 992 460 1027 castra
492 989 617 1026 solum
648 989 877 1037 refugerent
907 989 1052 1035 hostes,
1092 989 1161 1027 sed
1199 989 1278 1027 iam
1316 1003 1364 1026 ne
1393 989 1497 1027 vallo
1529 987 1691 1038 quidem
1720 999 1765 1024 ac

330 1057 448 1095 fossis
478 1057 570 1094 freti
602 1056 877 1094 dilaberentur
900 1057 940 1094 in
968 1058 1130 1107 oppida,
1161 1058 1244 1095 situ
1259 1057 1420 1094 urbium
1436 1056 1710 1105 moenibusque
1726 1067 1766 1093 se

264 1124 315 1161 13
334 1126 544 1163 defensuri.
618 1124 826 1161 Postremo
872 1125 1022 1174 oppida
1059 1139 1217 1175 quoque
1257 1126 1297 1163 vi
1337 1137 1562 1174 expugnare
1592 1123 1767 1169 adortus,

331 1194 461 1243 primo
493 1193 679 1230 Cutinam
712 1192 867 1241 ingenti
899 1193 1040 1231 ardore
1071 1194 1243 1231 militum
1276 1207 1298 1231 a
1328 1193 1539 1230 vulnerum
1556 1192 1629 1239 ira,
1659 1189 1767 1241 quod

332 1262 439 1299 haud
470 1262 551 1298 fere
583 1247 793 1310 quisquam
834 1260 989 1309 integer
1027 1262 1172 1310 proelio
1213 1264 1450 1307 excesserat,
1496 1260 1614 1298 scalis
1650 1258 1767 1308 cepit,

270 1329 321 1365 14
338 1329 481 1366 deinde
513 1328 742 1377 Cingiliam.
818 1328 1040 1379 Utriusque
1070 1330 1182 1367 urbis
1213 1329 1389 1378 praedam
1420 1328 1630 1374 militibus,
1661 1325 1767 1376 quod

332 1410 397 1435 eos
429 1410 554 1447 neque
584 1400 710 1446 portae
741 1410 813 1434 nec
844 1397 947 1434 muri
977 1397 1152 1434 hostium
1184 1401 1406 1444 affuerant,
1439 1396 1645 1434 concessit.

199 1461 260 1507 30
446 1465 495 1502 In
528 1463 734 1502 Samnium
766 1465 930 1502 incertis
961 1465 1061 1502 itum
1085 1465 1278 1515 auspiciis
1303 1468 1380 1511 est;
1412 1465 1522 1502 cuius
1547 1463 1606 1501 rei
1620 1462 1765 1500 vitium

334 1546 411 1570 non
446 1533 485 1569 in
515 1532 611 1569 belli
636 1535 830 1579 eventum,
861 1533 968 1581 quod
992 1545 1180 1583 prospere
1197 1536 1352 1582 gestum
1369 1536 1438 1580 est,
1468 1532 1537 1570 sed
1554 1531 1596 1568 in
1612 1530 1764 1568 rabiem

290 1600 312 1635 2
331 1604 449 1650 atque
490 1601 570 1637 iras
616 1600 902 1649 imperatorum
941 1601 1075 1637 vertit.
1149 1600 1329 1650 Namque
1366 1600 1557 1650 Papirius
1594 1598 1766 1636 dictator

331 1683 353 1706 a
383 1668 556 1718 pullario
587 1668 761 1706 monitus
793 1681 912 1717 quum
953 1668 1004 1705 ad
1045 1668 1270 1718 auspicium
1307 1667 1567 1718 repetendum
1597 1666 1764 1704 Romam

334 1735 665 1786 proficisceretur,
710 1735 901 1784 magistro
946 1735 1124 1785 equitum
1163 1735 1428 1782 denuntiavit,
1472 1738 1518 1773 ut
1553 1747 1637 1773 sese
1678 1734 1764 1771 loco

330 1807 483 1841 teneret
545 1816 621 1840 neu
683 1804 845 1841 absente
905 1817 947 1840 se
1003 1816 1090 1841 cum
1152 1804 1265 1842 hoste
1320 1817 1478 1841 manum
1534 1803 1767 1840 consereret,

295 1870 318 1907 3
337 1871 383 1918 Q.
414 1871 567 1909 Fabius
597 1885 718 1920 quum
750 1874 840 1921 post
866 1872 1153 1920 profectionem
1178 1871 1388 1909 dictatoris
1411 1885 1482 1921 per
1498 1870 1767 1920 exploratores

332 1940 603 1988 comperisset,
648 1939 813 1989 perinde
859 1940 992 1977 omnia
1032 1940 1162 1977 soluta
1203 1940 1310 1989 apud
1348 1940 1480 1978 hostes
1518 1952 1614 1985 esse,
1659 1950 1704 1975 ac
1734 1936 1767 1974 si

292 2006 446 2044 4nemo
477 2007 681 2044 Romanus
712 2007 755 2044 in
787 2006 949 2045 Samnio
981 2011 1099 2054 esset,
1138 2020 1206 2044 seu
1235 2008 1347 2045 ferox
1377 2007 1606 2045 adolescens
1637 2004 1767 2053 indig-

336 2074 461 2111 nitate
492 2088 690 2122 accensus,
730 2075 836 2125 quod
868 2075 1000 2112 omnia
1031 2075 1070 2112 in
1103 2075 1301 2113 dictatore
1331 2075 1562 2112 viderentur
1591 2073 1768 2123 reposita

337 2155 430 2188 esse,
475 2155 543 2179 seu
583 2143 790 2180 occasione
819 2143 919 2180 bene
950 2142 1132 2191 gerendae
1162 2142 1222 2180 rei
1254 2142 1459 2189 inductus,
1504 2141 1675 2179 exercitu
1708 2141 1766 2178 in-

335 2213 485 2247 structo
517 2213 734 2259 paratoque
765 2210 967 2260 profectus
998 2210 1049 2248 ad
1080 2210 1318 2248 Imbrinium
1345 2210 1419 2259 (ita
1447 2212 1592 2247 vocant
1620 2209 1767 2257 locum)

295 2276 420 2315 5acie
451 2291 540 2314 cum
570 2276 818 2315 Samnitibus
850 2279 1042 2316 conflixit.
1114 2278 1175 2317 Ea
1205 2279 1367 2315 fortuna
1404 2290 1549 2327 pugnae
1585 2276 1681 2324 fuit,
1723 2279 1769 2314 ut

336 2344 437 2382 nihil
466 2345 651 2382 relictum
683 2345 746 2391 sit,
793 2359 883 2394 quo,
921 2346 954 2383 si
984 2345 1161 2384 affuisset
1190 2346 1374 2392 dictator,
1417 2358 1480 2383 res
1510 2344 1653 2382 melius
1682 2344 1769 2394 geri

299 2413 322 2449 6
339 2412 532 2462 potuerit,
563 2425 642 2450 non
674 2412 753 2449 dux
770 2413 902 2460 militi,
932 2427 1012 2451 non
1036 2414 1148 2452 miles
1172 2414 1265 2452 duci
1295 2413 1433 2451 defuit.
1478 2413 1612 2462 Eques
1635 2412 1768 2458 etiam,

337 2484 497 2518 auctore
528 2480 574 2517 L.
606 2480 786 2517 Cominio
831 2480 994 2519 tribuno
1025 2482 1212 2528 militum,
1257 2482 1326 2531 qui
1365 2480 1579 2531 aliquoties
1616 2480 1768 2530 impetu

338 2552 453 2597 capto
484 2561 738 2598 perrumpere
769 2561 847 2586 non
871 2552 1029 2597 poterat
1050 2549 1226 2586 hostium
1253 2562 1405 2598 agmen,
1435 2548 1611 2586 detraxit
1635 2548 1767 2586 frenos

337 2616 451 2665 equis
481 2619 599 2666 atque
640 2616 696 2653 ita
734 2616 951 2653 concitatos
989 2616 1212 2655 calcaribus
1251 2616 1449 2666 permisit,
1494 2618 1539 2653 ut
1575 2615 1767 2653 sustinere
