1821 2928
155 635 182 681 2

273 151 298 188 4
908 147 1025 183 Liber
1048 147 1079 183 1.

271 276 531 317 domesticum
557 275 721 325 publico
745 274 973 313 adiunxisse
998 275 1141 325 foedus,
1169 275 1254 312 filia
1280 275 1417 313 AEneae
1444 277 1485 314 in
1503 277 1709 316 matrimo-

200 349 251 386 10
268 351 378 389 nium
411 348 516 387 data.
578 346 639 384 Ea
683 346 822 396 utique
867 360 929 385 res
961 346 1150 385 Troianis
1197 360 1307 397 spem
1339 347 1513 386 affirmat
1543 348 1706 386 tandem

271 421 409 460 stabili
426 422 615 468 certaque
633 417 726 456 sede
742 418 909 456 finiendi
926 419 1085 458 erroris.
1119 417 1324 468 Oppidum
1342 420 1540 467 condunt3
1553 420 1706 458 AEneas

201 490 247 527 11
269 494 318 532 ab
337 491 495 530 nomine
512 490 649 528 uxoris
666 489 878 528 Lavinium
896 491 1082 540 appellat.
1119 490 1242 528 Brevi
1259 491 1381 540 stirps
1399 504 1559 541 quoque
1574 492 1706 530 virilis

267 579 315 602 ex
343 577 447 602 novo
475 562 727 600 matrimonio
752 562 841 609 fuit,
870 562 932 599 cui
950 561 1170 600 Ascanium
1188 565 1374 612 parentes
1393 563 1532 600 dixere
1549 576 1705 602 nomen.

380 635 498 674 Bello
516 634 659 672 deinde
677 634 927 682 Aborigines
945 632 1190 684 Troianique
1207 634 1336 684 petiti.
1369 633 1529 672 Turnus
1538 649 1608 672 rex
1619 635 1703 673 Ru-

264 709 453 758 tulorum,
479 706 543 744 cui
567 709 684 756 pacta
700 705 873 743 Lavinia
898 708 989 743 ante
1005 705 1220 743 adventum
1237 706 1378 743 AEneae
1395 707 1539 753 fuerat,
1562 707 1705 757 praela-

264 783 350 818 tum
381 780 459 817 sibi
490 779 682 817 advenam
711 790 816 827 aegre
840 777 996 826 patiens
1023 777 1142 814 simul
1157 778 1296 816 AEneae
1312 778 1538 828 Latinoque
1555 778 1704 816 bellum

222 853 246 890 2
266 852 470 889 intulerat.
501 850 654 889 Neutra
672 849 778 887 acies
795 849 888 886 laeta
907 862 953 886 ex
971 863 1015 887 eo
1034 850 1252 887 certamine
1278 850 1397 888 abiit:
1424 850 1521 887 victi
1539 850 1705 898 Rutu1i3

219 925 242 962 3
262 924 437 963 victores
454 921 702 971 Aborigines
720 921 969 971 Troianique
1002 920 1142 959 ducem
1159 921 1352 959 Latinum
1383 922 1561 959 amisere.
1599 921 1705 960 Inde

261 994 649 1044 TurnusRutulique
662 993 783 1031 diffisi
794 993 914 1031 rebus
924 993 974 1030 ad
983 993 1171 1031 florentes
1183 993 1707 1043 opesEtruscorumMezen·

260 1068 442 1117 tiumque
466 1079 602 1116 regem
626 1079 762 1103 eorum
790 1066 1039 1115 confugiunt,
1070 1065 1141 1115 qui
1160 1065 1283 1115 Caere,
1317 1065 1507 1115 opulento
1530 1068 1616 1102 tum
1633 1078 1702 1115 op-

260 1140 366 1191 pido,
395 1138 645 1189 imperitans,
674 1137 752 1175 iam
779 1137 869 1174 inde
896 1138 944 1175 ab
963 1137 1079 1174 initio
1096 1137 1262 1174 minime
1280 1138 1397 1174 laetus
1413 1150 1526 1174 novae
1544 1137 1704 1187 origine

261 1212 386 1261 urbis,
421 1214 459 1248 et
486 1213 570 1247 tum
595 1209 721 1246 nimio
745 1210 847 1259 plus,
879 1222 996 1259 quam
1024 1209 1122 1246 satis
1148 1211 1279 1246 tutum
1307 1212 1411 1246 esset
1427 1210 1586 1256 accolis,
1617 1222 1701 1246 rem

259 1283 478 1321 Troianam
496 1294 673 1319 crescere
691 1281 921 1327 ratus,haud
935 1281 1133 1330 gravatim
1144 1280 1250 1318 socia
1262 1294 1372 1318 arma
1381 1281 1545 1318 Rutulis
1554 1280 1701 1318 iunxit.

220 1358 245 1393 4
264 1356 414 1392 AEneas
440 1354 631 1391 adversus
648 1352 751 1390 tanti
766 1353 863 1390 belli
889 1356 1083 1390 terrorem
1100 1357 1145 1390 ut
1162 1353 1314 1390 animos
1332 1351 1604 1401 Aboriginum
1621 1352 1699 1390 sibi

261 1427 509 1475 conciliaret,
536 1438 608 1462 nec
635 1425 707 1462 sub
740 1424 875 1462 eodem
896 1424 983 1461 iure
1001 1424 1140 1474 solum,
1161 1424 1231 1461 sed
1249 1425 1371 1462 etiam
1388 1425 1547 1462 nomine
1565 1437 1702 1462 omnes

217 1498 240 1535 5
259 1502 403 1544 essent,
421 1497 589 1534 Latinos
614 1500 826 1545 utramque
855 1499 1015 1545 gentem
1034 1496 1276 1546 appellavit3
1299 1509 1373 1533 nec
1390 1495 1534 1533 deinde
1550 1495 1702 1534 Abori-

257 1572 369 1620 gines
391 1569 581 1607 Troianis
606 1568 739 1605 studio
758 1581 802 1605 ac
820 1567 898 1604 fide
917 1582 1012 1617 erga
1028 1581 1161 1617 regem
1172 1568 1342 1606 AEneam
1353 1582 1516 1607 cessere.
1535 1568 1699 1606 Fretus·

260 1657 335 1694 que
361 1643 423 1679 his
455 1641 598 1678 animis
623 1639 934 1676 coalescentium
962 1639 1005 1675 in
1025 1640 1109 1677 dies
1127 1639 1256 1687 magis
1274 1639 1441 1677 duorum
1458 1640 1698 1689 populorum

261 1715 423 1761 AEneas,
470 1725 697 1763 quanquam
727 1714 839 1747 tanta
886 1710 1031 1760 opibus
1063 1710 1231 1748 Etruria
1276 1714 1374 1758 erat,
1420 1716 1465 1748 ut
1495 1712 1573 1748 iam
1617 1724 1698 1748 non

255 1791 384 1825 terras
416 1785 556 1832 solum,
587 1783 655 1821 sed
686 1795 793 1820 mare
826 1781 944 1819 etiam
976 1795 1047 1831 per
1078 1786 1203 1820 totam
1227 1783 1361 1819 Italiae
1391 1782 1700 1832 longitudinem,

256 1859 306 1897 ab
339 1857 516 1908 Alpibus
548 1856 599 1893 ad
631 1856 776 1892 fretum
809 1852 1004 1902 Siculum,
1047 1855 1153 1892 fama
1186 1854 1357 1892 nominis
1389 1855 1451 1892 sui
1482 1855 1698 1904 implesset,

255 1935 399 1976 tamen,
434 1942 555 1979 quum
580 1927 774 1964 moenibus
801 1926 949 1963 bellum
978 1926 1215 1975 propulsare
1240 1929 1386 1976 posset,
1419 1927 1458 1963 in
1483 1926 1609 1964 aciem
1636 1939 1698 1964 co-

217 2004 239 2041 6
258 2003 345 2053 pias
364 2001 511 2038 eduxit.
558 1998 783 2036 Secundum
801 1997 895 2035 inde
913 1998 1099 2047 proelium
1117 1997 1288 2046 Latinis,
1307 1997 1446 2036 AEneae
1465 1999 1585 2035 etiam
1601 1997 1697 2036 ulti-

256 2088 361 2112 mum
378 2072 607 2110 mortalium
625 2083 787 2120 operum
804 2070 892 2106 fuit.
936 2068 1046 2107 Situs
1059 2073 1128 2117 est,
1152 2082 1427 2119 quemcunque
1439 2083 1526 2107 eum
1539 2069 1618 2107 dici
1634 2069 1697 2107 ius

254 2147 393 2196 fasque
412 2148 482 2191 est,
507 2156 626 2193 super
643 2142 856 2180 Numicum
874 2141 1056 2188 fluvium3
1082 2142 1219 2179 Iovem
1236 2141 1458 2190 indigetem
1476 2141 1696 2191 appellant.

374 2216 561 2255 Nondum
607 2218 785 2252 maturus
833 2213 1000 2263 imperio
1034 2213 1236 2251 Ascanius
1267 2213 1407 2250 AEneae
1451 2212 1561 2250 filius
1593 2215 1696 2262 erat,

255 2293 387 2327 tamen
420 2288 461 2325 id
492 2287 700 2337 imperium
733 2285 769 2322 ei
803 2285 851 2321 ad
883 2285 1076 2335 puberem
1111 2289 1268 2323 aetatem
1299 2285 1500 2322 incolume
1530 2285 1697 2332 mansit;

255 2361 453 2410 tantisper
482 2359 608 2396 tutela
638 2357 826 2394 muliebri
861 2357 991 2407 (tanta
1023 2357 1181 2395 indoles
1212 2358 1254 2394 in
1285 2356 1458 2394 Lavinia
1490 2354 1596 2409 erat)
1627 2369 1693 2394 res

216 2431 408 2470 2Latina
451 2434 490 2468 et
527 2443 692 2480 regnum
724 2429 886 2466 avitum.
906 2432 1197 2479 paternumque
1230 2442 1355 2479 puero
1387 2428 1510 2467 stetit.
1570 2426 1696 2466 Haud

254 2504 454 2552 ambigam
495 2500 602 2555 (quis
643 2501 747 2538 enim
794 2514 874 2537 rem
905 2504 986 2537 tam
1018 2504 1193 2538 veterem
1224 2513 1297 2550 pro
1331 2503 1437 2537 certo
1469 2497 1695 2551 affirmetP),

253 2577 384 2613 hicine
430 2575 550 2612 fuerit
581 2573 780 2611 Ascanius
827 2586 876 2609 an
918 2573 1044 2610 maior
1090 2585 1207 2621 quam
1252 2571 1330 2620 hic,
1379 2570 1531 2608 Creusa
1568 2573 1695 2608 matre

253 2647 333 2684 1lio
360 2647 550 2684 incolumi
577 2649 693 2683 natus
720 2658 928 2694 comesque
954 2643 1045 2680 inde
1071 2647 1247 2693 paternae
1271 2643 1390 2692 fugae,
1417 2656 1534 2692 quem
1557 2641 1693 2680 Iulum

214 2726 237 2762 3
257 2719 425 2756 eundem
444 2718 552 2755 Iulia
585 2730 681 2766 gens
715 2720 917 2754 auctorem
949 2715 1121 2753 nominis
1153 2715 1216 2752 sui
1247 2718 1467 2764 nuncupat.
1505 2713 1547 2751 Is
1565 2713 1692 2753 Asca-
