1821 2928
215 111 278 148 IV

208 235 375 266 mentum
400 231 464 273 (P)
495 230 602 272 XIV,
640 232 660 263 7
699 230 797 264 eirca
829 230 946 265 densa
978 230 1131 276 [obsita]
1163 232 1329 277 virgulta
1354 232 1450 276 (Em.
1477 232 1526 266 50
1548 233 1601 277 n.)
1625 234 1648 267 9

209 290 347 332 quique
374 300 458 323 cum
485 299 528 321 eo
555 287 699 330 equites
726 290 833 321 erant
848 287 946 330 (Em.
966 287 1029 331 49;
1054 287 1173 325 Drah.
1199 300 1282 323 cum
1308 299 1352 323 eo
1377 288 1481 332 equis
1508 289 1645 334 ierant)

208 345 296 388 XV,
336 346 354 379 1
392 344 625 385 stimulabat,
666 344 704 378 iu
736 342 827 378 fines
859 344 1120 388 (interpunctio
1153 345 1343 381 emendata
1368 355 1391 379 a
1418 344 1648 389 Kreyssiyio)

208 400 315 444 XVI,
341 402 363 435 8
388 401 466 434 haec
488 399 581 434 fides
606 399 737 443 XVII,
765 402 782 435 1
800 401 865 444 (ad
880 401 1047 445 singulos
1063 400 1249 446 Groevius;
1279 400 1522 439 codd.,Drak.
1538 401 1646 435 asin-

207 458 319 502 gulis)
345 459 366 491 2
391 468 498 500 aequa
524 456 616 501 (stly.
641 457 722 492 Em.
739 457 797 502 51)
821 458 843 491 8
869 457 1091 500 (retinerent
1111 456 1241 500 Gron.;
1266 457 1378 499 codd,
1404 457 1524 494 Drak.
1553 458 1647 492 deti-

206 515 355 555 nerent)
382 512 527 556 XVIII,
554 514 575 547 3
600 524 684 557 quae
710 514 808 548 fama
833 514 871 547 in
897 513 1055 548 Sabinos
1082 513 1236 557 (Siyon.)
1268 515 1290 548 8
1315 513 1442 558 quoad
1473 515 1564 558 (quo
1589 513 1647 558 M,

207 570 309 613 quod
334 570 380 612 P)
405 569 511 612 XIX,
550 571 571 604 6
597 570 753 613 (Nota-m
781 570 924 605 numeri
957 569 1082 604 omissi
1114 569 1262 604 addidit
1297 570 1470 613 Wesenb.)
1493 571 1498 614 ί
1520 570 1647 613 (Codd.

206 627 469 670 intercalares3
496 637 560 661 em.
577 626 816 670 Heerwayem
849 626 1021 661 edebatur
1046 627 1157 660 antea
1187 626 1499 671 intercalaribus.)
1524 627 1600 671 XX,
1625 629 1646 662 7

207 684 264 726 (ac
301 686 597 727 procurarentur
628 686 710 727 post
752 682 864 718 Gron.
896 682 1062 718 Harant.
1084 681 1338 725 probabiliter)
1375 682 1478 725 XXI,
1516 684 1536 717 1
1577 694 1646 727 pro

208 740 319 774 anxio
346 751 390 774 ex
415 740 533 774 altera
559 739 770 774 coniectura
795 740 924 773 nostra
949 738 1048 782 (Em.
1074 739 1134 781 51,·
1159 738 1269 780 codd„
1295 738 1414 774 Drak.
1440 740 1496 772 ius
1522 739 1646 774 iuran-

206 796 296 830 dum
322 796 498 840 proximo
524 797 664 840 legum)
689 798 713 829 4
737 795 820 839 (soli
846 794 990 829 notavit
1006 793 1206 839 Rycqqu,
1240 794 1417 839 Wesenb.;
1442 798 1563 830 ortum
1576 796 1648 831 soli

205 863 250 887 cx
274 852 456 887 sollemne
481 864 603 888 errore
622 852 829 896 praecepto.)
855 850 978 894 XXII,
1003 851 1025 885 5
1050 851 1208 885 comiter
1245 851 1297 894 (P
1315 852 1412 885 comi
1438 852 1562 886 fronte
1587 863 1648 888 co·
1683 882 1685 884 ,

204 909 327 949 miter,
359 908 405 943 M
434 909 582 944 rasuris
614 908 841 951 obscuratus,
874 907 908 942 L
939 918 1023 941 cum
1054 908 1178 942 fronte
1211 908 1416 952 communi)
1446 908 1587 951 XXIII,
1624 909 1646 943 5

205 976 318 1009 quam
345 976 530 1009 proxume
555 964 686 1009 (Gron.
706 964 885 1000 Promima
909 964 971 999 via
995 964 1260 1009 significatur.)
1286 965 1307 997 6
1332 967 1468 1008 tamen,
1495 966 1526 999 si
1551 976 1647 1001 vana

205 1021 422 1056 adferantur
454 1032 471 1056 e
502 1021 595 1056 coni.
629 1020 659 1055 I.
693 1021 744 1056 H.
779 1021 902 1057 Vossii
935 1021 989 1065 (T.
1034 1020 1168 1062 Faber,
1201 1020 1283 1056 Em.
1317 1022 1383 1064 45;
1420 1021 1519 1056 codd.
1552 1032 1647 1056 vana

205 1078 488 1122 adferebantur)
512 1079 516 1122 Ι
538 1083 738 1122 postquam
776 1078 911 1112 structi
937 1077 1034 1121 (Em.
1073 1078 1145 1111 335
1180 1079 1232 1121 n.)
1269 1079 1291 1111 8
1327 1076 1451 1122 (Codd.
1489 1078 1648 1122 propior

205 1135 362 1177 uulseis3
394 1145 457 1170 em.
483 1134 696 1177 Strothias.)
728 1134 857 1176 XXIV,
889 1136 911 1168 3
943 1134 1003 1169 hic
1029 1144 1151 1169 errore
1179 1135 1184 1178 Ι
1210 1136 1263 1177 ut,
1296 1134 1400 1167 cuius
1426 1134 1527 1179 [que]
1554 1134 1645 1179 (edd.

203 1193 297 1234 vett„
322 1191 400 1236 My.
434 1191 483 1226 ad
510 1190 582 1226 Cic.
609 1191 692 1226 Pin.
717 1203 751 1236 p.
776 1191 862 1236 833)
893 1192 914 1225 5
939 1202 1072 1235 puram
1105 1190 1186 1225 sine
1217 1190 1324 1224 uncis
1358 1190 1496 1234 (Uncos
1527 1191 1604 1226 voci
1629 1202 1647 1226 e

201 1248 384 1292 proximis
418 1247 487 1282 hue
517 1249 694 1289 retractae,
728 1259 807 1291 qaae
837 1248 1058 1282 sententiani
1088 1247 1214 1282 turbat
1238 1249 1275 1281 et
1291 1257 1453 1290 pravum
1473 1257 1588 1292 ,oenus
1613 1250 1647 1283 et

203 1315 396 1339 numeram
428 1303 543 1346 habet,
578 1304 659 1338 Uss.
693 1303 780 1338 addi
811 1304 949 1348 iussit.)
987 1305 1008 1337 7
1043 1304 1219 1348 (ceraque
1250 1304 1352 1345 recte,
1381 1303 1522 1347 opinor,
1550 1303 1644 1339 Sies-

203 1360 327 1406 byeus)
359 1359 485 1401 XXV,
523 1361 544 1393 2
576 1360 721 1394 animos
762 1360 965 1394 intendunt
997 1372 1013 1394 e
1045 1359 1138 1395 coni.
1173 1358 1346 1393 Muelleri
1377 1358 1437 1402 (H
1462 1360 1502 1402 1,·
1538 1359 1647 1394 ceteri

201 1417 303 1453 codd.
336 1417 428 1451 mell.
463 1416 586 1451 animo
620 1416 891 1458 incenduntur3
928 1415 1023 1451 coni.
1060 1415 1236 1450 ssIuelleri
1265 1414 1365 1449 haud
1395 1415 1649 1459 improbabilis

202 1473 372 1515 videtur.)
399 1474 419 1506 6
443 1473 525 1507 viee
548 1473 660 1507 unius
686 1472 785 1516 (Em.
811 1473 848 1515 9)
874 1473 895 1506 9
922 1472 1044 1515 qualis
1070 1483 1115 1507 ex
1141 1473 1331 1516 insperato
1358 1471 1450 1516 (My.
1477 1472 1559 1508 Em.
1587 1473 1645 1518 51)

209 1531 250 1565 13
276 1530 396 1574 (quod
420 1540 543 1574 prope
575 1528 753 1572 Wesenb.;
779 1528 891 1571 codd,
917 1529 1036 1563 Drak.
1065 1540 1137 1572 quo
1163 1528 1299 1573 prope)
1324 1527 1460 1570 XXVI,
1488 1530 1505 1562 1
1530 1529 1645 1564 inter-

198 1587 382 1631 punyitur
404 1588 485 1631 post
500 1585 647 1629 Mettio,
675 1597 750 1621 non
768 1587 855 1630 post
878 1586 966 1621 icto.
993 1586 1014 1620 5
1046 1584 1171 1629 (Codd.
1204 1585 1250 1619 ad
1276 1585 1501 1630 secundum3
1526 1585 1646 1623 Drak.

203 1646 280 1685 aut,
313 1653 401 1686 sec.;
442 1653 504 1676 eni.
538 1641 772 1686 Rhenanus.)
802 1643 824 1676 8
856 1642 911 1676 ita
943 1642 989 1676 de
1022 1641 1290 1686 provocatione
1324 1640 1377 1683 (T.
1419 1640 1547 1682 Faber,
1582 1641 1646 1686 qai

200 1699 314 1734 scribi
339 1699 454 1734 voluit
481 1698 608 1742 itaque
632 1699 935 1743 provocatione.)
961 1698 1120 1740 XXVII,
1147 1699 1165 1732 1
1193 1697 1406 1742 (commissa
1431 1697 1552 1731 fuerat
1571 1708 1644 1742 pro

203 1755 404 1790 commissa
436 1754 551 1789 fuerit
575 1755 760 1798 Bauerus,
793 1755 868 1800 My.
893 1754 976 1791 Em.
1010 1756 1073 1798 52)
1105 1755 1126 1789 5
1157 1756 1213 1798 (et
1243 1755 1388 1790 notavit
1418 1753 1590 1797 Wesenb.)
1622 1755 1645 1788 8

202 1812 294 1846 item
319 1812 491 1856 imperat,
523 1815 567 1845 ut
591 1812 720 1846 hastas
748 1811 893 1855 equites
919 1812 1108 1856 erigerent
1133 1810 1269 1855 (eidem
1293 1822 1359 1855 pro
1384 1811 1483 1844 idem
1512 1809 1643 1854 Gron.;

204 1867 248 1902 M
269 1879 315 1904 m.
342 1869 360 1902 1
388 1868 532 1912 equites
560 1868 704 1913 erigere
729 1868 920 1912 erigerent
939 1868 1075 1910 iubeat,
1102 1867 1342 1912 Perigerent
1365 1867 1511 1908 iubeat,
1536 1866 1644 1901 ceteri

205 1925 350 1969 erigere
386 1924 509 1968 iubet)
546 1923 742 1967 XXVIII,
780 1925 801 1958 6
843 1923 1081 1968 (Videndum,
1120 1934 1165 1958 ne
1201 1924 1290 1958 inde
1326 1924 1537 1958 mendosum
1568 1923 1645 1968 sit.)

201 1980 329 2022 XXIX,
355 1982 376 2015 3
402 1981 515 2024 (Unci
540 1981 660 2016 additi
685 1992 702 2015 e
725 1980 818 2015 coni.
844 1980 921 2024 My.
947 1980 1027 2016 Em.
1054 1981 1129 2023 52.)
1156 1982 1177 2014 6
1203 1981 1312 2024 (urbe
1331 1991 1403 2024 pro
1420 1980 1550 2014 urbem
1566 1978 1642 2024 My.

203 2037 288 2073 Em.
318 2038 390 2081 53.)
428 2037 548 2081 XXX,
585 2039 608 2071 2
637 2036 761 2079 (C'odd.
786 2036 948 2077 Tullios;
984 2047 1048 2071 em.
1075 2037 1307 2080 Sabellicus.)
1341 2037 1363 2070 5
1388 2035 1518 2070 Sabini
1555 2046 1642 2070 suos

205 2094 294 2138 (My.
319 2093 400 2129 Em.
428 2093 488 2138 53)
515 2093 684 2135 XXXII,
709 2095 732 2128 2
757 2094 868 2138 longe
895 2092 998 2138 [que]
1023 2092 1168 2139 (Gron.)
1214 2095 1219 2138 1
1252 2094 1351 2138 regis
1377 2093 1450 2136 (M)
1484 2095 1489 2137 Ι
1522 2092 1643 2126 relata

201 2162 220 2185 e
245 2150 340 2185 coni.
368 2149 538 2185 Sabellici
563 2150 697 2194 (Nulla
728 2149 935 2194 corrigendi
965 2150 1163 2185 necessitas
1196 2161 1268 2185 esse
1300 2149 1454 2192 videtur,
1486 2159 1642 2193 praeser-

204 2206 270 2241 tim
301 2209 511 2250 comparato
539 2207 723 2242 Ciceronis
756 2207 831 2242 loco
864 2206 907 2240 de
933 2205 994 2242 Or.
1022 2205 1078 2248 ΙΙ,
1110 2207 1178 2250 52;
1209 2207 1417 2251 efferuntur
1440 2205 1482 2240 in
1507 2205 1646 2248 album,

201 2273 282 2307 quoe
306 2263 425 2297 relata
445 2265 739 2307 proponuntur.)
770 2265 792 2297 8
825 2262 913 2307 (fuit
937 2273 1010 2307 pro
1042 2262 1158 2297 fuerit
1190 2263 1364 2308 IVesenb.)
1397 2264 1440 2297 10
1469 2266 1548 2296 tum
1576 2261 1639 2307 [is]

202 2319 355 2353 nuntius
371 2319 462 2363 (My.
480 2320 583 2356 1885.
600 2319 717 2362 Godd.,
736 2319 857 2355 Drak.
874 2330 959 2354 cum
973 2319 1029 2353 his
1051 2321 1206 2354 nuntius
1212 2330 1224 2363 ,·
1248 2320 1360 2365 legati
1373 2319 1536 2364 dignitas
1549 2319 1643 2353 recte

199 2375 446 2420 significatur,
484 2386 595 2419 quum
625 2375 798 2420 publicus
827 2375 1020 2410 Romanus
1059 2376 1215 2411 nuntias
1247 2377 1474 2420 appellatum·
1508 2374 1586 2419 ipse
1616 2384 1642 2408 a

203 2431 312 2467 Isivio
346 2432 388 2466 in
422 2430 615 2466 narrando
649 2432 868 2476 simpliciter
897 2432 1053 2467 nuntius
1090 2432 1273 2476 appellari
1305 2443 1381 2467 non
1408 2432 1570 2476 poteram
1607 2429 1640 2464 is

204 2487 363 2523 Romam
379 2487 524 2523 redibat
547 2500 631 2522 oum
656 2488 711 2521 his
730 2488 882 2532 nuntiis,
906 2488 930 2524 i.
957 2499 984 2525 e.
1010 2500 1090 2523 cum
1108 2489 1242 2524 harum
1260 2499 1384 2523 rerum
1400 2488 1638 2532 peractarwm

202 2544 358 2579 nuntiis.
408 2545 497 2589 Qaae
521 2544 589 2579 alii
613 2546 858 2587 tentaverunt,
878 2555 1001 2588 prava
1027 2546 1094 2579 aut
1109 2544 1269 2579 violenta
1294 2545 1408 2586 sunt.)
1438 2544 1478 2577 11
1504 2543 1636 2585 litium,

202 2611 398 2635 causarum
423 2600 515 2645 (My.
541 2601 623 2636 Em.
655 2602 716 2646 54)
753 2602 791 2634 12
818 2601 954 2644 (Cocid,
987 2600 1107 2635 Drak.
1139 2601 1382 2644 sanguineam
1417 2602 1636 2643 praeustam3

201 2666 297 2691 corr.
323 2658 400 2702 My.
426 2657 507 2693 Em.
533 2658 592 2700 55)
620 2655 809 2700 XXXIII,
836 2657 857 2691 5
883 2656 986 2701 (Iure
1019 2656 1117 2691 Crev-
1150 2656 1330 2692 excidisse
1353 2654 1496 2700 aliquid
1520 2654 1640 2700 suspi-
