1821 2928
296 138 374 175 166
733 133 847 168 Liber
871 133 946 168 ΠΙ.
994 135 1057 178 (A.
1081 146 1116 168 u.
1141 146 1172 169 c.
1197 135 1290 180 305.)

294 262 426 299 cretiae
457 261 555 298 urbe
586 274 788 310 regnoque
806 261 1048 312 Tarquinios
1080 263 1297 312 expulerat,
1329 267 1375 301 ut
1398 277 1477 302 non
1493 263 1584 302 finis
1600 264 1730 302 solum

293 332 396 370 idem
429 332 673 379 decemviris,
707 333 776 383 qui
806 333 982 383 regibus,
1014 334 1083 371 sed
1115 348 1233 372 causa
1263 335 1383 372 etiam
1414 335 1551 374 eadem
1570 335 1730 386 imperii

256 403 507 443 2amittendi
539 408 649 442 esset.
711 405 820 455 App.
855 404 1068 442 Claudium
1099 406 1268 454 virginis
1299 407 1467 456 plebeiae
1499 407 1730 458 stuprandae

295 476 426 514 libido
466 477 581 526 cepit.
644 476 767 514 Pater
797 476 980 526 virginiS,
1028 477 1073 514 L.
1106 477 1338 527 Verginius,
1383 479 1593 516 honestum
1624 477 1729 516 ordi-

295 562 383 585 nem
427 548 468 585 in
500 547 654 596 Algido
687 548 867 594 ducebat,
913 549 976 586 vir
1009 550 1183 599 exempli
1213 551 1313 588 recti
1346 550 1454 588 domi
1486 550 1728 600 militiaeque.

253 621 276 658 3
295 619 469 657 Perinde
507 633 607 657 uxor
648 620 834 658 instituta
865 621 995 658 fuerat
1027 621 1227 671 liberique
1259 622 1586 662 instituebantur.
1646 621 1728 659 De-

297 691 512 741 sponderat
542 691 667 730 filiam
699 692 744 730 L.
775 692 894 730 Icilio
924 693 1156 742 tribunicio,
1198 694 1285 731 viro
1326 694 1409 732 acri
1440 697 1478 731 et
1508 707 1582 743 pro
1612 706 1732 731 causa

256 763 426 813 4plebis
459 767 630 813 expertae
660 764 836 802 virtutis.
895 764 1012 802 Hanc
1043 765 1238 813 virginem
1270 766 1460 815 adultam,
1506 765 1632 803 forma
1663 779 1728 802 ex-

295 835 505 872 cellentem
522 836 694 885 Appius,
726 849 859 873 amore
891 850 1036 882 amens,
1068 836 1198 886 pretio
1230 850 1273 874 ac
1304 850 1372 887 spe
1396 838 1587 887 pellicere
1614 837 1729 876 ador-

294 910 369 953 tus,
412 911 623 956 postquam
670 908 804 945 omnia
848 908 999 958 pudore
1046 911 1170 958 saepta
1209 908 1504 955 animadvertit,
1551 909 1601 947 ad
1643 922 1728 947 cru-

254 980 278 1016 5
298 978 425 1015 delen]
479 979 771 1029 superbamque
823 981 902 1017 vim
953 981 1127 1017 animum
1174 981 1383 1020 convertit.
1458 981 1514 1019 M.
1563 980 1729 1018 Claudio

294 1050 430 1087 clienti
471 1051 676 1099 negotium
717 1051 841 1099 dedit,
882 1055 926 1089 ut
964 1052 1163 1101 virginem
1202 1053 1243 1089 in
1274 1053 1505 1090 servitutem
1537 1055 1732 1090 assereret

294 1136 422 1171 neque
470 1123 626 1160 cederet
672 1124 890 1161 secundum
936 1124 1162 1161 libertatem
1193 1124 1493 1174 postulantibus
1522 1124 1730 1171 vindicias,

251 1196 274 1232 6
296 1194 401 1243 quod
432 1197 547 1243 pater
577 1196 722 1244 puellae
756 1196 920 1243 abesset,
955 1197 1086 1233 locum
1118 1196 1277 1233 iniuriae
1296 1210 1379 1233 esse
1394 1190 1539 1234 ratuss
1565 1196 1731 1245 Virgini

291 1265 469 1303 venienti
516 1266 559 1303 in
604 1268 733 1315 forum
765 1267 841 1317 (ibi
886 1282 1055 1318 namque
1100 1269 1141 1305 in
1181 1268 1359 1306 tabernis
1390 1268 1614 1305 litterarum
1644 1267 1732 1305 ludi

293 1338 421 1386 erant)
454 1338 638 1376 minister
670 1339 886 1377 decemviri
917 1339 1103 1377 libidinis
1135 1353 1292 1377 manum
1325 1340 1474 1386 iniecit,
1516 1352 1631 1377 serva
1660 1352 1732 1376 sua

291 1412 426 1446 natam
458 1423 691 1460 servamque
723 1412 944 1461 appellans,
976 1412 1168 1462 sequique
1200 1425 1240 1449 se
1264 1411 1445 1449 iubebat:
1477 1414 1758 1449 cunctantem·

254 1484 275 1518 7
294 1481 335 1518 vi
366 1481 675 1522 abstracturum.
724 1482 880 1522 Pavida
912 1484 1046 1534 puella
1071 1488 1268 1534 stupente,
1300 1484 1350 1522 ad
1375 1484 1588 1521 clamorem
1603 1483 1731 1520 nutri-

291 1553 345 1589 cis
377 1552 493 1589 fidem
512 1553 729 1600 Quiritium
762 1555 1013 1605 implorantis
1045 1555 1090 1592 fit
1117 1569 1343 1594 concursus.
1389 1540 1577 1604 Qerginii
1601 1554 1730 1605 patris

292 1624 507 1673 sponsique
545 1624 653 1662 Icilii
698 1627 894 1676 populare
941 1639 1084 1664 nomen
1130 1628 1367 1665 celebratur.
1427 1627 1556 1666 Notos
1599 1626 1730 1675 gratia

251 1698 441 1741 Seorum,
473 1696 632 1733 turbam
664 1697 885 1746 indignitas
917 1699 977 1736 rei
1009 1699 1159 1747 virgini
1189 1699 1390 1738 conciliat.
1437 1698 1523 1735 Iam
1548 1698 1627 1735 avi
1641 1700 1730 1734 tuta

289 1772 385 1813 erat,
431 1780 554 1817 quum
598 1772 773 1806 assertor
818 1770 919 1807 nihil
965 1784 1064 1820 opus
1111 1784 1194 1808 esse
1232 1769 1486 1807 multitudine
1527 1769 1727 1807 concitata

288 1839 362 1886 ait;
401 1854 441 1876 se
472 1839 559 1876 iure
601 1841 786 1888 grassari,
825 1855 903 1879 non
934 1842 987 1879 vi.
1047 1841 1178 1880 Vocat
1207 1832 1383 1892 puellam
1414 1842 1456 1878 in
1487 1841 1559 1878 ius.
1619 1840 1727 1878 Auc-

249 1913 271 1949 9
291 1911 463 1958 toribus,
495 1911 565 1960 qui
596 1912 773 1962 aderant,
807 1917 850 1950 ut
867 1917 1114 1963 sequeretur,
1147 1913 1198 1951 ad
1214 1913 1394 1950 tribunal
1411 1912 1539 1963 Appii
1561 1925 1728 1963 perven-

289 1986 374 2020 tum
407 1986 475 2021 est.
537 1983 683 2021 Notam
715 1985 842 2022 iudici
873 1986 1050 2023 fabulam
1083 1987 1242 2036 petitor,
1279 1985 1429 2035 quippe
1460 1984 1567 2034 apud
1596 1985 1726 2035 ipsum

290 2058 491 2092 auctorem
524 2057 762 2105 argumenti,
794 2058 970 2106 peragit:
1003 2058 1181 2108 puellam
1213 2058 1319 2094 domi
1351 2070 1431 2094 suae
1448 2059 1582 2094 natam
1599 2056 1725 2093 furto·

288 2139 364 2175 que
403 2127 494 2164 inde
525 2129 566 2165 in
599 2127 755 2165 domum
789 2128 978 2178 Verginii
1007 2129 1244 2167 translatam
1276 2130 1523 2179 suppositam
1554 2128 1591 2165 ei
1621 2140 1724 2174 esse;

223 2199 274 2236 10
291 2197 332 2234 id
362 2211 402 2235 se
434 2199 585 2236 indicio
618 2205 861 2249 compertum
894 2200 1034 2238 afferre
1064 2200 1410 2250 probaturumque
1440 2199 1505 2237 vel
1520 2200 1606 2249 ipso
1624 2198 1725 2237 Ver-

292 2269 403 2317 ginio
436 2269 578 2319 iudice,
612 2271 661 2307 ad
693 2285 810 2320 quem
842 2273 967 2310 maior
997 2286 1090 2322 pars
1122 2272 1284 2309 iniuriae
1317 2272 1400 2309 eius
1418 2271 1634 2321 pertineat3
1666 2271 1724 2307 in-

223 2343 270 2379 11
290 2341 406 2378 terim
432 2342 639 2394 dominum⁴
658 2343 769 2392 sequi
796 2344 982 2381 ancillam
1008 2357 1163 2394 aequum
1189 2358 1285 2382 esse.
1339 2342 1544 2380 Advocati
1568 2342 1725 2392 puellae,

289 2426 410 2462 quum
442 2411 681 2461 Verginium
721 2414 779 2450 rei
819 2415 994 2464 publicae
1026 2429 1146 2454 causa
1177 2415 1375 2453 dixissent
1405 2415 1558 2461 abesse,
1602 2413 1723 2451 biduo

289 2483 514 2531 affuturum,
546 2484 579 2521 si
609 2485 836 2529 nuntiatum
868 2487 904 2523 ei
935 2488 1006 2533 sit;
1037 2488 1219 2537 iniquum
1251 2499 1335 2524 esse
1366 2485 1572 2524 absentem
1599 2484 1647 2521 de
1674 2484 1721 2521 li-

224 2557 272 2593 12
293 2556 400 2593 beris
432 2555 634 2602 dimicare,
664 2556 882 2606 postulant,
914 2561 959 2594 ut
988 2571 1072 2595 rem
1096 2559 1291 2606 integram
1308 2557 1349 2593 in
1365 2557 1492 2606 patris
1509 2555 1722 2594 adventum

293 2626 466 2676 differat,
498 2628 586 2676 lege
617 2627 666 2665 ab
698 2627 785 2677 ipso
817 2627 899 2665 lata
927 2628 1123 2666 vindicias
1154 2628 1223 2665 det
1252 2627 1468 2665 secundum
1492 2626 1721 2664 libertatem

291 2711 369 2735 neu
400 2699 588 2748 patiatur,
633 2699 830 2748 virginem
867 2698 1043 2736 adultam
1083 2699 1196 2736 famae
1227 2699 1342 2749 prius
1373 2711 1490 2749 quam
1521 2697 1722 2735 libertatis
