1821 2928
768 137 884 172 Liber
910 137 940 172 Ι.
1518 141 1569 178 39

131 264 247 316 „Age
279 264 396 302 dum“
433 264 580 315 inquit,
617 263 778 314 „divine
809 268 864 311 tu,
896 266 1105 314 inaugura,
1139 265 1277 303 fierine
1295 263 1432 315 possit,
1464 265 1570 314 quod

127 349 232 374 nunc
265 348 338 385 ego
370 339 500 374 mente
533 336 756 386 concipio.“
800 336 934 384 Quum
966 337 1035 374 ille
1068 337 1238 386 augurio
1270 350 1352 374 rem
1384 341 1570 386 expertus

127 408 306 459 profecto
338 408 514 446 futuram
547 407 730 454 dixisset,
764 408 922 458 „Atqui
953 409 1027 446 hoc
1060 409 1194 446 animo
1227 408 1404 458 agitavi“
1427 409 1571 458 inquit,

132 482 196 527 „te
229 480 424 518 novacula
455 482 582 517 cotem
615 479 886 518 discissurum.
947 479 1054 530 Cape
1086 479 1171 517 haec
1203 484 1243 517 et
1273 493 1432 530 perage,
1464 479 1571 530 quod

127 565 220 590 aves
266 555 345 589 tuae
391 551 478 588 fieri
523 564 638 601 posse
685 551 969 601 portendunt.“
1032 551 1134 588 Tum
1168 552 1280 588 illum
1315 552 1424 589 haud
1455 565 1571 590 cunc-

125 626 258 662 tanter
306 623 518 660 discidisse
567 627 694 660 cotem
741 624 886 663 ferunt.
949 623 1092 660 Statua
1123 622 1216 660 Atti
1261 624 1390 673 capite
1422 619 1613 672 velato‚5

125 708 205 745 quo
250 695 291 732 in
338 694 424 732 loco
472 708 534 732 res
581 698 670 733 acta
710 698 780 741 est,
828 695 869 732 in
901 695 1062 733 comitio
1095 695 1136 732 in
1167 695 1361 744 gradibus
1392 696 1489 746 ipsis
1521 695 1571 733 ad

125 766 264 805 laevam
312 767 434 804 curiae
481 766 578 812 fuit;
626 770 753 805 cotem
801 780 962 817 quoque
1008 767 1147 804 eodem
1180 767 1265 805 loco
1298 768 1415 805 sitam
1447 768 1570 805 fuisse

123 841 355 885 memorant,
400 841 444 875 ut
491 842 594 876 esset
626 839 676 876 ad
707 842 891 888 posteros
922 839 1105 876 miraculi
1138 838 1224 876 eius
1256 842 1568 876 monumentum.

124 909 322 960 Auguriis
363 914 468 948 certe
501 910 808 960 sacerdotioque
841 924 1037 960 augurum
1068 914 1204 948 tantus
1236 910 1360 948 honos
1393 911 1611 957 accessit,6

123 985 168 1019 ut
199 981 303 1018 nihil
335 981 434 1019 belli
467 982 653 1032 domique
678 987 816 1033 postea
832 983 911 1020 nisi
928 983 1134 1032 auspicato
1151 986 1369 1031 gereretur,
1401 982 1571 1020 concilia

123 1053 276 1104 populi,
325 1054 526 1092 exercitus
558 1055 703 1103 voc-ati,
744 1068 895 1092 summa
927 1067 1071 1103 rerum,
1105 1054 1176 1092 ubi
1209 1068 1301 1092 aves
1332 1068 1413 1091 non
1445 1054 1571 1092 admi-

122 1125 282 1172 sissent,
316 1125 615 1163 dirimerentur.
662 1126 802 1176 Neque
832 1130 917 1164 tum
934 1126 1179 1176 Tarquinius
1205 1126 1253 1163 de
1281 1126 1460 1175 equitum
1479 1140 1566 1164 cen·
1588 1129 1609 1164 7

121 1197 241 1235 turiis
273 1196 487 1247 quicquam
518 1198 712 1244 mutavit3
744 1211 908 1236 numero
941 1198 1113 1236 alterum
1143 1201 1299 1235 tantum
1332 1198 1491 1246 adiecit,
1525 1202 1569 1235 ut

122 1268 234 1306 mille
267 1271 305 1306 et
336 1269 557 1318 octingenti
589 1271 746 1319 equites
779 1270 821 1307 in
853 1270 983 1307 tribus
1017 1269 1206 1307 centuriis
1238 1273 1380 1307 essent.
1428 1269 1569 1307 Poste·
1588 1269 1613 1305 8

121 1341 248 1379 riores
280 1340 396 1378 modo
429 1341 501 1378 sub
534 1341 677 1379 iisdem
701 1342 941 1381 nominibus.
975 1341 1044 1391 qui
1065 1341 1195 1379 additi
1213 1344 1338 1390 erant,
1373 1341 1568 1391 appellati

121 1416 232 1459 sunt3
273 1425 372 1462 quas
405 1425 520 1459 nuuc,
561 1413 657 1462 quia
687 1413 900 1461 geminatae
934 1416 1037 1458 sunt,
1079 1426 1146 1450 sex
1178 1416 1323 1451 vocant
1354 1414 1567 1453 centurias,

238 1483 326 1522 Hac
354 1487 468 1533 parte
496 1484 700 1534 copiarum
726 1489 843 1522 aucta
868 1485 1013 1522 iterum
1032 1498 1121 1522 cum
1139 1484 1303 1522 Sabinis
1323 1485 1564 1534 confligitur.
1655 1480 1705 1529 37

124 1554 205 1593 Sed
251 1559 520 1605 praeterquam
567 1556 674 1606 quod
720 1555 875 1593 viribus
906 1559 1087 1594 creverat
1117 1556 1322 1594 Romanus
1356 1557 1566 1603 exercitus,

122 1640 170 1665 ex
201 1627 358 1665 occulto
390 1627 511 1664 etiam
543 1627 705 1665 additur
739 1627 866 1677 dolus,
899 1628 1042 1674 missis,
1075 1628 1144 1677 qui
1175 1641 1359 1677 magnam
1383 1628 1462 1665 vim
1490 1628 1564 1678 lig-

120 1711 273 1745 norum,
306 1699 347 1736 in
380 1699 555 1737 Anienis
586 1699 675 1750 ripa
707 1699 912 1746 iacentem,
945 1699 1152 1737 ardentem
1184 1700 1226 1737 in
1257 1699 1403 1737 flumen
1437 1700 1565 1738 conii-

119 1774 275 1817 cerent3
308 1775 508 1820 ventoque
541 1771 701 1809 iuvante
734 1784 899 1809 accensa
931 1771 1044 1820 ligna
1069 1774 1107 1808 et
1132 1772 1324 1821 pleraque
1351 1773 1392 1810 in
1410 1772 1564 1810 ratibus

119 1842 295 1892 impacta
310 1843 477 1881 sublicis
494 1856 616 1893 quum
634 1844 844 1893 haererent,
870 1846 1032 1892 pontem
1049 1843 1282 1883 incendunt.
1331 1844 1390 1883 Ea
1408 1858 1566 1894 quoque
1584 1846 1607 1882 2

118 1927 182 1952 res
214 1915 255 1952 in
286 1927 423 1965 pugna
453 1919 648 1953 terrorem
681 1915 816 1953 attulit
849 1913 1024 1962 Sabinis,
1057 1919 1096 1953 et
1126 1915 1227 1953 fusis
1260 1916 1396 1953 eadem
1429 1916 1565 1966 fugam

119 1986 319 2036 impediit,
336 1987 532 2037 multique
551 1988 752 2036 mortales,
772 2000 894 2036 quum
913 1985 1068 2024 hostem
1087 1987 1331 2036 effugissent,
1350 1987 1564 2026 influmine

118 2058 206 2108 ipso
238 2058 416 2108 periere,
462 2072 632 2107 quorum
678 2058 884 2096 fluitantia
931 2072 1041 2096 arma
1071 2059 1122 2097 ad
1155 2060 1295 2097 urbem
1329 2060 1491 2109 cognita
1524 2060 1564 2097 in

115 2128 257 2167 Tiberi
288 2130 400 2179 prius
431 2143 556 2180 paene,
590 2144 709 2180 quam
741 2131 920 2168 nuntiari
950 2133 1095 2180 posset,
1128 2131 1327 2180 insignem
1352 2132 1562 2170 victoriam

115 2200 255 2239 fecere.
317 2201 375 2238 Eo
421 2202 564 2251 proelio
610 2202 814 2252 praecipua
859 2202 1037 2252 equitum
1069 2202 1200 2252 gloria
1231 2203 1327 2249 fuit;
1374 2204 1605 2253 utrinque3

117 2272 169 2311 ab
188 2272 377 2310 cornibus
394 2273 560 2323 positos,
581 2287 702 2323 quum
720 2274 798 2311 iam
815 2274 1037 2324 pelleretur
1054 2273 1186 2312 media
1202 2275 1382 2324 peditum
1400 2287 1561 2313 suorum

117 2344 236 2391 acies,
268 2345 326 2382 ita
352 2345 566 2383 incurrisse
592 2346 641 2383 ab
668 2346 863 2383 lateribus
891 2346 1034 2393 ferunt,
1066 2350 1111 2384 ut
1134 2359 1213 2384 non
1238 2346 1428 2385 sisterent
1445 2346 1560 2384 modo

116 2414 285 2454 Sabinas
317 2416 494 2465 legiones
526 2417 715 2455 ferociter
747 2418 943 2455 instantes
969 2417 1223 2467 cedentibus,
1255 2418 1326 2456 sed
1352 2418 1490 2455 subito
1519 2418 1560 2454 in

114 2487 248 2537 fugam
280 2490 518 2526 averterent.
580 2488 739 2527 Montes
786 2488 908 2526 effuso
942 2502 1061 2527 cursu
1093 2488 1237 2527 Sabini
1269 2490 1473 2539 petebant,
1521 2490 1601 2527 et4

109 2559 229 2610 pauci
260 2563 440 2605 tenuere3
473 2560 649 2597 maxima
672 2573 776 2611 pars,
807 2564 854 2598 ut
881 2564 972 2598 ante
997 2561 1148 2599 dictum
1178 2564 1250 2611 est,
1283 2561 1332 2598 ab
1353 2560 1557 2609 equitibus

113 2630 154 2668 in
185 2630 330 2669 flumen
362 2631 440 2668 acti
471 2634 573 2669 sunt.
619 2631 882 2682 Tarquinius,
915 2632 1146 2671 instandum
1178 2631 1410 2681 perterritis
1429 2634 1554 2678 ratus,
1574 2631 1597 2669 5

112 2701 247 2752 praeda
277 2702 526 2753 captivisque
557 2702 726 2742 Romam
758 2704 903 2754 missis,
947 2704 1086 2754 spoliis
1118 2703 1293 2741 hostium
1325 2701 1386 2752 (id
1418 2706 1555 2741 votum
