1821 2928
561 208 651 234 Liber
670 208 755 233 vm.
793 208 840 237 (A.
860 208 912 234 ch.
932 209 1004 235 325.)
1375 201 1452 237 129

69 339 135 364 eos
166 324 278 362 nulla
308 324 370 362 vis
401 327 550 374 posset3
582 337 654 374 per
680 337 801 369 arma,
831 337 903 373 per
920 323 1029 361 viros
1053 323 1133 361 late
1157 327 1329 373 stragem
1347 324 1511 372 dedere;

69 397 226 433 secutus
258 392 380 443 pedes
403 392 594 443 impetum
619 392 799 441 equitum
826 392 1000 430 turbatis
1025 392 1210 430 hostibus
1227 393 1370 432 intulit
1385 394 1511 443 signa.
1531 395 1554 430 7

71 462 232 512 Viginti
278 461 407 500 millia
453 461 628 499 hostium
667 473 767 498 caesa
813 474 858 498 eo
904 460 970 498 die
1015 461 1243 499 traduntur.
1312 462 1513 500 Auctores

70 532 209 578 habeo,
240 530 302 567 bis
334 543 422 567 cum
454 530 567 568 hoste
598 530 714 577 signa
741 529 887 566 collata
911 529 1108 567 dictatore
1135 530 1309 577 absente,
1341 530 1404 567 bis
1428 545 1510 569 rem

70 599 229 649 egregie
261 602 433 647 gestam;
464 598 572 648 apud
604 598 909 647 antiquissimos
931 597 1149 647 scriptores
1172 612 1251 636 una
1277 599 1361 636 haee
1379 613 1511 649 pugna

71 669 294 713 invenitur3
337 667 378 704 in
411 665 653 716 quibusdam
685 665 901 703 annalibus
932 669 1019 704 tota
1050 680 1112 704 res
1143 668 1412 716 praetermissa
1443 672 1513 706 est.

185 736 382 785 Magister
407 735 600 784 equitum,
630 737 675 771 ut
692 748 740 771 ex
760 738 874 772 tanta
892 735 1011 782 caede,
1042 735 1181 772 multis
1198 736 1350 785 potitus
1367 736 1511 786 spoliis
1529 739 1553 775 8

71 808 259 854 congesta
305 804 346 841 in
394 804 596 853 ingentem
642 817 826 841 acervum
868 803 1033 841 host-ilia
1073 818 1182 841 arma
1223 805 1386 842 subdito
1419 805 1512 852 igne

69 872 350 919 concremavit,
381 885 450 910 seu
480 876 616 910 votum
648 871 690 908 id
723 872 887 909 deorum
921 872 1097 922 cuipiam
1129 873 1216 920 fuit,
1248 886 1316 910 seu
1349 874 1511 912 eredere
1531 876 1553 910 9

70 942 173 980 libet
203 941 334 980 Fabio
366 941 535 988 auctori,
567 954 611 978 oo
643 941 803 986 factum,
834 953 882 977 ne
915 953 993 977 sua}
1026 941 1164 989 gloriae
1189 941 1362 979 fructum
1387 942 1513 981 dicta-

69 1015 134 1050 tor
165 1014 325 1060 caperet
367 1023 589 1059 nomenque
630 1008 689 1046 ibi
728 1008 922 1046 scriberet
959 1012 1029 1046 aut
1069 1009 1197 1059 spolia
1237 1010 1278 1048 in
1309 1011 1513 1062 triumpho

70 1080 204 1117 ferret.
271 1078 440 1116 Litterae
487 1091 644 1128 quoque
688 1077 736 1114 de
774 1090 816 1114 re
855 1091 1044 1127 prospere
1081 1082 1193 1127 gesta
1230 1079 1281 1116 ad
1322 1082 1585 1127 senatum,10

72 1161 151 1186 non
183 1147 234 1185 ad
267 1146 503 1185 dictatorem
535 1147 665 1184 inissae
698 1149 976 1195 argumentum
1012 1147 1122 1184 suere
1154 1147 1318 1186 minime
1350 1162 1438 1186 cuni
1471 1163 1515 1187 eo

73 1216 408 1254 communicantis
438 1215 589 1253 laudes.
649 1214 714 1252 Ita
745 1217 852 1252 certe
885 1215 1060 1253 dictator
1091 1216 1134 1252 id
1166 1216 1315 1254 sactum
1348 1217 1515 1267 accepit,

72 1288 128 1332 ut,
160 1285 262 1322 laetis
287 1285 378 1323 aliis
404 1284 577 1322 victoria
601 1287 734 1334 parta,
766 1297 848 1333 prae
873 1297 912 1321 se
937 1284 1059 1321 ferret
1084 1285 1184 1322 iram
1210 1285 1514 1335 tristitiamque.

39 1370 42 1373 ·
71 1353 198 1392 Misso
230 1354 366 1403 itaque
397 1357 560 1404 repente
592 1356 731 1390 senatu
763 1366 803 1390 se
835 1366 882 1390 ex
914 1353 1026 1390 curia
1057 1353 1271 1403 proripuit,
1302 1357 1385 1391 tum
1418 1367 1512 1392 vero
1535 1356 1580 1392 11

74 1436 154 1460 non
185 1420 425 1460 Samnitium
458 1422 586 1470 magis
615 1422 794 1470 legiones
826 1435 944 1472 quam
976 1421 1226 1460 maiestatem
1259 1422 1515 1460 dictatoriam

72 1494 111 1527 et
143 1490 404 1540 disciplinam
436 1490 650 1528 militarem
681 1504 704 1527 a
736 1490 929 1539 magistro
962 1491 1141 1540 equitum
1173 1491 1320 1528 victam
1345 1495 1385 1528 et
1407 1506 1515 1530 ever-

70 1572 151 1596 sam
170 1559 375 1605 dictitans,
407 1559 441 1596 si
467 1559 530 1596 illi
558 1559 720 1608 impune
746 1562 924 1609 spretum
941 1559 1154 1609 imperium
1170 1560 1323 1597 fuisset.
1367 1560 1512 1610 Itaque
1534 1561 1582 1597 1‘2

71 1627 214 1678 plenus
253 1627 451 1664 minarum
491 1627 640 1677 iraeque
672 1628 876 1676 profectus
908 1628 949 1665 in
982 1630 1129 1675 castra,
1176 1642 1298 1678 quum
1329 1629 1513 1667 maximis

73 1695 291 1733 itineribus
324 1695 432 1742 isset,
463 1708 541 1732 non
572 1699 705 1733 tamen
732 1696 954 1746 praevenire
976 1697 1122 1734 famam
1145 1697 1341 1735 adventus
1366 1698 1428 1735 sui
1446 1711 1514 1748 po-

70 1764 167 1811 tuit;
198 1767 492 1814 praecurrerant
522 1764 628 1801 enim
659 1763 710 1801 ab
742 1764 853 1812 urbe,
894 1765 964 1815 qui
995 1764 1241 1813 nuntiarent,
1273 1766 1514 1804 dictatorem
1534 1767 1584 1804 13

71 1833 235 1871 avidum
266 1845 393 1883 poenae
424 1831 574 1879 venire,
604 1832 772 1871 alternis
803 1846 915 1884 paene
945 1833 1080 1871 verbis
1111 1833 1157 1871 T.
1187 1833 1333 1872 Manlii
1365 1836 1515 1872 factum

74 1902 318 1940 laudantem.
393 1901 546 1939 Fabius
585 1902 773 1940 contione
816 1902 1015 1952 extemplo
1055 1903 1252 1940 advocata
1291 1903 1515 1941 obtestatus
1592 1901 1646 1947 31

72 1970 223 2008 milites
255 1973 324 2017 est,
355 1974 410 2017 ut,
441 1984 520 2020 qua
551 1970 703 2008 virtute
734 1984 816 2008 rem
848 1971 1052 2021 publicam
1077 1971 1126 2008 ab
1153 1971 1424 2010 infestissimis
1447 1973 1516 2010 ho-

73 2038 202 2076 stibus
234 2039 518 2085 defendissent,
549 2039 685 2077 eadem
718 2053 770 2087 se,
802 2040 916 2077 ouius
947 2039 1070 2076 ductu
1101 2040 1364 2091 auspicioque
1396 2041 1514 2079 vicis·

73 2110 177 2154 sent,
216 2108 264 2145 ab
304 2107 516 2157 impotenti
557 2107 796 2146 crudelitate
836 2108 1047 2145 dictatoris
1084 2112 1331 2147 tutarentur:
1378 2110 1556 2147 venire?

73 2180 266 2213 amentem
300 2176 473 2223 invidia,
514 2176 659 2213 iratum
692 2176 835 2214 virtuti
869 2176 1010 2214 alienae
1042 2177 1326 2227 felicitatique3
1372 2178 1516 2226 furere,

73 2244 181 2294 quod
222 2259 262 2282 se
302 2244 465 2282 absente
503 2258 565 2281 res
606 2244 769 2294 publica
810 2245 971 2293 egregie
1013 2248 1124 2293 gesta
1163 2249 1282 2292 esset·,
1322 2247 1451 2293 malle,
1483 2247 1516 2285 si

76 2316 230 2351 mutare
261 2314 463 2351 fortunam
495 2316 641 2362 posset,
678 2313 784 2363 apud
818 2312 1018 2351 Sanmites
1050 2327 1167 2364 quam
1200 2314 1402 2353 Romanos
1434 2315 1515 2353 vic-

73 2382 218 2419 toriam
250 2396 350 2427 esse;
384 2381 596 2431 imperium
625 2382 812 2419 dictitare
839 2385 1027 2432 spretum,
1057 2386 1247 2433 tanquam
1272 2397 1352 2420 non
1376 2382 1514 2421 eadem
1534 2386 1557 2420 3

75 2454 204 2487 mente
227 2450 402 2500 pugnari
429 2450 615 2497 vetuerit,
647 2463 725 2500 qua
749 2453 968 2500 pugnatum
995 2450 1147 2497 doleam
1180 2456 1218 2489 et
1241 2455 1334 2491 tunc
1362 2451 1515 2490 invidia

76 2517 271 2568 impedire
301 2518 492 2556 virtutem
519 2518 689 2556 alienam
714 2518 900 2564 voluisse,
932 2519 1285 2570 cupidissimisque
1311 2534 1417 2558 arma
1447 2520 1515 2558 ab·

75 2585 247 2624 laturum
279 2587 402 2624 fuisse
434 2587 652 2634 militibus,
699 2600 746 2624 ne
784 2601 824 2624 se
863 2588 1026 2625 absente
1066 2589 1217 2626 moveri
1259 2591 1430 2638 possent,
1476 2590 1557 2626 014

76 2667 178 2692 nunc
202 2655 244 2692 id
268 2655 411 2702 furere,
436 2655 478 2693 id
503 2669 607 2702 {egre
632 2655 730 2705 pati,
757 2655 863 2705 quod
889 2656 973 2693 sine
989 2656 1035 2694 L.
1053 2656 1219 2706 Papirio
1238 2671 1316 2694 non
1336 2657 1523 2704 inermes,

147 2733 249 2758 Livius
270 2741 306 2759 ex
327 2742 384 2760 rec.
405 2734 558 2764 Madvigii.
587 2735 627 2759 Π,
1290 2736 1311 2764 50
