1821 2928
320 107 403 146 204
699 102 813 137 Liber
837 102 904 137 iv.
954 104 1015 146 (A.
1040 114 1076 136 u.
1103 113 1132 138 ο.
1156 103 1364 146 310—311.)

319 232 393 269 bus
423 235 467 268 ut
498 229 654 278 indigni
685 229 996 279 praeterirentur.
1041 227 1214 265 Tribuni
1238 242 1396 278 quoque
1412 229 1520 279 plebi
1545 233 1745 268 certamen

253 304 304 340 10
321 303 407 340 sine
440 301 579 339 effectu
609 301 651 338 in
682 299 873 338 beneficio
904 300 1010 350 apud
1040 301 1234 350 primores
1256 304 1414 350 patrum
1440 301 1652 351 reliquere.
1698 300 1745 338 T.

320 374 532 420 Quinctius
564 372 762 409 Barbatus
794 371 968 408 interrex
998 372 1180 408 consules
1212 374 1320 409 creat
1350 371 1398 411 L.
1415 371 1624 422 Papirium
1654 371 1743 410 Mu-

320 445 534 494 gillanum,
575 444 622 482 L.
656 441 934 492 Sempronium
967 443 1214 483 Atratinum.
1288 443 1364 481 His
1396 443 1626 482 consulibus
1657 456 1745 481 cum

320 516 571 555 Ardeatibus
602 515 729 552 foedus
759 518 992 552 renovatum
1025 517 1103 560 est;
1134 514 1254 564 idque
1288 515 1526 553 monumenti
1552 518 1622 561 est,
1653 527 1746 553 con-

320 589 425 626 sules
458 601 522 625 eos
553 587 622 624 illo
655 599 758 624 anno
781 586 913 631 fuisse,
945 585 1013 635 qui
1032 599 1158 635 neque
1174 587 1214 624 in
1231 587 1441 625 annalibus
1457 587 1601 636 priscis
1617 598 1746 636 neque

252 661 298 697 11
318 661 360 698 in
390 660 505 697 libris
535 659 840 708 magistratuum
858 657 1129 697 inveniuntur.
1176 658 1316 707 Credo,
1350 659 1457 708 quod
1473 658 1626 696 tribuni
1642 657 1746 695 mili-

318 735 401 769 tum
444 731 559 768 initio
601 730 695 768 anni
734 729 913 773 fuerunt,
961 742 1025 777 eo,
1066 729 1235 779 perinde
1275 743 1319 767 ac
1358 734 1487 768 totum
1527 742 1673 767 annum
1704 729 1746 766 in

255 804 303 840 12
321 803 488 852 imperio
519 802 678 847 fuerint,
710 801 894 838 suffectos
926 801 977 837 iis
1010 802 1191 839 consules
1222 802 1522 851 praetermissos.
1574 800 1747 840 Nomina

319 874 523 911 consulum
556 873 695 909 horum
728 872 909 909 Licinius
932 872 1069 910 Macer
1100 877 1240 911 auctor
1271 878 1331 912 est
1361 877 1400 911 et
1429 874 1471 911 in
1501 873 1649 911 foedere
1666 872 1746 910 Ar·

320 945 480 982 deatino
508 950 546 982 et
573 945 612 981 in
640 944 774 981 linteis
799 944 912 981 libris
939 944 989 982 ad
1006 943 1179 981 Monetae
1195 946 1368 983 inventa.
1413 945 1467 983 Et
1482 945 1592 995 foris,
1625 957 1746 994 quum

318 1020 379 1053 ‘tot
409 1020 582 1053 terrores
613 1030 635 1053 a
666 1015 849 1052 finitimis
882 1016 1071 1053 ostentati
1103 1022 1252 1064 essent,
1293 1021 1332 1055 et
1363 1017 1470 1055 domi
1501 1017 1625 1054 otium
1655 1015 1745 1055 fuit.

205 1084 233 1132 8
434 1088 553 1125 Hunc
584 1101 748 1131 annum,
795 1101 862 1124 seu
893 1088 1075 1125 tribunos
1106 1088 1223 1126 modo
1254 1102 1322 1126 seu
1352 1089 1530 1126 tribunis
1561 1087 1746 1126 suffectos

111 1148 151 1214 ἵ·
162 1151 300 1213 {baffi}
320 1160 500 1198 consules
532 1172 690 1208 quoque
707 1159 860 1205 habuit,
891 1160 1071 1209 sequitur
1087 1173 1213 1198 annus
1230 1160 1336 1198 haud
1353 1160 1488 1198 dubiis
1505 1159 1748 1206 consulibus,

317 1231 372 1268 M.
392 1229 574 1279 Geganio
606 1230 812 1268 Macerino
844 1231 999 1277 iterum,
1030 1231 1074 1268 T.
1093 1231 1285 1279 Quinctio
1303 1232 1531 1282 Capitolino
1547 1232 1745 1282 quintum.

274 1302 430 1340 2Idem
471 1302 535 1339 hic
577 1290 702 1340 annus
742 1315 916 1340 censurae
957 1303 1114 1340 initium
1153 1304 1249 1350 fuit,
1290 1304 1346 1341 rei
1380 1318 1402 1341 a
1433 1316 1557 1354 parva
1586 1303 1746 1352 origine

319 1378 429 1419 ortae,
476 1387 562 1424 quse
609 1373 752 1410 deinde
796 1377 909 1411 tanto
951 1375 1195 1412 incremento
1234 1379 1350 1413 aucta
1389 1379 1465 1422 est,
1510 1378 1555 1412 ut
1593 1387 1745 1412 morum

321 1447 623 1496 disciplinaeque
655 1445 845 1482 Romanae
877 1459 997 1495 penes
1029 1459 1113 1484 eam
1145 1448 1345 1496 regimen,
1393 1447 1433 1484 in
1465 1449 1605 1484 senatu
1636 1445 1746 1496 equi·

319 1522 483 1567 ‘tumque
514 1517 706 1555 centuriis
738 1517 893 1555 decoris
925 1518 1210 1568 dedecorisque
1242 1519 1455 1556 discrimen
1486 1518 1558 1555 sub
1590 1517 1749 1555 dicione

321 1590 404 1626 eius
423 1589 691 1637 magistratus,
716 1589 968 1638 publicorum
987 1590 1048 1626 ius
1065 1590 1392 1640 privatorumque
1409 1591 1599 1638 locorum,
1624 1587 1747 1627 vecti-

281 1659 303 1696 3
321 1661 429 1709 galia
460 1661 599 1710 populi
630 1660 800 1697 Romani
832 1661 904 1698 sub
936 1665 1036 1698 nutu
1067 1665 1186 1711 atque
1217 1661 1387 1698 arbitrio
1418 1665 1559 1699 essent.
1605 1659 1747 1698 Ortum

321 1736 451 1770 autem
485 1732 643 1769 initium
678 1735 737 1769 est
767 1733 839 1780 rei,
872 1733 977 1781 quod
1011 1733 1052 1769 in
1079 1733 1226 1783 populo
1257 1746 1327 1782 per
1358 1733 1503 1770 multos
1533 1745 1656 1769 annos
1687 1731 1747 1768 in·

321 1817 437 1841 censo
463 1816 590 1853 neque
617 1803 769 1841 differri
796 1817 934 1841 census
951 1808 1110 1853 poterat
1133 1817 1261 1853 neque
1278 1804 1519 1851 consulibus,
1550 1817 1671 1854 quum
1686 1805 1749 1841 tot

321 1876 558 1925 populorum
592 1875 698 1912 bella
729 1876 995 1925 imminerent,
1028 1889 1159 1925 operae
1191 1878 1277 1913 erat
1307 1875 1348 1912 id
1379 1876 1583 1924 negotium
1614 1887 1746 1924 agere.

279 1947 304 1981 4
321 1947 472 1984 Mentio
506 1947 621 1984 illata
652 1948 758 1996 apud
785 1952 962 1984 senatum
988 1951 1058 1994 est,
1089 1961 1170 1984 rem
1195 1960 1400 1997 operosam
1418 1961 1462 1985 ac
1477 1947 1640 1984 minime
1656 1959 1747 1985 con-

319 2019 491 2055 sularem
524 2031 594 2056 suo
625 2019 789 2068 proprio
821 2020 1059 2067 magistratu
1090 2032 1219 2068 egere,
1250 2019 1314 2056 cui
1331 2018 1553 2057 scribarum
1570 2018 1747 2056 ministe-

320 2090 423 2126 rium
456 2090 725 2139 custodiaeque
756 2090 981 2128 tabularum
1015 2104 1120 2139 eura,
1154 2090 1218 2127 cui
1236 2089 1446 2128 arbitrium
1463 2090 1641 2128 formulae
1656 2102 1746 2127 cen-

278 2160 300 2195 5
320 2161 431 2198 sendi
464 2161 741 2199 subiiceretur.
787 2162 841 2199 Et
871 2165 1005 2211 patres
1037 2175 1263 2212 quanquam
1295 2176 1375 2199 rem
1407 2174 1582 2212 parvam,
1613 2163 1747 2198 tamen

320 2245 398 2281 quo
430 2232 564 2281 plures
581 2233 744 2281 patricii
762 2234 1020 2282 magistratus
1051 2234 1090 2271 in
1123 2247 1166 2270 re
1183 2234 1347 2283 publica
1363 2236 1507 2283 essent,
1539 2233 1622 2269 laeti
1639 2244 1747 2270 acce·
1790 2264 1793 2266 ,

319 2316 424 2352 pere,
458 2302 511 2348 id,
542 2303 649 2352 quod
667 2305 812 2353 evenit,
845 2306 1033 2351 futurum,
1064 2304 1195 2353 credo,
1228 2305 1346 2342 etiam
1363 2305 1454 2351 rati,
1484 2307 1530 2342 ut
1544 2317 1635 2341 mox
1651 2315 1747 2353 opes

321 2387 466 2419 eorum,
499 2374 567 2423 qui
583 2380 811 2425 praeessent,
841 2376 919 2425 ipsi
934 2375 1076 2414 honori
1094 2375 1153 2413 ius
1169 2376 1496 2425 maiestatemque
1513 2375 1745 2424 adiicerent,

280 2446 303 2482 6
322 2449 361 2482 et
391 2445 560 2494 tribuni,
592 2445 633 2482 id
665 2446 770 2495 quod
800 2450 895 2483 tunc
928 2451 1026 2496 erat,
1059 2448 1186 2497 magis
1211 2447 1427 2485 necessarii
1443 2459 1561 2496 quam
1576 2445 1746 2496 speciosi

319 2516 537 2553 ministerii
568 2517 890 2566 procurationem
920 2519 1129 2565 intuentes,
1159 2532 1209 2556 ne
1235 2519 1276 2556 in
1304 2518 1437 2568 parvis
1454 2530 1610 2567 quoque
1626 2517 1746 2556 rebus

284 2588 304 2622 7
325 2587 573 2624 incommode
618 2588 936 2635 adversarentur,
980 2575 1086 2626 baud
1131 2603 1224 2627 sane
1269 2589 1486 2626 tetendere.
1546 2587 1678 2635 Quum
1722 2601 1747 2626 a

319 2658 565 2707 primoribus
583 2660 759 2698 civitatis
776 2665 932 2709 spretus
949 2660 1074 2697 honor
1090 2663 1202 2706 esset,
1219 2660 1429 2710 Papirium
1447 2658 1746 2709 Sempronium·
