1821 2928
424 163 477 200 54
830 175 918 200 Liber
935 175 1005 200 vn.
1041 173 1088 204 (A.
1108 181 1136 200 u.
1155 181 1179 200 c.
1199 175 1354 203 392—393.)

364 301 467 325 nunc
499 288 738 326 auctoritate
761 292 942 326 eventum
965 289 1196 339 reprehensi
1217 289 1266 326 ab
1290 303 1329 326 se
1355 275 1510 327 consilii
1533 288 1790 333 incusantem,

365 356 601 394 dictatorem
632 369 821 394 consensu
852 356 1110 406 patriciorum
1141 355 1334 395 Servilius
1365 356 1501 394 consul
1532 356 1640 404 dicit,
1670 355 1790 393 dilec-

368 427 512 473 tusque
544 428 581 461 et-
613 424 809 462 iustitium
840 425 1045 462 indictum.

253 500 266 534 ι
477 491 719 542 Priusquam
749 492 920 531 dictator
951 493 1204 543 legionesque
1235 506 1345 531 novae
1385 493 1426 530 in
1456 492 1654 530 Hernicos
1683 491 1790 529 veni-

364 565 463 607 rent,
495 560 617 598 ductu
648 561 690 599 C.
715 559 884 610 Sulpicii
914 561 1037 610 legati
1068 574 1130 598 res
1161 575 1231 611 per
1262 562 1508 600 occasionem
1538 563 1649 610 gesta
1679 571 1790 608 egre·

325 628 430 678 2gie
462 632 530 666 est.
589 628 639 665 In
669 629 865 667 Hernicos
896 633 1022 667 morte
1064 630 1234 667 consulis
1275 629 1529 679 contemptim
1568 627 1619 666 ad
1659 630 1790 665 castra

364 697 545 734 Romana
585 711 674 734 cum
711 697 819 734 haud
858 697 979 735 dubia
1011 698 1267 748 expugnandi
1297 711 1364 747 spe
1395 696 1661 742 succedentes,
1703 695 1792 734 hor-

365 768 475 803 tante
506 765 638 814 legato
670 769 709 802 et
739 765 867 814 plenis
905 766 973 802 irae
1005 770 1123 815 atque
1154 766 1408 816 indignitatis
1439 765 1611 802 militum
1641 763 1794 808 animis,

368 834 523 883 eruptio
556 837 614 870 est
643 834 760 871 facta.
818 834 990 871 Multum
1021 835 1070 872 ab
1102 848 1169 884 spe
1201 834 1375 872 adeundi
1403 833 1502 871 valli
1530 846 1592 870 res
1607 831 1795 869 Hernicis

331 901 489 947 3afuit3
536 902 634 939 adeo
675 903 852 940 turbatis
892 902 983 940 inde
1024 902 1232 940 ordinibus
1272 903 1508 940 abscessere.
1572 898 1796 938 Dictatoris

367 969 510 1007 deinde
542 969 715 1007 adventu
738 983 862 1007 novus
885 970 1009 1008 veteri
1033 971 1226 1008 exercitus
1251 970 1429 1020 iungitur
1455 974 1495 1008 et
1521 967 1644 1019 copiae
1667 965 1797 1017 dupli-

369 1042 525 1084 cantum
565 1041 603 1075 et
634 1051 706 1088 pro
739 1039 920 1076 contione
952 1039 1123 1076 dictator
1154 1039 1339 1076 laudibus
1375 1039 1500 1088 legati
1535 1037 1796 1084 militumque,

370 1119 538 1156 quorum
563 1106 709 1143 virtute
734 1110 862 1144 castra
888 1107 1045 1144 defensa
1071 1111 1193 1154 erant,
1224 1107 1341 1144 simul
1372 1105 1628 1144 audientibus
1656 1102 1796 1141 laudes

367 1174 528 1211 meritas
568 1174 677 1212 tollit
716 1174 878 1221 animos,
919 1175 1036 1212 simul
1076 1180 1225 1213 ceteros
1268 1176 1318 1213 ad
1359 1174 1600 1213 aemulandas
1628 1172 1797 1210 virtutes

331 1242 488 1280 4acuit.
548 1242 686 1292 Neque
726 1242 884 1291 segnius
925 1242 975 1280 ad
1016 1243 1149 1281 hostes
1188 1243 1336 1280 bellum
1376 1246 1605 1293 apparatur,
1650 1239 1720 1290 qui
1760 1247 1797 1276 et

367 1311 473 1360 parti
517 1314 606 1348 ante
648 1310 801 1348 decoris
842 1324 1031 1349 memores
1071 1325 1197 1360 neque
1237 1311 1369 1360 ignari
1407 1313 1613 1348 auctarum
1653 1306 1797 1345 virium

367 1379 492 1416 hostis
533 1393 623 1416 suas
663 1393 819 1428 quoque
860 1379 963 1417 vires
1002 1383 1158 1428 augent.
1219 1378 1343 1417 Omne
1380 1378 1602 1417 Hernicum
1640 1387 1792 1419 nomen,

368 1448 492 1484 omnis
533 1447 720 1484 militaris
761 1451 855 1485 aetas
895 1447 1064 1493 excitur,
1106 1446 1452 1497 quadringena-riae
1483 1449 1571 1485 octo
1602 1444 1792 1487 cohortes,

330 1515 352 1551 5
370 1516 469 1552 lecta
486 1516 631 1553 robora
647 1516 835 1562 virorum,
867 1516 1106 1553 scribuntur.
1150 1515 1269 1553 Hunc
1293 1516 1478 1553 eximium
1500 1514 1636 1552 florem
1658 1511 1793 1548 iuven—

368 1584 464 1620 tutis
496 1597 540 1620 eo
572 1583 702 1630 etiam,
734 1584 851 1633 quod,
881 1587 925 1621 ut
957 1583 1105 1633 duplex
1123 1583 1345 1633 acciperent
1376 1583 1632 1633 stipendium,
1661 1580 1793 1618 decre-

370 1655 519 1697 verant,
550 1651 635 1700 spei
659 1651 957 1702 animorumque
981 1651 1211 1700 implevere3
1243 1651 1434 1688 immunes
1457 1664 1614 1700 quoque
1631 1659 1793 1698 operum

369 1719 602 1756 militarium
635 1723 757 1766 erant,
794 1723 838 1756 ut
869 1719 910 1756 in
948 1733 1069 1756 unum
1099 1732 1242 1768 pugnae
1278 1720 1454 1756 laborem
1483 1716 1675 1756 reservati
1705 1714 1793 1765 plus

330 1788 352 1822 6
371 1787 447 1824 sibi
479 1800 597 1836 quam
627 1801 699 1836 pro
715 1787 824 1824 virili
854 1791 967 1836 parte
991 1787 1250 1824 annitendum
1280 1787 1442 1833 scirent;
1474 1789 1586 1824 extra
1616 1784 1795 1823 ordinem

370 1856 489 1893 etiam
530 1855 571 1892 in
613 1855 698 1892 acie
738 1856 869 1902 locati,
914 1869 992 1905 quo
1034 1855 1282 1905 conspectior
1321 1855 1448 1892 virtus
1489 1857 1600 1892 esset.
1658 1852 1795 1890 Duum

368 1923 537 1961 millium
568 1923 755 1973 planities
787 1927 914 1961 castra
945 1923 1126 1961 Romana
1158 1923 1206 1961 ab
1237 1923 1426 1961 Hernicis
1464 1921 1693 1966 dirimebat3
1736 1919 1795 1956 ibi

331 1992 352 2026 7
371 1992 460 2040 pari
491 1993 612 2029 ferme
643 1992 830 2041 utrinque
871 1992 1000 2041 spatio
1042 1991 1083 2028 in
1113 1991 1242 2029 medio
1282 1993 1502 2041 pugnatum
1532 1993 1600 2028 est.
1656 1987 1795 2025 Primo

371 2061 481 2098 stetit
513 2060 697 2108 ambigua
730 2073 797 2108 spe
828 2072 973 2109 pugna,
1004 2060 1268 2109 nequicquam
1299 2072 1402 2108 saepe
1420 2058 1570 2096 conatis
1594 2055 1795 2105 equitibus

329 2126 560 2165 8Romanis
591 2127 742 2177 impetu
771 2128 933 2165 turbare
963 2127 1136 2165 hostium
1167 2127 1300 2165 aciem.
1358 2126 1580 2176 Postquam
1602 2123 1795 2174 equestris

369 2209 503 2246 pugna
549 2194 687 2231 effectu
734 2209 848 2243 quam
892 2196 1099 2233 conatibus
1139 2196 1278 2234 vanior
1318 2198 1421 2241 erat,
1467 2193 1644 2232 consulto
1684 2191 1795 2241 prius.

371 2265 566 2302 dictatore
597 2263 761 2312 equites,
792 2263 985 2311 permissu
1009 2263 1152 2301 deinde
1175 2263 1258 2300 eius
1289 2262 1440 2300 relictis
1471 2261 1593 2312 equis,
1624 2259 1796 2297 clamore

372 2332 524 2381 ingenti
567 2330 778 2381 provolant
818 2335 908 2367 ante
949 2331 1063 2380 signa
1103 2334 1141 2367 et
1182 2344 1322 2368 novam
1362 2330 1564 2379 integrant
1603 2341 1794 2378 pugnam;

339 2399 502 2449 9neque
533 2399 719 2437 sustineri
750 2401 945 2447 poterant,
975 2399 1015 2435 ni
1047 2398 1371 2436 extraordinariae
1389 2398 1570 2436 cohortes
1599 2395 1690 2446 pari
1712 2408 1795 2433 cor-

253 2463 281 2509 8
376 2481 515 2517 porum
546 2467 842 2516 animorumque
879 2467 1021 2503 robore
1059 2479 1098 2504 se
1130 2466 1376 2504 obiecissent.
1434 2465 1546 2503 Tunc
1583 2464 1686 2501 inter
1715 2463 1795 2513 pri-

373 2549 498 2572 mores
516 2535 684 2572 duorum
715 2533 951 2584 populorum
983 2548 1045 2571 res
1068 2534 1236 2583 geritur3
1269 2533 1459 2583 quicquid
1483 2532 1575 2570 hinc
1591 2534 1660 2569 aut
1685 2531 1795 2568 illinc
