1821 2928
573 85 689 121 Liber
712 85 780 120 lv.
831 84 891 129 (A.
919 85 984 120 Oh.
1009 85 1102 129 445.)
1476 86 1554 124 199

120 218 160 254 et
189 214 357 266 perinde
386 215 460 252 hoc
491 214 611 261 valet,
643 213 878 264 plebeiusne
911 213 1049 252 consul
1079 212 1161 259 fiat,
1191 216 1382 263 tanquam
1399 225 1555 250 servum

120 289 189 324 aut
219 286 453 325 libertinum
484 286 635 336 aliquis
667 285 868 324 consulem
898 286 1075 323 futurum
1107 285 1245 323 dicat?
1276 284 1438 335 Ecquid
1469 297 1553 322 sen·
1572 282 1597 320 8

117 357 216 406 titis,
247 358 289 396 in
321 362 468 409 quanto
501 361 731 408 contemptu
761 355 938 395 vivatis?
975 357 1098 395 Lucis
1124 357 1239 395 vobis
1256 357 1376 395 huius
1392 359 1558 407 partem,

120 430 156 468 si
185 430 315 479 liceat,
346 431 541 477 adimant;
584 429 691 480 quod
722 429 899 479 spiratis,
932 429 1038 479 quod
1068 442 1206 468 vocem
1238 428 1415 478 mittitis,
1450 427 1558 479 quod

117 501 266 540 formas
295 502 497 540 hominum
529 501 705 548 habetis,
752 500 1027 550 indignantur.
1103 501 1212 549 Quin
1243 501 1384 550 etiam,
1430 500 1464 538 si
1494 499 1555 538 dis
1574 500 1597 537 9

117 574 262 625 placet,
308 574 418 612 nefas
450 574 561 612 aiunt
593 586 695 621 esse,
741 573 942 611 consulem
973 572 1177 623 plebeium
1208 572 1306 610 fieri.
1380 571 1557 610 Obsecro

117 659 201 693 vos,
233 646 266 685 si
295 659 376 684 non
407 632 470 685 ad.
490 646 625 693 fastos,
655 659 734 683 non
761 644 811 683 ad
839 645 1144 683 commentarios
1161 644 1396 696 pontificum
1414 644 1557 682 admit-

118 718 254 768 timur,
299 731 348 756 ne
389 732 435 756 ea
479 717 643 768 quidem
683 717 842 766 seimus,
889 730 977 767 quae
1015 731 1151 756 omnes
1190 717 1395 767 peregrini
1435 717 1557 754 etiam

118 790 263 838 sciunt,
292 791 474 828 consules
505 790 545 827 in
577 790 707 828 locum
739 803 876 839 regum
908 790 1145 828 successisse
1174 803 1247 828 nec
1273 792 1342 828 aut
1365 789 1464 826 iuris
1490 792 1557 827 aut

118 862 340 901 maiestatis
372 863 585 913 quicquam
617 861 778 909 habere,
810 861 917 912 quod
943 875 1023 900 non
1048 862 1090 899 in
1113 861 1276 911 regibus
1301 864 1393 900 ante
1408 860 1558 899 fuerit?

118 934 181 973 En
212 948 388 985 unquam
420 934 583 972 creditis
614 933 734 972 fando
766 934 947 972 auditum
980 947 1076 981 esse,
1106 933 1277 972 Numam
1294 933 1554 984 Pompilium.
1576 934 1627 971 10

115 1021 197 1045 non
229 1007 346 1045 modo
377 1019 454 1044 non
486 1006 712 1057 patricium,
743 1005 812 1044 sed
843 1020 892 1044 ne
920 1007 1044 1046 civem
1062 1005 1223 1056 quidem
1239 1005 1477 1053 Romanum,
1508 1019 1557 1044 ex

119 1078 275 1118 Sabino
306 1092 402 1129 agro
429 1079 614 1126 accitum,
644 1078 786 1129 populi
805 1078 926 1125 iussu,
958 1078 1143 1129 patribus
1161 1079 1403 1118 auctoribus
1419 1078 1558 1116 Romae

116 1150 335 1200 regnasse?
365 1150 411 1188 L.
437 1150 580 1188 deinde
605 1150 885 1200 Tarquinium,
915 1164 995 1189 non
1024 1151 1216 1189 Romanae
1248 1150 1378 1197 modo,
1408 1150 1477 1188 sed
1507 1163 1556 1188 ne
1576 1151 1623 1190 11

116 1223 271 1262 Italicae
303 1223 462 1273 quidem
495 1223 647 1272 gentis,
677 1223 892 1262 Demarati
926 1223 1127 1261 Corinthii
1157 1223 1304 1270 filium,
1334 1222 1506 1260 incolam
1538 1235 1561 1260 a

113 1295 363 1346 Tarquiniis,
392 1295 496 1333 vivis
526 1295 668 1332 liberis
700 1294 821 1342 Anci,
857 1308 989 1344 regem
1019 1294 1198 1332 factum?
1259 1293 1344 1333 Ser.
1376 1294 1552 1332 Tullium
1575 1295 1625 1333 12

115 1370 208 1419 post
247 1367 363 1413 hunc,
409 1367 570 1416 captiva
602 1366 871 1405 Corniculana
910 1370 1060 1414 natum,
1105 1371 1220 1417 patre
1259 1367 1384 1416 nullo,
1430 1370 1557 1405 matre

114 1452 241 1489 serva,
284 1439 462 1488 ingenio,
504 1439 654 1477 virtute
685 1452 851 1488 regnum
882 1438 1089 1477 tenuisse?
1150 1438 1260 1486 Quid
1292 1439 1397 1477 enim
1429 1439 1477 1477 de
1508 1438 1555 1479 T.

116 1511 237 1549 Tatio
269 1509 419 1549 Sabino
452 1511 596 1560 dicam,
645 1524 762 1561 quem
794 1511 881 1562 ipse
911 1511 1123 1563 Romulus,
1169 1525 1315 1562 parens
1347 1511 1470 1558 urbis,
1516 1512 1556 1550 in

114 1584 344 1622 societatem
374 1583 490 1632 regni
521 1582 706 1633 accepit?
751 1583 861 1632 Ergo
892 1583 985 1621 dum
1017 1583 1172 1621 nullum
1189 1583 1399 1622 fastiditur
1415 1597 1553 1633 genus.
1576 1585 1626 1622 13

114 1655 156 1694 in
187 1669 264 1706 quo
296 1655 467 1693 eniteret
497 1655 640 1704 virtus,
673 1655 802 1693 crevit
832 1656 1042 1706 imperium
1068 1655 1308 1696 Romanum.
1357 1657 1558 1695 Paeniteat

114 1741 221 1766 nunc
250 1740 320 1765 vos
350 1727 503 1778 plebeii
536 1728 723 1775 consulis,
755 1741 877 1778 quum
909 1728 1081 1766 maiores
1105 1730 1233 1767 nostri
1250 1729 1424 1767 advenas
1440 1741 1556 1778 reges

113 1813 196 1838 non
235 1799 501 1847 fastidierint,
546 1803 586 1837 et
626 1813 675 1837 ne
719 1800 884 1850 regibus
916 1800 1079 1850 quidem
1111 1801 1260 1838 exactis
1292 1801 1428 1839 clausa
1458 1801 1556 1839 urbs

113 1873 238 1911 fuerit
267 1872 491 1923 peregrinae
522 1871 696 1909 virtuti?
741 1871 952 1910 Claudiam
985 1876 1093 1911 certe
1125 1875 1285 1923 gentem
1316 1876 1410 1923 post
1439 1886 1553 1922 reges
1575 1873 1626 1910 14

116 1947 278 1984 exactos
318 1958 364 1982 ex
396 1942 561 1981 Sabinis
600 1957 679 1981 non
718 1945 759 1982 in
800 1945 1005 1983 civitatem
1044 1945 1162 1983 modo
1194 1945 1440 1996 accepimus,
1485 1945 1556 1983 sed

112 2017 235 2056 etiam
272 2017 318 2054 'in
356 2015 620 2066 patriciorum
659 2029 878 2054 numerum.
938 2016 999 2054 Ex
1026 2011 1304 2067 peregrinone
1346 2017 1554 2067 patricius,
1575 2016 1625 2054 15

112 2088 258 2127 deinde
297 2088 437 2127 consul
476 2087 562 2134 fiet,
609 2087 709 2126 civis
740 2089 945 2127 Romanus
976 2089 1011 2127 si
1041 2089 1095 2127 sit
1125 2103 1172 2127 ex
1201 2089 1340 2140 plebe,
1387 2090 1557 2140 praecisa

111 2161 340 2199 consulatus
372 2173 461 2210 spes
494 2159 602 2197 erit?
633 2160 781 2198 Utrum
811 2161 973 2199 tandem
997 2174 1077 2200 non
1101 2161 1299 2200 credimus
1320 2161 1409 2200 fieri
1425 2175 1552 2212 posse,
1574 2162 1623 2199 16

114 2235 160 2270 ut
188 2233 258 2270 vir
282 2232 398 2270 fortis
430 2245 475 2270 ac
506 2236 703 2280 strenuus,
736 2247 833 2284 pace
864 2233 1054 2284 belloque
1084 2234 1225 2282 bonus,
1265 2247 1313 2272 ex
1345 2234 1461 2284 plebe
1492 2235 1555 2281 sit,

110 2303 263 2351 Numae,
293 2305 340 2344 L.
357 2303 594 2354 Tarquinio,
627 2303 713 2345 Ser.
731 2305 868 2344 Tullio
885 2305 1038 2353 similis,
1071 2320 1133 2353 an,
1163 2320 1213 2345 ne
1240 2307 1275 2344 si
1300 2306 1354 2344 sit
1377 2306 1550 2356 quidem,
1571 2305 1622 2341 17

113 2376 164 2415 ad
194 2376 465 2426 gubernacula
495 2377 554 2414 rei
575 2376 750 2427 publicae
777 2378 966 2416 accedere
990 2391 1079 2416 eum
1095 2379 1308 2429 patiemur,
1338 2379 1553 2429 potiusque

113 2448 363 2497 decemviris,
395 2448 627 2486 taeterrimis
643 2450 886 2499 mortalium,
913 2450 984 2500 qui
1000 2453 1133 2488 tamen
1151 2463 1285 2489 omnes
1305 2464 1352 2488 ex
1369 2449 1552 2499 patribus

112 2524 238 2567 erant,
268 2533 387 2571 quam
418 2521 580 2571 optimis
610 2533 763 2571 regum,
792 2522 909 2560 novis
926 2522 1168 2569 hominibus,
1200 2522 1352 2560 similes
1369 2521 1553 2559 consules

103 2605 246 2631 sumus
276 2591 486 2631 habituri?
531 2593 591 2630 At
622 2593 726 2630 enim
757 2606 871 2632 nemo
901 2597 991 2644 post
1021 2607 1135 2644 reges
1167 2597 1326 2632 exactos
1357 2592 1405 2629 de
1428 2593 1546 2643 plebe

106 2664 253 2702 consul
282 2664 371 2702 fuit.
418 2664 527 2712 Quid
554 2663 722 2715 postea?
752 2664 929 2704 Nullane
953 2679 1016 2703 res
1042 2679 1146 2704 nova
1162 2664 1320 2703 institui
1338 2663 1485 2703 debet?
1516 2669 1555 2703 et

1642 2592 1673 2640 4
