1821 2928
500 134 618 170 Liber
641 131 714 169 ΠΙ.
765 132 825 175 (Α.
853 133 918 168 Ch.
943 134 1150 178 459-458.)
1467 142 1545 180 149

104 264 269 303 Valerio
301 263 430 303 Manii
460 262 557 310 filio,
589 262 730 301 Volesi
761 266 917 312 nepote,
949 266 1125 312 quaestor
1156 268 1241 302 erat
1266 265 1311 304 Τ.
1329 265 1544 313 Quinctius

102 335 370 387 Capitolinus,
402 336 471 386 qui
502 340 563 374 ter
594 335 733 374 consul
763 334 903 372 fuerat.
948 334 1002 382 Is,
1034 337 1220 386 quoniam
1248 351 1378 389 neque
1396 339 1543 387 Quinc-

99 409 169 446 tiae
199 409 364 447 familiae
383 408 495 448 Caeso
528 420 658 458 neque
688 407 748 446 rei
777 406 953 458 publicae
971 408 1164 446 maximus
1181 409 1366 448 iuvenum
1383 413 1544 451 restitui

98 484 246 531 posset,
279 481 423 520 falsum
453 484 608 527 testem,
642 480 710 530 qui
743 479 924 518 dicendae
957 491 1084 517 causae
1117 481 1277 520 innoxio
1302 487 1541 533 potestatem

96 553 325 601 ademisset,
355 554 460 592 iusto
493 566 538 592 ac
569 553 636 604 pio
669 552 776 591 bello
793 550 1122 602 persequebatur.
1170 552 1298 600 Quum
1318 555 1538 606 Verginius
1557 558 1582 594 4

96 626 267 664 maxime
306 639 354 664 ex
392 627 566 665 tribunis
609 625 657 664 de
689 625 777 674 lege
808 627 958 674 ageret,
1005 623 1126 662 duum
1158 639 1333 664 mensum
1366 630 1540 678 spatium

95 698 332 737 consulibus
363 699 499 738 datum
533 702 591 737 est
623 697 673 737 ad
704 696 996 748 inspiciendam
1028 696 1170 746 legem,
1200 701 1256 743 ut,
1295 713 1415 749 quum
1448 701 1539 740 edo-

93 770 269 809 cuissent
314 772 522 823 populum,
576 770 675 821 quid
722 769 875 808 fraudis
922 769 1087 807 occultae
1133 770 1317 818 ferretur,
1361 773 1538 812 sinerent

92 841 239 881 deinde
269 843 506 893 suffragium
537 843 654 882 inire.
702 842 791 881 Hoc
823 841 1030 880 intervalli
1061 842 1199 880 datum
1215 856 1280 881 res
1296 847 1537 896 tranquillas

91 914 134 953 in
164 915 264 954 urbe
294 916 402 955 fecit.
463 915 547 955 Nec
579 916 809 953 diuturnam
842 914 1017 965 quietem
1047 914 1173 966 AEqui
1204 915 1412 965 dederunt,
1447 920 1529 969 qui,
1550 916 1573 954 5

90 991 211 1038 rupto
257 988 418 1036 foedere,
464 987 574 1038 quod
620 988 741 1026 ictum
788 990 872 1025 erat
904 987 1041 1037 priore
1073 1002 1176 1026 anno
1209 1001 1297 1027 cum
1328 989 1532 1038 Romanis,

88 1059 302 1110 imperium
348 1061 401 1100 ad
447 1059 675 1099 Gracchum
722 1059 905 1098 Cloelium
953 1059 1159 1107 deferunt;
1203 1061 1238 1099 is
1283 1065 1368 1100 tum
1414 1063 1533 1115 longe

87 1131 275 1183 princeps
306 1133 347 1171 in
364 1133 513 1184 AEquis
545 1138 643 1172 erat.
689 1131 872 1171 Graccho
906 1131 1006 1170 duce
1038 1133 1079 1171 in
1103 1133 1352 1173 Lavicanum
1379 1149 1530 1185 agrum,
1549 1135 1571 1172 6

87 1203 181 1243 inde
224 1205 264 1243 in
311 1205 583 1245 Tusculanum
630 1205 769 1244 hostili
813 1204 1076 1255 populatione
1116 1206 1296 1254 veniunt,
1341 1208 1530 1259 plenique

84 1276 232 1326 praedae
265 1277 307 1315 in
325 1278 480 1328 Algido
513 1282 643 1316 castra
674 1278 820 1315 locant.
880 1277 929 1315 In
962 1291 1008 1316 ea
1040 1281 1175 1316 castra
1209 1278 1255 1326 Q.
1285 1278 1450 1328 Fabius,
1482 1281 1528 1320 P.

86 1347 345 1400 Volumnius,
377 1350 431 1390 A.
452 1349 688 1388 Postumius
719 1349 846 1399 legati
877 1349 926 1387 ab
958 1351 1087 1388 Roma
1116 1355 1313 1389 venerunt
1344 1358 1528 1403 questum

83 1420 254 1459 iniurias
286 1425 325 1460 et
356 1436 403 1460 ex
434 1422 583 1460 foedere
606 1434 669 1459 res
684 1423 909 1472 repetitum.
957 1421 1037 1460 Eos
1054 1422 1280 1473 AEquorum
1296 1425 1525 1477 imperator,
1545 1424 1568 1459 7

86 1505 176 1542 quae
207 1493 397 1532 mandata
427 1494 601 1532 habeant
632 1493 681 1531 ab
713 1498 853 1532 senatu
883 1493 1078 1544 Romano,
1111 1495 1162 1533 ad
1193 1509 1384 1546 quercum
1415 1498 1528 1537 iubet

87 1563 239 1612 dicere;
294 1579 335 1604 se
390 1566 470 1605 alia
515 1567 680 1604 interim
726 1569 918 1604 acturum.
993 1567 1174 1614 Quercus
1220 1568 1362 1619 ingens
1408 1571 1528 1610 arbor

84 1638 276 1687 praetorio
307 1638 552 1686 imminebat,
583 1639 696 1676 cuius
727 1638 869 1676 umbra
900 1651 1025 1689 opaca
1055 1639 1169 1678 sedes
1200 1644 1298 1682 erat.
1347 1642 1448 1680 Tum
1475 1657 1524 1682 ex
1542 1640 1568 1678 8

82 1707 229 1759 legatis
273 1723 374 1749 unus
420 1711 559 1750 abiens
601 1711 680 1759 „Et
724 1711 833 1748 haec“
874 1711 1006 1761 inquit
1042 1716 1224 1759 „sacrata
1269 1727 1439 1764 quercus
1485 1719 1524 1755 et

79 1781 277 1832 quicquid
310 1782 475 1822 deorum
508 1787 580 1831 est,
612 1783 792 1831 audiant,
823 1783 953 1822 foedus
977 1784 1132 1823 avobis
1149 1789 1325 1836 ruptum,
1358 1789 1523 1827 nostris·

81 1866 159 1903 que
204 1846 245 1892 et
289 1868 394 1894 nunc
439 1856 613 1906 querelis
657 1855 795 1895 adsint
835 1860 874 1894 et
904 1869 996 1895 mox
1029 1857 1162 1905 armis,
1208 1871 1326 1909 quum
1360 1859 1522 1899 deorum

24 1960 30 1964 .
81 1925 365 1978 hominumque
409 1928 526 1967 simul
571 1929 724 1968 violata
769 1929 859 1967 iura
904 1934 1204 1980 exsequemur.“
1268 1931 1438 1970 Romam
1476 1937 1520 1972 ut
1540 1931 1563 1968 9

81 1997 235 2038 rediere
265 2000 402 2051 legati,
444 2005 605 2040 senatus
645 2001 763 2040 iussit
793 2001 963 2040 alterum
994 2002 1195 2042 consulem
1227 2008 1368 2044 contra
1398 2004 1521 2044 Grac-

77 2069 195 2110 chum
228 2072 270 2110 in
287 2072 485 2123 Algidum
519 2074 739 2112 exercitum
772 2073 928 2121 ducere,
959 2074 1076 2113 alteri
1107 2076 1408 2126 populationem
1432 2077 1521 2116 fini-

78 2153 145 2180 um
167 2143 393 2194 AEquorum
424 2146 674 2197 provinciam
707 2146 830 2185 dedit.
881 2145 1053 2185 Tribuni
1084 2161 1154 2186 suo
1185 2162 1295 2188 more
1325 2150 1520 2201 impedire

78 2213 284 2267 dilectum,
316 2220 357 2255 et
386 2218 556 2257 forsitan
573 2219 624 2258 ad
639 2219 825 2257 ultimum
843 2218 1125 2270 impedissent;
1156 2220 1226 2260 sed
1242 2235 1368 2260 novus
1385 2223 1518 2262 subito

76 2286 240 2327 additus
276 2293 409 2328 terror
449 2294 522 2330 est.
584 2291 660 2330 Vis
692 2289 932 2330 Sabinorum
965 2291 1104 2342 ingens
1134 2306 1260 2344 prope
1291 2294 1342 2333 ad
1373 2296 1517 2334 moenia
1597 2289 1652 2338 26

74 2359 189 2398 urbis
218 2361 364 2401 infesta
394 2363 656 2413 populatione
685 2364 815 2411 venit;
859 2363 998 2402 foedati
1029 2365 1131 2415 agri,
1171 2370 1304 2405 terror
1343 2367 1517 2406 iniectus

72 2431 166 2470 urbi
210 2437 280 2472 est.
354 2433 456 2473 Tum
502 2435 616 2487 plebs
660 2436 834 2486 benigne
879 2449 989 2474 arma
1034 2437 1159 2488 cepit3
1203 2439 1515 2478 reclamantibus

73 2501 223 2543 frustra
250 2506 425 2546 tribunis
449 2508 584 2557 magni
609 2508 687 2546 duo
712 2508 912 2547 exercitus
928 2510 1086 2560 scripti.
1135 2510 1323 2549 Alterum
1341 2510 1513 2549 Nautius
1531 2509 1555 2546 2

71 2578 214 2615 contra
243 2575 415 2618 Sabinos
445 2579 574 2627 duxit,
619 2581 842 2632 castrisque
873 2581 923 2620 ad
955 2581 1121 2620 Eretum
1153 2583 1307 2633 positis,
1345 2595 1417 2632 per
1449 2595 1514 2620 ex·

66 2646 300 2696 peditiones
329 2663 487 2703 parvas,
516 2652 752 2703 plerumque
783 2654 990 2693 nocturnis
1020 2654 1330 2703 incursionibus.
1361 2657 1513 2693 tantam

72 2719 300 2759 vastitatem
347 2722 389 2760 in
428 2722 578 2762 Sabino
623 2738 720 2775 agro
760 2725 948 2766 reddidit.
996 2730 1040 2764 ut
1078 2726 1297 2776 comparati
1335 2725 1387 2765 ad
1425 2739 1513 2766 eam
