1821 2928
733 145 848 181 Liber
873 146 898 180 Ῑ.
1487 150 1537 188 51

215 274 301 311 Iam
334 286 477 323 magna
494 273 707 323 Tarquinii
733 273 952 311 auctoritas
978 274 1082 312 inter
1099 273 1334 313 Latinorum
1359 286 1543 324 proceres
1621 272 1677 319 50

96 349 200 393 erat,
231 359 352 395 quum
387 346 429 383 in
448 345 551 383 diem
569 349 731 390 certam,
763 347 809 382 ut
825 344 874 382 ad
893 345 1024 382 lucum
1043 345 1270 384 Ferentinae
1287 346 1538 395 conveniant,

97 418 259 463 indicit;
306 431 401 464 esse,
448 429 537 466 quae
577 429 696 465 agere
729 416 777 453 de
808 417 926 454 rebus
957 417 1234 455 communibus
1265 417 1372 454 velit.
1434 417 1578 455 Con-2

93 489 263 527 veniunt
294 490 523 540 frequentes
554 488 685 538 prima
716 489 824 534 luce;
857 488 942 538 ipse
959 487 1208 537 Tarquinius
1239 489 1343 526 diem
1375 489 1536 539 quidem

99 562 287 610 servavit,
321 562 388 599 sed
416 561 537 611 paulo
565 563 670 606 ante,
701 573 820 610 quain
845 559 904 597 sol
921 559 1132 606 occideret,
1163 560 1285 598 venit.
1331 560 1463 598 Multa
1481 561 1537 599 ibi

94 636 180 672 toto
215 633 280 671 die
312 633 352 670 in
386 633 557 671 concilio
589 632 712 670 variis
743 632 892 670 iactata
923 631 1172 669 sermonibus
1205 635 1328 670 erant.
1377 631 1537 670 Turnus
1558 634 1581 669 3

95 704 328 743 Herdonius
368 706 418 742 ab
452 704 595 742 Aricia
627 704 816 742 ferociter
847 703 889 740 in
921 704 1126 741 absentem
1157 702 1423 753 Tarquinium
1454 708 1536 741 erat

94 777 292 815 invectus:
325 776 448 815 Haud
474 777 619 814 mirum
647 789 730 813 esse
748 774 932 825 Superbo
960 775 1134 813 inditum
1151 775 1290 813 Romae
1308 788 1538 825 cognomen.

94 849 199 898 (Iam
239 850 344 887 enim
385 849 441 887 ita
481 849 584 887 elam
625 847 787 897 quidem
818 846 1088 894 mussitantes,
1128 848 1250 897 vulgo
1281 851 1416 885 tamen
1449 861 1537 885 eum

94 921 385 972 appellabant.)
475 921 543 958 An
576 920 790 970 quicquam
821 919 1036 969 superbius
1069 932 1153 957 esse
1185 932 1304 969 quam
1336 918 1537 956 ludificari

94 993 151 1031 sic
184 1006 300 1031 omne
331 1006 475 1031 nomen
494 991 715 1030 Latinum?
746 991 1014 1041 Principibus
1043 991 1163 1041 longe
1194 1005 1217 1030 a
1249 991 1365 1029 domo
1383 991 1537 1040 excitis,
1557 991 1580 1027 4

93 1065 234 1115 ipsum,
266 1065 337 1115 qui
368 1064 586 1103 concilium
618 1050 822 1110 indixerit,
854 1076 934 1100 non
966 1063 1118 1102 adesse.
1160 1063 1327 1102 Tentari
1358 1063 1538 1113 profecto

94 1137 343 1187 patientiam,
390 1140 445 1183 ut,
493 1136 527 1173 si
558 1136 695 1184 iugum
727 1136 968 1186 acceperint,
1007 1135 1200 1173 obnoxios
1230 1138 1400 1185 premat.
1463 1135 1538 1172 Cui

93 1210 199 1247 enim
244 1222 324 1247 non
371 1221 576 1259 apparere,
624 1207 811 1245 affectare
858 1220 947 1246 eum
996 1207 1208 1257 imperium
1253 1207 1295 1244 in
1333 1206 1539 1245 Latinos?

95 1281 212 1329 Quod
256 1281 291 1319 si
337 1280 398 1319 sui
448 1281 548 1318 bene
595 1279 843 1318 crediderint
884 1279 1000 1326 cives,
1046 1282 1116 1317 aut
1146 1280 1181 1317 si
1211 1278 1406 1317 creditum
1438 1277 1582 1316 illud5

93 1357 132 1391 et
162 1366 242 1391 non
273 1356 433 1403 raptum
466 1352 688 1403 parricidio
719 1352 782 1399 sit,
826 1351 988 1389 credere
1020 1354 1059 1388 et
1088 1350 1269 1397 Latinos,
1310 1362 1537 1400 quanquam

93 1438 143 1463 ne
190 1426 247 1463 sie
293 1425 457 1474 quidem
490 1424 744 1473 alienigenae,
792 1422 957 1469 debere;
1003 1423 1065 1460 sin
1096 1436 1187 1460 suos
1219 1422 1304 1460 eius
1335 1422 1537 1472 paeniteat,
1557 1422 1580 1459 6

96 1497 245 1547 quippe
277 1497 346 1546 qui
378 1497 448 1534 alii
481 1509 599 1546 super
631 1496 731 1533 alios
756 1494 1022 1545 trucidentur,
1056 1495 1279 1534 exsulatum
1296 1497 1401 1542 eant,
1432 1494 1537 1531 bona

92 1569 294 1618 amittant,
328 1568 425 1618 quid
456 1568 542 1618 spei
574 1567 755 1605 melioris
772 1566 930 1606 Latinis
956 1567 1175 1617 portendi?
1221 1565 1266 1604 Si
1289 1579 1330 1604 se
1357 1565 1536 1612 audiant,

94 1641 254 1679 domum
281 1654 392 1678 suam
418 1653 616 1690 quemque
644 1638 738 1676 inde
763 1639 943 1676 abituros
966 1652 1095 1689 neque
1112 1639 1238 1688 magis
1255 1639 1536 1676 observaturos

91 1713 196 1750 diem
228 1712 401 1759 concilii,
433 1725 551 1761 quam
582 1712 681 1761 ipse,
716 1711 785 1761 qui
816 1710 1020 1757 indixerit,
1053 1704 1248 1750 observet.
1294 1710 1396 1748 Haec
1413 1713 1534 1759 atque
1554 1709 1576 1744 7

93 1784 175 1822 alia
206 1783 348 1822 eodem
379 1784 624 1834 pertinentia
655 1782 870 1822 seditiosus
902 1783 1227 1833 facinorosusque
1258 1782 1375 1820 homo
1394 1780 1535 1830 hisque

95 1856 249 1894 artibus
282 1869 376 1906 opes
409 1855 518 1893 domi
550 1858 691 1893 nactus
723 1868 844 1905 quum
872 1855 1043 1893 maxime
1059 1855 1286 1902 dissereret,
1318 1853 1535 1892 intervenit

95 1927 356 1979 Tarquinius,
416 1928 458 1965 Is
504 1927 594 1965 finis
642 1927 817 1965 orationi
863 1927 957 1973 fuit3
1005 1927 1135 1966 aversi
1179 1939 1314 1965 omnes
1352 1925 1404 1963 ad
1436 1924 1578 1963 Tar-8

92 2000 279 2051 quinium
310 1999 577 2037 salutandum.
623 1999 714 2047 Qui,
746 1999 910 2037 silentio
942 1999 1059 2046 facto,
1092 1997 1533 2048 monitusaproximis.

96 2076 141 2110 ut
170 2075 363 2122 purgaret
395 2084 448 2118 se,
479 2071 587 2121 quod
618 2071 660 2109 id
691 2072 882 2121 temporis
912 2071 1103 2119 venisset,
1141 2071 1448 2121 disceptatorem
1480 2069 1535 2106 ait

94 2157 136 2182 se
167 2147 371 2193 sumptum
403 2143 507 2181 inter
539 2147 693 2194 patrem
726 2147 765 2181 et
795 2143 924 2181 filium
955 2156 1049 2181 cura
1079 2141 1366 2181 reconciliandi
1397 2154 1463 2179 eos
1494 2141 1534 2178 in

97 2216 271 2266 gratiam
304 2219 501 2253 moratum
533 2228 629 2265 esse,
663 2219 714 2264 et,
746 2216 841 2264 quia
872 2228 919 2254 ea
948 2229 1011 2253 res
1044 2215 1255 2253 exemisset
1285 2215 1401 2252 illum
1417 2213 1534 2257 diem,

93 2290 253 2343 postero
301 2287 367 2324 die
416 2291 609 2338 acturum,
659 2299 747 2336 quae
780 2287 1066 2325 constituisset.
1127 2287 1187 2326 Ne
1218 2287 1260 2324 id
1291 2285 1455 2336 quidem
1486 2285 1535 2322 ab
1555 2284 1577 2321 9

93 2358 230 2397 Turno
261 2359 402 2397 tulisse
433 2359 602 2397 tacitum
633 2359 784 2406 ferunt;
817 2359 967 2397 dixisse
994 2359 1112 2407 enim,
1144 2359 1296 2397 nullam
1312 2358 1534 2396 breviorem

93 2443 178 2469 esse
195 2431 464 2480 cognitionem
483 2443 600 2480 quam
618 2430 723 2468 inter
740 2434 895 2480 patrem
913 2435 952 2469 et
968 2430 1109 2480 filium,
1126 2430 1347 2481 paucisque
1363 2427 1534 2476 transigi

93 2502 229 2540 verbis
274 2515 408 2552 posse:
457 2502 499 2539 ni
544 2505 683 2552 pareat
713 2503 834 2552 patri⁷
880 2502 1114 2541 habiturum
1143 2501 1407 2541 infortunium
1438 2511 1533 2537 esse.

93 2573 192 2612 Haec
209 2573 401 2612 Aricinus
431 2574 473 2611 in
503 2585 638 2622 regem
653 2573 879 2612 Romanum
911 2574 1122 2624 increpans
1153 2587 1201 2612 ex
1227 2572 1399 2611 concilio
1418 2571 1531 2611 abiit.
1622 2567 1671 2614 51

95 2645 226 2692 Quam
270 2659 354 2684 rem
394 2645 639 2695 Tarquinius
684 2645 908 2696 aliquanto,
954 2659 1071 2696 quam
1117 2645 1340 2690 videbatur,
1387 2643 1533 2692 aegrius

94 2716 225 2755 ferens
250 2717 459 2755 confestim
475 2716 612 2755 Turno
629 2730 764 2756 necem
781 2718 1042 2764 machinatur,
1073 2720 1117 2754 ut
1134 2716 1303 2754 eundem
1321 2718 1530 2764 terrorem,

1284 2796 1326 2827 4.
