1821 2928
311 125 394 162 260
764 119 879 156 Liber
905 121 951 157 V.
999 123 1059 166 (A.
1086 135 1119 156 u.
1146 133 1175 157 c.
1201 123 1295 168 351.)

311 249 482 295 Graecia,
515 263 633 299 quam
666 249 806 298 procul
840 249 888 287 ab
922 249 1068 287 domo‘?
1099 254 1196 300 quot
1227 253 1367 298 terras,
1399 254 1497 300 quot
1527 251 1654 289 maria
1686 250 1747 288 di-

244 323 294 359 12
314 321 450 360 stans?
481 334 551 358 nos
584 321 689 357 intra
719 321 953 358 vicesimum
978 322 1164 371 lapidem,
1195 323 1236 359 in
1263 325 1480 372 conspectu
1496 336 1619 373 prope
1635 323 1747 361 urbis

310 398 466 440 nostrae,
497 406 667 430 annuam
699 393 1040 442 oppugnationem
1071 394 1249 443 perferre
1279 395 1400 444 piget.
1453 393 1618 432 Scilicet
1653 394 1748 444 quia

311 466 411 503 levis
444 479 563 502 causa
608 465 703 501 belli
736 469 795 502 est
825 479 897 502 nec
944 465 1039 502 satis
1085 466 1297 515 quicquam
1343 466 1440 503 iusti
1486 466 1635 503 doloris
1677 469 1746 512 est,

243 536 294 574 13
313 537 419 587 quod
450 550 520 574 nos
553 537 602 574 ad
628 537 960 586 perseverandum
988 537 1175 575 stimulet.
1221 536 1379 588 Septies
1409 538 1672 584 rebellarunt;
1705 537 1748 575 in

311 623 406 659 paee
437 622 640 658 nunquam
671 608 751 645 fida
781 610 958 655 fuerunt3
993 622 1109 657 agros
1141 612 1297 647 nost-ros
1338 610 1483 647 millies
1515 609 1750 659 depopulati

312 685 426 728 sunt3
457 681 677 718 Fidenates
711 680 878 718 deficere
911 694 933 717 a
963 681 1077 718 nobis
1110 683 1342 729 coegerunt;
1390 682 1551 720 colonos
1591 685 1749 719 nostros

243 753 294 789 14
316 754 370 790 ibi
402 753 706 799 interfeceruntq
739 756 920 789 auctores
951 753 1060 789 fuere
1093 756 1229 791 contra
1253 754 1314 791 ius
1339 753 1458 791 caedis
1484 752 1618 803 impiae
1641 753 1748 805 lega·

310 830 441 862 torum
473 828 720 870 nostrorum3
767 824 972 861 Etruriam
1020 838 1173 862 omnem
1221 825 1408 863 adversus
1438 838 1509 863 nos
1548 825 1749 863 concitare

312 897 536 943 voluerunt,
567 897 769 946 hodieque
802 897 842 933 id
874 896 1114 944 moliuntur3
1145 911 1208 934 res
1240 901 1464 947 repetentes
1494 897 1650 946 legatos
1680 909 1749 934 no-

202 965 228 1011 5
313 972 415 1006 stros
448 968 554 1006 haud
572 969 710 1018 procul
728 968 830 1006 afuit
847 969 944 1018 quin
960 969 1170 1006 violarent.
1217 968 1314 1006 Cum
1340 969 1401 1006 his
1426 969 1604 1008 molliter
1623 972 1662 1007 et
1677 982 1749 1019 per

315 1041 530 1078 dilationes
556 1041 707 1077 bellum
739 1041 824 1089 geri
853 1040 1040 1090 oportet?
1087 1040 1130 1078 Si
1146 1055 1216 1078 nos
1233 1044 1314 1078 tam
1332 1041 1478 1079 iustum
1496 1041 1630 1079 odium
1646 1040 1750 1078 nihil

272 1114 294 1150 2
315 1116 457 1160 movet,
488 1126 537 1150 ne
570 1113 640 1149 illa
665 1112 839 1163 quidem,
869 1126 936 1150 oro
962 1125 1043 1160 vos,
1069 1112 1257 1151 movent?
1289 1112 1488 1163 Operibus
1519 1112 1749 1161 ingentibus

313 1189 439 1236 saepta
473 1185 570 1221 urbs
603 1188 675 1231 est,
707 1184 853 1234 quibus
885 1186 990 1221 intra
1021 1198 1154 1222 muros
1194 1188 1400 1222 coercetur
1431 1185 1578 1232 hostis;
1609 1197 1749 1234 agrum

271 1257 295 1294 3
314 1271 391 1294 non
425 1257 561 1303 coluit,
594 1258 632 1293 et
664 1256 770 1293 culta
802 1259 979 1293 evastata
1010 1260 1102 1293 sunt
1127 1257 1251 1303 bello;
1283 1256 1316 1294 si
1350 1257 1576 1294 reducimus
1601 1256 1750 1294 exerci-

308 1333 404 1375 tum,
440 1329 532 1378 quis
565 1332 635 1374 est,
668 1329 738 1378 qui
771 1328 938 1374 dubitet,
971 1328 1062 1365 illos
1092 1342 1171 1365 non
1203 1343 1226 1366 a
1254 1329 1474 1379 cupiditate
1501 1329 1628 1366 solum
1651 1328 1751 1365 ulci-

309 1401 460 1448 scendi,
494 1401 563 1438 sed
597 1401 717 1437 etiam
749 1401 988 1437 necessitate
1020 1400 1210 1450 imposita
1257 1414 1305 1438 ex
1351 1401 1483 1438 alieno
1529 1399 1750 1450 praedandi,

309 1486 431 1522 quum
466 1487 536 1510 sua
569 1473 789 1519 amiserint,
821 1485 961 1521 agrum
991 1475 1170 1509 nostrum
1203 1472 1437 1510 invasuros?
1478 1472 1569 1510 Non
1600 1471 1749 1508 differi-

310 1558 397 1581 mus
431 1544 557 1593 igitur
589 1544 736 1581 bellum
769 1545 844 1581 isto
879 1544 1059 1590 consilio,
1088 1544 1154 1581 sed
1174 1544 1282 1581 intra
1306 1544 1404 1581 fines
1429 1547 1586 1582 nostros
1605 1542 1750 1592 accipi-

268 1616 294 1652 4
315 1630 409 1653 mus.
475 1615 613 1662 Quid?
644 1616 758 1662 illud,
791 1615 897 1665 quod
928 1616 1091 1665 proprie
1123 1616 1173 1652 ad
1205 1616 1354 1653 milites
1385 1616 1573 1666 pertinet,
1606 1614 1750 1665 quibus

313 1688 408 1725 boni
426 1688 580 1725 tribuni
598 1688 730 1737 plebis
748 1691 831 1724 tum
856 1687 1099 1737 stipendium
1125 1690 1363 1737 extorquere
1394 1688 1616 1733 voluerunt,
1646 1699 1751 1723 nunc

270 1759 292 1796 ὅ
313 1760 536 1797 consultum
568 1764 732 1809 repente
763 1759 913 1804 volunt,
947 1759 1063 1808 quale
1095 1758 1186 1796 est?
1234 1758 1399 1796 Vallum
1422 1758 1658 1807 fossamque,
1691 1757 1751 1794 in-

311 1833 440 1880 gentis
480 1835 691 1881 utramque
737 1845 820 1868 rem
863 1831 1005 1880 operis,
1049 1845 1121 1880 per
1166 1835 1320 1868 tantum
1367 1830 1488 1880 spatii
1533 1829 1750 1875 duxerunt3

314 1904 478 1941 castella
509 1904 637 1953 primo
668 1916 807 1953 pauca,
839 1906 988 1952 postea,
1020 1903 1198 1940 exercitu
1225 1906 1353 1949 aucto,
1386 1901 1628 1940 creberrima
1651 1901 1752 1938 fece-

313 1980 424 2022 runt;
459 1975 699 2012 munitiones
730 1989 809 2012 non
841 1975 880 2011 in
913 1975 1050 2012 urbem
1075 1974 1204 2024 modo,
1238 1975 1373 2012 sedin
1396 1974 1603 2020 Etruriam
1630 1973 1749 2011 etiam

277 2048 299 2084 6
319 2050 557 2097 spectantes,
577 2047 610 2083 si
637 2060 715 2096 qua
741 2046 835 2084 inde
853 2047 1004 2084 auxilia
1019 2047 1193 2093 veniant,
1210 2059 1448 2096 opposuere;
1481 2045 1580 2096 quid
1604 2048 1750 2094 turres,

312 2119 411 2169 quid
446 2119 581 2156 vineas
619 2119 920 2168 testudinesque
963 2122 1002 2155 et
1042 2118 1163 2155 alium
1196 2118 1553 2168 oppugnandarum
1591 2117 1752 2154 urbium

311 2194 549 2240 apparatum
581 2191 752 2241 loquar?
783 2191 915 2238 Quum
939 2193 1095 2227 tantum
1124 2190 1272 2227 laboris
1299 2190 1534 2227 exhaustum
1559 2188 1613 2225 sit
1636 2191 1675 2226 et
1701 2187 1752 2226 ad

313 2262 432 2300 finem
466 2263 543 2299 iam
575 2263 706 2312 operis
737 2263 897 2299 tandem
927 2265 1176 2312 perventum,
1208 2261 1523 2311 relinquendane
1553 2260 1637 2297 haec
1662 2272 1752 2296 cen-

313 2335 423 2380 setis,
456 2338 501 2371 ut
535 2333 585 2371 ad
618 2337 794 2370 aestatem
827 2347 966 2371 rursus
998 2347 1122 2371 novus
1149 2334 1198 2370 de
1225 2333 1383 2381 integro
1407 2332 1468 2370 his
1493 2331 1752 2369 instituendis

270 2408 298 2442 7
318 2407 535 2444 exsudetur
567 2405 712 2442 labor?
745 2405 902 2452 Quanto
935 2409 994 2442 est
1025 2405 1154 2442 minus
1196 2418 1317 2454 opera
1354 2404 1460 2441 tueri
1489 2404 1594 2441 facta
1625 2406 1664 2440 et
1692 2403 1751 2439 in·

314 2482 419 2515 stare
437 2491 482 2515 ac
499 2490 755 2527 perseverare
773 2477 1018 2526 defungique
1036 2490 1130 2514 cura
1147 2474 1260 2515 brevi
1272 2475 1290 2512 ’.Ρ
1305 2476 1437 2513 brevis
1451 2475 1555 2512 enim
1570 2474 1751 2524 profecto

315 2563 377 2587 res
409 2552 478 2595 est,
511 2549 545 2586 si
576 2561 655 2585 uno
686 2552 825 2584 tenore
865 2548 1072 2597 peragitur
1112 2560 1186 2584 nec
1228 2547 1307 2596 ipsi
1337 2559 1408 2596 per
1439 2545 1752 2583 intermissiones

269 2622 388 2658 8has
419 2621 710 2669 intervallaque
742 2619 950 2656 lentiorem
990 2632 1097 2668 spem
1136 2609 1315 2655 nostram
1345 2617 1523 2654 facimus.
1583 2616 1750 2666 Loquor

317 2692 365 2729 de
397 2705 528 2742 operae
559 2696 599 2729 et
631 2692 679 2729 de
708 2690 898 2740 temporis
932 2690 1102 2736 iactura;
1142 2688 1267 2740 quid?
1304 2688 1488 2738 periculi,
1530 2688 1638 2738 quod
1676 2687 1751 2724 dif-
