1821 2928
500 92 616 129 Liber
638 92 686 128 V.
735 94 796 137 (A.
824 92 888 128 ch.
913 93 1125 137 403—402.)
1443 94 1526 136 265

87 235 178 274 spes
209 225 306 270 erat,
337 222 372 260 si
403 234 452 260 ex
483 221 704 259 maioribus
736 221 880 259 castris
920 221 1220 268 subveniretur,
1267 224 1312 258 ut
1356 221 1526 260 diversae

83 295 263 344 legiones
294 294 385 333 aliae
416 294 608 332 adversus
641 292 885 344 Capenatem
926 306 971 332 ac
1001 293 1219 343 Faliscum,
1268 294 1357 332 aliae
1389 298 1527 333 contra

84 366 334 417 eruptionem
365 366 658 417 oppidanorum
689 368 934 415 pugnarent;
966 365 1036 403 sed
1067 366 1210 404 castris
1235 369 1408 416 praeerat
1426 366 1526 405 Ver-

83 438 230 489 ginius,
262 439 454 489 privatim
485 437 627 488 Sergio
659 439 810 477 invisus
835 438 1094 487 infestusque.
1154 438 1208 485 Is,
1241 452 1362 489 quum
1393 440 1522 490 plera·
1544 435 1595 474 10

85 524 162 562 que
193 511 360 549 castella
391 515 634 561 oppugnata,
662 513 871 561 superatas
895 509 1152 557 munitiones,
1175 511 1364 561 utrinque
1390 512 1526 550 invehi

83 584 240 622 hostem
271 583 546 630 nuntiaretur,
577 584 619 621 in
665 583 788 621 armis
819 582 968 620 milites
1012 582 1156 629 tenuit,
1202 583 1236 619 si
1282 597 1380 633 opus
1425 585 1527 622 foret

86 656 250 703 auxilio,
292 656 489 706 collegam
521 655 712 694 dictitans
744 654 795 693 ad
826 668 867 692 se
897 654 1122 692 missurum.
1170 652 1304 691 Huius
1336 666 1523 702 arrogan-
1547 654 1593 691 11

83 728 183 766 tiam
214 729 437 779 pertinacia
468 728 638 766 alterius
685 727 883 778 aequabat,
931 727 1013 777 qui,
1060 740 1108 764 ne
1155 739 1276 776 quam
1323 738 1437 774 opem
1477 726 1526 762 ab

87 800 250 838 inimico
281 800 490 838 videretur
521 801 684 850 petisse,
725 800 831 838 vinci
877 800 926 838 ab
965 799 1079 838 hoste
1112 812 1230 849 quam
1262 798 1424 835 vincere
1455 811 1527 847 per

84 872 210 911 civem
241 873 393 910 maluit.
454 873 538 911 Diu
571 873 612 910 in
643 872 774 910 medio
806 872 897 910 caesi
923 872 1092 918 milites3
1125 875 1325 921 postremo
1358 870 1526 908 desertis
1547 870 1597 907 12

86 945 391 993 munitionibus,
422 946 616 995 perpauci
648 945 690 982 in
722 945 876 983 maiora
907 947 1048 990 castra,
1080 957 1172 994 pars
1205 943 1377 980 maxima
1409 946 1528 992 atque

85 1017 173 1068 ipse
205 1015 369 1066 Sergius
399 1017 570 1055 Romam
601 1017 901 1068 pertenderunt.
976 1016 1062 1054 Ubi
1103 1029 1225 1067 quum
1257 1028 1413 1052 omnem
1446 1015 1527 1051 cul-

85 1102 178 1140 pam
196 1090 237 1127 in
255 1090 448 1139 collegam
466 1091 693 1137 inclinaret,
725 1090 848 1127 acciri
866 1089 1105 1138 Verginium
1135 1102 1183 1126 ex
1202 1088 1355 1137 castris,
1375 1087 1529 1124 interea

85 1174 256 1212 praeesse
288 1162 442 1211 legatos
473 1162 638 1213 placuit.
698 1162 805 1199 Acta
837 1161 982 1200 deinde
1015 1162 1054 1199 in
1087 1164 1228 1198 senatu
1260 1173 1322 1198 res
1355 1163 1414 1197 est
1445 1173 1526 1196 cer·
1550 1159 1599 1197 13

84 1237 291 1284 tatumque
321 1235 425 1272 inter
457 1235 629 1283 collegas
661 1233 898 1273 maledictis.
967 1233 1096 1270 Pauci
1126 1233 1185 1270 rei
1216 1232 1402 1282 publicae,
1434 1231 1528 1268 huic

86 1309 206 1356 atque
222 1307 298 1354 illi,
313 1310 358 1344 ut
376 1320 556 1357 quosque
574 1306 750 1344 studium
768 1307 957 1356 privatim
975 1309 1045 1343 aut
1070 1305 1203 1354 gratia
1221 1307 1527 1354 occupaverant,

85 1377 241 1417 adsunt.
302 1379 507 1416 Primores
548 1382 720 1428 patrum,
766 1379 849 1416 sive
896 1379 1015 1428 culpa
1060 1378 1143 1415 sive
1184 1377 1422 1414 infelicitate
1455 1376 1525 1413 im·
1622 1371 1647 1417 9

85 1454 316 1501 peratorum
342 1454 423 1489 tam
450 1450 718 1499 ignominiosa
745 1450 878 1488 clades
903 1453 1068 1500 accepta
1092 1453 1205 1496 esset,
1233 1462 1432 1495 censuere,
1449 1461 1530 1484 non

87 1523 403 1572 exspectandum
434 1523 583 1561 iustum
609 1527 767 1573 tempus
792 1523 1055 1570 comitiorum,
1089 1522 1160 1560 sed
1179 1521 1377 1571 extemplo
1405 1533 1530 1558 novos

86 1595 272 1634 tribunos
289 1596 460 1633 militum
487 1595 680 1633 creandos
707 1608 802 1642 esse,
835 1595 906 1645 qui
939 1594 1116 1632 calendis
1135 1593 1381 1632 Octobribus
1406 1592 1528 1641 magi·

87 1670 255 1706 stratum
287 1668 526 1718 occiperent.
586 1667 636 1705 In
663 1681 783 1717 quam
807 1668 1045 1705 sententiam
1062 1680 1184 1718 quum
1201 1665 1374 1716 pedibus
1390 1666 1527 1711 iretur,
1546 1665 1570 1700 2

87 1741 210 1779 ceteri
239 1739 395 1778 tribuni
412 1740 587 1777 militum
613 1740 716 1777 nihil
741 1740 1036 1787 contradicere3
1070 1743 1111 1778 at
1137 1739 1337 1777 enimvero
1363 1736 1528 1786 Sergius
1546 1737 1569 1774 3

88 1812 400 1863 Verginiusque,
431 1816 597 1863 propter
629 1826 728 1863 quos
758 1813 950 1862 paenitere
982 1812 1290 1862 magistratuum
1324 1810 1408 1847 eius
1435 1808 1530 1846 anni

87 1888 269 1922 senatum
301 1885 533 1938 apparebat,
556 1885 685 1934 primo
709 1884 920 1935 deprecari
937 1884 1208 1934 ignominiam,
1235 1882 1380 1920 deinde
1408 1882 1528 1918 inter-

87 1956 230 1994 cedere
261 1960 421 1994 senatus
453 1957 648 2003 consulto,
680 1970 838 2005 negare,
871 1970 912 1994 se
941 1959 1031 1994 ante
1056 1955 1145 1993 idus
1162 1955 1420 2000 Decembres,
1452 1952 1529 1990 sol-

87 2028 257 2066 lemnem
289 2028 474 2066 ineundis
506 2029 807 2078 magistratibus
840 2029 958 2075 diem,
1008 2029 1159 2066 honore
1206 2027 1386 2065 abituros
1433 2038 1530 2062 esse.

88 2100 201 2138 Inter
232 2100 315 2138 haec
345 2100 504 2138 tribuni
535 2101 678 2150 plebis,
710 2114 832 2151 quum
855 2101 897 2138 in
924 2101 1139 2139 concordia
1155 2100 1359 2138 hominum
1387 2098 1571 2136 secun-4

91 2173 232 2224 disque
248 2172 370 2211 rebus
387 2173 563 2211 civitatis
582 2173 702 2210 inviti
720 2173 922 2210 silentium
939 2173 1171 2220 tenuissent,
1198 2173 1348 2210 feroces
1366 2172 1531 2220 repente

91 2245 237 2283 minari
271 2245 447 2283 tribunis
479 2245 664 2292 militum,
697 2245 774 2283 nisi
802 2245 843 2283 in
868 2246 1107 2284 auctoritate
1133 2249 1294 2283 senatus
1319 2246 1460 2289 essent,
1491 2255 1531 2279 se

92 2317 132 2355 in
161 2318 297 2356 vincla
328 2330 394 2355 eos
441 2317 533 2355 duci
578 2317 755 2355 iussuros
801 2331 898 2357 esse.
959 2317 1062 2355 Tum
1094 2316 1138 2355 C.
1169 2316 1364 2355 Servilius
1396 2313 1571 2369 Ahala5

89 2389 278 2427 tribunus
295 2389 486 2427 militum:
523 2387 665 2436 „Quod
684 2388 734 2425 ad
750 2402 820 2427 vos
843 2390 1003 2437 attinet,
1032 2390 1188 2427 tribuni
1212 2389 1356 2439 plebis,
1388 2387 1531 2424 minas-

91 2473 168 2511 que
197 2465 363 2508 vestras,
394 2475 443 2499 ne
475 2474 548 2510 ego
580 2460 753 2498 libenter
784 2461 1004 2511 experirer,
1036 2475 1155 2511 quam
1182 2475 1260 2499 non
1284 2461 1374 2510 plus
1409 2459 1450 2495 in
1481 2457 1531 2493 iis

93 2532 190 2572 iuris
222 2547 342 2584 quam
374 2534 415 2571 in
445 2533 560 2571 vobis
592 2532 716 2570 animi
748 2537 870 2583 esset;
919 2533 989 2572 sed.
1027 2533 1139 2571 nefas
1172 2536 1232 2570 est
1262 2531 1426 2569 tendere
1457 2530 1526 2568 ad·
1546 2529 1571 2567 6

90 2617 230 2647 versus
261 2605 542 2644 auctoritatem
573 2608 746 2642 senatus.
823 2605 1002 2644 Proinde
1049 2609 1088 2643 et
1124 2619 1193 2642 vos
1225 2604 1396 2641 desinite
1428 2603 1532 2640 inter

90 2679 230 2714 nostra
248 2677 466 2716 certamina
488 2677 618 2715 locum
636 2676 794 2714 iniuriae
811 2690 1001 2727 quaerere,
1033 2680 1072 2714 et
1096 2676 1260 2725 collegae
1288 2678 1357 2713 aut
1374 2675 1533 2721 facient,
