1821 2928
763 127 878 163 Liber
902 128 928 163 I.
1508 133 1560 169 27

126 254 218 303 fuit,
265 255 506 305 cognitoque
552 268 671 306 super
717 255 900 293 humeros
931 256 1066 293 fratris
1099 255 1381 305 paludamento
1413 257 1561 306 sponsi,

126 325 234 376 quod
266 326 354 376 ipsa
384 327 621 373 confecerat,
651 327 769 365 solvit
802 327 932 364 crines
965 330 1002 364 et
1033 326 1223 365 flebiliter
1254 328 1412 365 nomine
1445 341 1560 378 spon-

122 410 211 436 sum
243 401 442 436 mortuum
474 399 662 449 appellat.
710 398 847 436 Movet
877 398 1000 436 feroci
1028 398 1162 436 iuveni
1190 400 1365 436 animum
1391 399 1563 450 complo-
1582 398 1604 434 3

123 470 229 508 ratio
260 470 411 508 sororis
441 471 482 508 in
513 470 685 507 victoria
708 483 779 507 sua
801 474 994 519 tantoque
1018 469 1163 519 gaudio
1189 471 1364 520 publico.
1411 470 1560 509 Stricto

126 541 264 591 itaque
286 541 435 591 gladio,
469 542 585 579 simul
610 542 743 579 verbis
773 542 986 591 increpans
1012 541 1211 590 transfigit
1230 543 1417 592 puellam.
1453 542 1562 591 „Abi
1580 536 1605 572 4

124 612 218 650 hinc
249 626 337 650 cum
370 613 582 652 immaturo
614 626 746 651 amore
778 614 828 651 ad
861 617 1072 663 spousum⁶‘
1109 613 1252 662 inquit,
1303 614 1454 659 „oblita
1485 615 1562 652 fra·

121 689 228 722 trum
260 688 504 722 mortuorum
537 685 711 735 vivique,
743 685 869 723 oblita
900 685 1053 735 patriae.
1109 683 1175 722 Sic
1207 689 1281 730 eat,
1315 699 1560 736 quaecunque

122 756 304 795 Romana
337 757 491 806 lugebit
521 757 711 795 hostem.“
798 757 929 794 Atrox
959 757 1088 794 visum
1121 757 1160 793 id
1193 757 1346 794 facinus
1377 758 1559 807 patribus
1580 749 1602 786 5

124 828 326 879 plebique,
359 828 428 866 sed
467 842 604 866 recens
636 829 821 866 meritum
853 829 959 866 facto
992 829 1188 866 obstabat.
1242 828 1391 866 Tamen
1424 834 1561 879 raptus

123 900 168 937 in
200 900 263 938 ius
295 900 344 938 ad
376 914 522 950 regem.
570 901 671 944 Rex,
704 914 752 938 ne
785 901 870 950 ipse
894 904 974 938 tam
1000 900 1128 937 tristis
1155 900 1384 950 ingratique
1410 901 1460 938 ad
1476 902 1560 938 vul-

122 985 196 1021 gus
223 971 364 1010 iudicii
382 986 438 1022 ac,
472 973 688 1010 secundum
711 972 932 1020 ·iudi‹:ium,
968 971 1160 1021 supplicii
1177 975 1316 1009 auctor
1333 976 1446 1018 esset,
1471 986 1560 1010 con-

118 1043 217 1081 cilio
247 1043 388 1094 populi
420 1044 612 1081 advocato
643 1044 941 1093 „Duumviros“
978 1044 1120 1093 inquit,
1155 1044 1248 1093 „qui
1270 1043 1442 1081 Horatio
1473 1058 1560 1094 per-

122 1115 362 1153 duellionem
394 1115 583 1165 iudicent,
635 1116 850 1154 secundum
883 1116 1011 1164 legem
1043 1116 1184 1153 facio.“
1257 1116 1340 1153 Lex
1372 1115 1561 1153 horrendi
1580 1112 1603 1148 6

121 1187 310 1225 carminis
336 1191 442 1225 erat:
478 1187 721 1233 ,.Duumviri
747 1187 1063 1237 perduellionem
1090 1187 1287 1232 iudicent;
1319 1188 1354 1224 si
1381 1201 1402 1224 a
1421 1187 1559 1224 duum-

118 1260 218 1297 viris
250 1260 496 1310 provocarit,
526 1260 811 1309 provocatione
837 1264 1009 1305 certato3
1037 1260 1068 1296 si
1095 1259 1267 1304 vincent,
1296 1264 1413 1308 caput
1439 1259 1560 1296 obnu-

120 1330 206 1368 bito
221 1345 227 1377 ;
253 1330 409 1368 infelici
426 1331 560 1369 arbori
577 1335 682 1369 reste
699 1331 951 1380 suspendito;
980 1331 1191 1368 verberato
1209 1330 1271 1367 vel
1291 1330 1397 1367 intra
1413 1343 1560 1379 pomoe·

119 1403 224 1439 rium
241 1403 305 1440 vel
324 1406 437 1440 extra
455 1403 727 1452 pomoerium.“
764 1403 851 1440 Hac
871 1403 959 1452 lege
977 1402 1178 1439 duumviri
1195 1402 1332 1447 creati,
1348 1403 1416 1452 qui
1433 1416 1474 1439 se
1492 1404 1557 1440 ab·
1578 1406 1599 1440 7

119 1474 274 1511 solvere
300 1487 378 1511 non
405 1475 594 1511 rebantur
622 1487 667 1511 ea
691 1475 781 1523 lege
805 1488 854 1511 ne
872 1474 1079 1512 innoxium
1098 1473 1259 1524 quidem
1276 1487 1402 1523 posse,
1434 1488 1554 1524 quum

120 1545 463 1591 condemnassent,
478 1550 561 1583 tum
578 1546 680 1584 alter
692 1559 739 1583 ex
751 1547 798 1583 iis
813 1546 962 1594 „Publi
973 1546 1131 1591 Horati,
1147 1545 1224 1582 tibi
1236 1544 1554 1594 perduellionem

118 1617 277 1655 iudico“
310 1618 453 1667 inquit.
511 1618 573 1663 ‚.I‚
602 1619 729 1665 lictor,
761 1618 908 1667 colliga
940 1621 1115 1656 manus.“
1166 1617 1403 1655 Accesserat
1435 1618 1596 1660 lictor8

121 1689 405 1738 iniiciebatque
423 1689 620 1739 laqueum.
669 1689 768 1727 Tum
789 1690 984 1727 Horatius
1017 1694 1178 1726 auctore
1194 1689 1327 1734 Tullo,
1360 1690 1553 1727 clemente

118 1761 217 1810 legis
242 1761 472 1811 interprete,
509 1761 740 1808 ,.Provoco‘²
772 1762 915 1811 inquit.
962 1761 1027 1799 Ita
1050 1761 1336 1811 provocatione
1361 1766 1552 1799 certatum

117 1833 168 1870 ad
199 1834 391 1883 populum
423 1837 493 1870 est.
554 1833 656 1870 Moti
703 1834 882 1870 homines
924 1838 1016 1870 sunt
1048 1833 1089 1870 in
1123 1845 1169 1870 eo
1202 1832 1352 1870 iudicio
1385 1834 1553 1871 maxime
1573 1839 1596 1875 9

117 1904 165 1942 P.
198 1904 370 1942 Horatio
415 1908 530 1954 patre
577 1906 860 1955 proclamante,
905 1919 945 1942 se
992 1904 1116 1942 filiam
1159 1905 1244 1941 iure
1276 1917 1418 1942 caesam
1452 1905 1553 1942 iudi-

118 1989 229 2021 care;
254 1977 293 2013 ni
320 1977 375 2013 ita
393 1980 508 2025 esset,
533 1977 664 2027 patrio
690 1977 776 2013 iure
802 1977 842 2013 in
868 1976 994 2014 filium
1020 1977 1390 2014 animadversurum
1416 1977 1551 2016 fuisse.

118 2046 271 2085 Orabat
303 2047 460 2095 deinde,
507 2062 555 2086 ne
586 2062 639 2097 se,
688 2061 805 2098 quem
837 2049 955 2098 paulo
987 2052 1078 2086 ante
1112 2062 1198 2085 cum
1231 2049 1396 2098 egregia
1427 2049 1552 2098 stirpe

116 2119 431 2168 conspexissent,
464 2120 602 2157 orbum
635 2120 775 2157 liberis
807 2121 993 2157 fac-erent.
1039 2121 1152 2157 Inter
1182 2121 1266 2157 haec
1298 2133 1416 2157 senex
1447 2121 1625 2161 inve-10

117 2203 203 2227 nem
231 2191 449 2240 amplexus,
480 2192 610 2241 spolia
628 2191 914 2238 Curiatiorum,
945 2191 1023 2230 fixa
1048 2206 1092 2230 eo
1119 2193 1220 2241 loco,
1254 2192 1323 2243 qui
1340 2205 1444 2229 nunc
1463 2192 1554 2229 Pila

114 2261 289 2300 Horatia
314 2263 524 2312 apellatur,
554 2267 769 2312 ostentans,
807 2264 1044 2312 ‚9Hunoine“
1090 2264 1236 2306 aiebat,
1267 2277 1407 2313 „quem
1437 2264 1552 2301 modo

116 2332 344 2371 decoratum
377 2338 640 2384 ovantemque
672 2335 842 2373 victoria
873 2335 1122 2373 incedentem
1154 2335 1326 2383 vidistis,
1360 2335 1553 2382 Quirites.

116 2417 204 2442 eum
237 2405 310 2442 sub
343 2406 455 2443 furca
486 2407 661 2443 vinctum
695 2407 799 2444 inter
829 2407 995 2445 verbera
1028 2411 1067 2444 et
1099 2407 1298 2444 cruciatus
1321 2406 1457 2443 videre
1483 2419 1552 2455 po-

113 2476 259 2514 testis?
299 2478 405 2527 quod
437 2478 505 2515 vix
538 2478 789 2516 Albanorum
823 2479 927 2516 oculi
958 2483 1037 2516 tam
1071 2478 1248 2515 deforme
1280 2477 1548 2526 spectaculum

116 2547 222 2586 ferre
253 2553 424 2598 possent.
485 2549 520 2598 I,
568 2549 699 2596 lictor,
732 2550 878 2599 colliga
910 2563 1062 2595 manus,
1093 2561 1180 2598 quae
1213 2549 1334 2598 paulo
1367 2551 1457 2584 aute
1489 2560 1547 2584 ar·
1570 2550 1617 2586 11

117 2623 233 2658 matae
264 2621 475 2670 imperium
508 2621 658 2671 populo
676 2621 858 2659 Romano
882 2625 1135 2671 pepererunt.
1183 2619 1214 2665 I,
1247 2623 1366 2667 caput
1392 2619 1549 2655 obnube

114 2690 342 2729 liberatoris
371 2692 484 2729 urbis
517 2692 656 2740 huius3
690 2693 831 2730 arbore
863 2692 1016 2729 infelici
1048 2690 1262 2739 suspende;
1293 2690 1459 2727 verbera
1485 2690 1549 2727 vel
