1821 2928
271 98 353 135 200
708 92 823 128 Liber
846 92 915 128 IV.
965 93 1026 136 (A.
1050 104 1086 126 u.
1113 104 1142 128 c.
1167 93 1262 136 309.)

272 221 379 272 quod
410 221 586 260 nondum
618 223 677 258 est
706 220 854 258 factum
884 219 1024 272 (multa
1055 219 1162 257 enim
1194 220 1371 258 nondum
1401 221 1494 257 sunt
1524 218 1630 256 facta
1658 217 1703 255 in

232 294 255 330 2
273 307 375 332 novo
393 291 570 344 populo),
602 305 659 343 ea,
691 305 741 330 ne
758 292 793 330 si
810 292 928 330 utilia
943 292 1106 342 quidem
1123 292 1215 342 sint,
1242 290 1330 329 fieri
1346 289 1531 342 oportet?
1561 289 1700 328 Ponti·

271 365 377 413 fices,
408 378 577 414 augures
607 364 780 403 Romulo
811 366 1004 413 regnante
1035 363 1137 401 nulli
1169 366 1300 409 erant;
1332 376 1356 401 a
1385 362 1517 402 Numa
1539 361 1700 412 Pompi-

270 438 326 475 lio
359 436 484 475 creati
515 439 619 476 sunt.
668 435 818 474 Census
848 436 890 473 in
925 435 1086 473 civitate
1118 438 1157 473 et
1187 435 1398 485 discriptio
1429 434 1701 472 centuriarum

230 509 537 559 3classiumque
577 522 656 547 non
698 511 801 554 erat;
847 507 897 546 ab
931 505 1017 546 Ser.
1050 507 1187 545 Tullio
1226 510 1285 544 est
1315 507 1432 546 facta.
1507 504 1701 544 Consules

272 594 473 631 nunquam
518 581 696 627 fuerant;
743 580 905 629 regibus
951 578 1104 616 exactis
1151 579 1275 616 creati
1315 580 1420 617 sunt.
1480 577 1702 615 Dictatoris

273 666 345 690 nec
390 652 602 702 imperium
647 665 720 689 nec
765 664 907 689 nomen
953 650 1102 698 fuerat;
1147 649 1255 700 apud
1292 653 1424 699 patres
1456 662 1538 687 esse
1568 649 1702 699 coepit.

273 724 445 762 Tribuni
468 724 589 774 plebi,
619 723 766 771 aediles,
798 725 1014 773 quaestores
1031 722 1135 760 nulli
1151 726 1281 769 erant;
1312 722 1540 760 institutum
1557 724 1627 769 est,
1656 724 1714 772 ut-

272 796 426 835 fierent.
471 795 732 834 Decemviros
763 795 920 844 legibus
951 794 1173 832 scribendis
1199 794 1305 832 intra
1332 794 1468 832 decem
1491 794 1562 832 hos
1579 806 1704 832 annos

235 869 316 906 4et
347 868 567 905 creavimus
599 871 637 905 et
668 881 688 905 e
719 881 762 905 re
791 867 954 917 publica
985 865 1228 904 sustulimus.
1276 866 1375 914 Quis
1391 866 1559 913 dubitat,
1589 865 1702 916 quin,

276 940 319 977 in
350 942 540 977 aeternum
571 940 670 977 urbe
702 938 873 986 condita,
915 939 956 976 in
987 938 1220 976 immensum
1252 941 1466 984 crescente,
1496 951 1601 976 nova
1629 938 1702 975 im-

237 1011 259 1048 5
277 1011 401 1061 peria,
431 1011 665 1061 sacerdotia,
699 1011 786 1048 iura
803 1011 979 1059 gentium
995 1010 1277 1060 hominumque
1294 1009 1584 1047 instituantur?
1613 1009 1704 1048 Hoc

277 1084 418 1133 ipsum,
450 1097 498 1120 ne
529 1083 771 1120 connubium
801 1082 984 1133 patribus
1012 1096 1099 1119 cum
1116 1083 1233 1132 plebe
1250 1085 1364 1129 esset,
1393 1095 1472 1119 non
1490 1081 1704 1120 decemviri

275 1154 456 1192 ‘tulerunt
494 1155 634 1204 paucis
672 1154 733 1192 his
773 1155 886 1192 annis
925 1154 1098 1204 pessimo
1141 1154 1352 1204 [exemplo]
1397 1153 1572 1204 publico,
1616 1167 1706 1191 cum

277 1239 427 1264 summa
468 1226 617 1263 iniuria
655 1225 815 1276 plebis?
875 1226 943 1263 An
982 1239 1065 1263 esse
1101 1226 1184 1264 ulla
1220 1227 1345 1264 maior
1377 1229 1445 1263 aut
1474 1225 1707 1275 insignitior

277 1299 516 1336 contumelia
546 1301 689 1348 potest,
720 1310 838 1348 quam
868 1301 1023 1347 partem
1054 1298 1230 1336 civitatis
1259 1297 1370 1335 velut
1399 1297 1706 1335 contaminatam

237 1373 260 1407 6
280 1370 487 1419 indignam
527 1361 726 1408 connubio
764 1369 935 1407 haberi?
995 1369 1101 1416 Quid
1140 1374 1198 1407 est
1229 1369 1341 1407 aliud
1372 1382 1490 1418 quam
1521 1369 1706 1407 exsilium

278 1443 383 1480 intra
415 1442 552 1480 eadem
578 1442 735 1491 moenia,
769 1455 887 1491 quam
903 1442 1191 1491 relegationem
1207 1441 1322 1491 pati?
1352 1440 1414 1480 Ne
1431 1441 1709 1488 affinitatibus,

278 1527 326 1551 ne
357 1514 729 1564 propinquitatibus
761 1514 1064 1561 immisceamur,
1095 1517 1247 1560 cavent,
1277 1527 1326 1551 ne
1343 1513 1515 1551 societur
1531 1512 1708 1562 sanguis,

238 1587 260 1621 7
281 1585 416 1633 Quid?
445 1585 521 1623 hoc
553 1585 587 1623 si
617 1586 766 1635 polluit
795 1586 1046 1623 nobilitatem
1077 1586 1194 1623 istam
1224 1588 1407 1632 vestram,
1439 1598 1558 1635 quam
1587 1584 1710 1635 pleri-

279 1671 355 1707 que
387 1657 549 1695 oriundi
580 1670 629 1695 ex
646 1657 822 1694 Albanis
854 1661 892 1694 et
923 1655 1083 1694 Sabinis
1114 1671 1193 1694 non
1224 1671 1368 1707 genere
1399 1671 1471 1695 nec
1501 1657 1707 1706 sanguine,

279 1729 348 1767 sed
380 1742 451 1779 per
483 1729 776 1779 cooptationem
807 1730 848 1766 in
880 1733 1014 1779 patres
1046 1729 1214 1779 habetis,
1248 1733 1317 1766 aut
1346 1729 1396 1767 ab
1427 1728 1590 1778 regibus
1614 1727 1710 1765 lecti

280 1804 348 1840 aut
379 1805 469 1851 post
499 1814 612 1849 reges
644 1804 804 1839 exactos
834 1801 945 1838 iussu
970 1801 1122 1850 populi,
1155 1801 1347 1838 sinceram
1365 1813 1525 1838 servare
1541 1799 1709 1850 privatis

280 1873 458 1911 consiliis
490 1887 569 1911 non
599 1872 807 1922 poteratis,
846 1886 917 1910 nec
960 1872 1139 1910 ducendo
1171 1886 1220 1910 ex
1250 1873 1368 1922 plebe
1399 1885 1528 1922 neque
1557 1875 1710 1911 vestras

241 1945 386 1982 8filias
419 1957 654 1994 sororesque
687 1944 860 1982 enubere
892 1944 1059 1982 sinendo
1091 1958 1111 1981 e
1143 1944 1356 1994 patribus?
1386 1945 1511 1983 Nemo
1527 1943 1710 1994 plebeius

281 2016 461 2066 patriciae
489 2017 640 2065 virgini
665 2017 744 2054 vim
761 2016 937 2063 afferrem
968 2017 1228 2066 patriciorum
1247 2017 1322 2054 ista
1339 2017 1466 2054 libido
1485 2024 1561 2063 est3
1595 2029 1710 2054 nemo

281 2088 449 2125 invitum
504 2089 729 2138 pactionem
783 2089 1003 2139 nuptialem
1048 2102 1287 2138 quemquam
1331 2089 1461 2126 facere
1507 2088 1710 2136 coegisset.

243 2160 265 2195 9
285 2159 437 2197 Verum
469 2160 670 2198 enimvero
703 2162 791 2210 lege
822 2161 864 2198 id
894 2160 1101 2210 prohiberi
1132 2163 1172 2197 et
1188 2159 1428 2197 connubium
1444 2159 1537 2197 tolli
1553 2162 1712 2209 patrum

283 2245 327 2269 ac
358 2231 501 2281 plebis,
533 2232 571 2267 id
605 2232 761 2269 demum
793 2232 1124 2270 contumeliosum
1154 2231 1263 2281 plebi
1298 2235 1368 2270 est.
1415 2231 1496 2269 Cur
1512 2231 1618 2268 enim
1632 2244 1712 2269 non

217 2303 267 2340 10
283 2303 410 2349 fertis,
442 2316 490 2340 ne
522 2303 573 2340 sit
604 2304 844 2341 connubium
877 2303 1072 2341 divitibus
1103 2317 1147 2341 ac
1178 2302 1451 2354 pauperibus?
1497 2303 1614 2351 Quod
1628 2302 1711 2353 pri-

283 2378 466 2413 vatorum
498 2375 753 2412 consiliorum
785 2375 934 2425 ubique
965 2389 1118 2426 semper
1147 2376 1234 2423 fuit,
1264 2379 1319 2421 ut,
1352 2375 1395 2412 in
1426 2388 1543 2425 quam
1569 2375 1712 2424 cuique

283 2447 441 2484 feminae
473 2445 726 2484 convenisset
755 2446 925 2494 domum,
955 2448 1136 2494 nuberet,
1167 2461 1217 2485 ex
1249 2461 1327 2497 qua
1348 2450 1489 2497 pactus
1520 2449 1624 2484 esset
1650 2445 1713 2483 vir

286 2518 415 2568 domo⁷
449 2518 489 2555 in
520 2517 816 2556 matrimonium
849 2518 1024 2565 duceret,
1057 2519 1097 2556 id
1123 2533 1193 2557 vos
1210 2519 1282 2556 sub
1300 2519 1402 2568 legis
1417 2517 1713 2567 superbissimae

284 2589 444 2626 vincula
484 2589 699 2636 coniicitis,
739 2602 818 2638 qua
858 2588 1056 2627 dirimatis
1088 2591 1317 2627 societatem
1348 2589 1506 2627 civilem
1537 2588 1714 2638 duasque

220 2660 266 2698 11
289 2673 337 2697 ex
367 2674 445 2698 una
477 2661 661 2699 civitates
691 2659 861 2698 faciatis.
908 2659 989 2697 Cur
1005 2672 1083 2697 non
1101 2661 1278 2706 sancitis,
1310 2673 1359 2699 ne
1374 2660 1528 2698 vicinus
1544 2659 1714 2710 patricio
