1821 2928
378 222 460 259 238
858 231 945 256 Liber
963 230 1000 255 x.
1037 229 1084 259 (A.
1103 236 1131 255 u.
1150 236 1175 254 c.
1193 230 1264 258 480.)

321 347 404 383 haec
422 347 505 395 ipse
522 345 710 382 minitans
732 345 890 382 obstitit
904 359 1028 395 prope
1045 344 1163 382 effuse
1179 344 1435 382 tendentibus
1452 344 1538 389 suis,
1550 345 1592 383 in
1608 349 1747 384 castra.

281 415 306 451 8
328 415 441 464 „Quo
471 414 631 464 pergis“
667 414 810 463 inquit,
844 413 1014 460 „milesP
1058 413 1112 451 Et
1140 412 1206 450 hic
1232 426 1341 450 arma
1364 417 1404 451 et
1424 413 1532 451 viros
1559 413 1747 461 invenies,

323 497 393 520 nec
425 483 516 520 vivo
549 483 709 520 consule
738 485 807 519 tuo
832 482 912 519 nisi
936 482 1063 520 victor
1087 485 1214 519 castra
1234 481 1420 529 intrabis3
1450 481 1618 531 proinde
1635 482 1748 532 elige,

284 551 414 588 9cum
455 552 539 588 cive
582 564 630 587 an
668 551 781 588 hoste
819 563 997 600 pugnare
1035 550 1185 586 malis.“
1248 549 1347 587 Haec
1388 550 1545 588 dicente
1577 550 1748 597 consule,

324 621 477 669 equites
523 619 679 656 infestis
725 618 959 668 cuspidibus
1005 618 1373 656 circumfunduntur
1410 632 1454 656 ac
1493 619 1666 668 peditem
1706 619 1749 656 in

323 701 498 738 pugnam
528 688 660 725 redire
692 688 838 725 iubent.
897 687 988 725 Non
1017 687 1145 724 virtus
1165 686 1293 723 solum
1324 687 1533 735 consulem,
1564 687 1634 724 sed
1665 687 1747 725 fors

325 757 443 794 etiam
489 755 659 803 adiuvit,
706 757 810 805 quod
856 770 936 793 non
979 755 1213 793 institerunt
1257 753 1453 793 Samnites
1498 755 1750 806 spatiumque

326 825 622 873 circumagendi
663 824 779 874 signa
817 825 1077 873 vertendique
1116 823 1238 860 aciem
1279 837 1302 860 a
1342 824 1482 862 castris
1523 823 1566 861 in
1595 824 1748 862 hostem

259 892 309 928 10
326 893 413 930 fuit.
475 891 576 929 Tum
607 892 679 929 alii
709 893 806 930 alios
822 893 985 938 hortari,
1017 896 1061 930 ut
1082 895 1307 942 repeterent
1328 905 1524 942 pugnam3
1554 892 1751 930 centurio-

325 975 393 999 nes
425 960 474 998 ab
507 960 708 1009 signiferis
731 963 847 1011 rapta
873 961 987 1010 signa
1015 961 1160 998 inferre
1188 965 1227 998 et
1249 960 1455 998 ostendere
1481 960 1574 1007 suis,
1604 973 1751 1010 paucos

261 1029 308 1065 11
328 1035 366 1067 et
411 1029 617 1066 ordinibus
662 1028 936 1078 incompositis
981 1029 1099 1066 effuse
1143 1029 1278 1067 venire
1315 1029 1458 1066 hostes.
1516 1028 1628 1066 Inter
1668 1028 1752 1065 haec

328 1098 465 1136 consul
509 1111 647 1134 manus
693 1097 744 1134 ad
790 1098 928 1134 caelum
966 1098 1152 1135 attollens
1181 1110 1276 1134 voce
1307 1097 1427 1144 clara,
1470 1096 1528 1134 ita
1557 1100 1602 1134 ut
1631 1109 1750 1134 exau-

327 1166 491 1213 diretur,
535 1166 725 1215 templum
767 1166 856 1203 Iovi
888 1164 1038 1203 Statori
1068 1166 1188 1213 vovit,
1233 1165 1268 1202 si
1308 1164 1554 1203 constitisset
1594 1178 1617 1202 a
1656 1163 1752 1213 fuga

328 1235 511 1272 Romana
551 1234 655 1271 acies
693 1234 1045 1284 redintegratoque
1085 1234 1229 1283 proelio
1268 1233 1476 1272 cecidisset
1513 1233 1753 1284 vicissetque

262 1301 310 1337 12
329 1304 505 1352 legiones
537 1301 784 1340 Samnitium.
845 1301 989 1340 Omnes
1020 1303 1196 1352 undique
1227 1303 1357 1340 annisi
1387 1302 1438 1340 ad
1467 1301 1755 1339 restituendam

327 1385 515 1422 pugnam,
543 1371 674 1418 duces,
697 1371 855 1417 milites,
878 1371 1057 1421 peditum
1074 1371 1330 1421 equitumque
1345 1370 1417 1408 vis.
1461 1370 1619 1409 Numen
1635 1369 1755 1407 etiam

330 1442 494 1478 deorum
523 1439 746 1489 respexisse
777 1453 919 1476 nomen
935 1440 1159 1477 Romanum
1188 1439 1336 1486 visum3
1367 1439 1465 1476 adeo
1495 1438 1614 1476 facile
1641 1437 1755 1474 incli-

328 1512 423 1547 nata
452 1522 514 1545 res
545 1508 775 1557 repulsique
808 1522 830 1544 a
861 1508 1001 1544 castris
1032 1508 1182 1555 hostes,
1226 1522 1318 1545 mox
1354 1507 1473 1545 etiam
1512 1506 1664 1544 redacti
1702 1505 1753 1544 ad

263 1575 312 1611 13
331 1590 419 1614 eum
449 1577 590 1623 locum,
622 1576 662 1613 in
694 1589 770 1626 quo
803 1576 1012 1614 commissa
1042 1589 1176 1626 pugna
1206 1579 1302 1613 erat.
1360 1575 1426 1613 Ibi
1449 1575 1655 1612 obiacente
1672 1587 1752 1612 sar-

328 1646 505 1682 cinarum
538 1645 705 1690 cumulo,
735 1658 832 1694 quas
864 1644 1115 1682 coniecerant
1143 1645 1183 1682 in
1220 1643 1415 1691 medium,
1451 1643 1602 1680 haesere
1632 1642 1753 1692 impe-

329 1713 418 1759 diti3
461 1712 617 1758 deinde,
649 1726 697 1748 ne
729 1712 999 1760 diriperentur
1028 1726 1109 1758 res,
1150 1713 1285 1750 orbem
1316 1715 1559 1749 armatorum
1590 1712 1754 1749 sarcinis

264 1779 313 1815 14
331 1779 588 1818 circumdant.
647 1779 748 1817 Tum
778 1794 871 1817 vero
903 1794 967 1818 eos
999 1794 1021 1817 a
1051 1780 1182 1817 fronte
1212 1793 1353 1829 urgere
1378 1779 1543 1829 pedites,
1575 1779 1624 1816 ab
1640 1781 1754 1828 tergo

329 1849 585 1886 circumvecti
612 1849 782 1897 equites3
814 1848 869 1885 ita
900 1849 941 1885 in
972 1848 1103 1886 medio
1134 1848 1225 1884 caesi
1255 1847 1452 1897 captique.
1499 1847 1754 1897 Captivorum

329 1931 516 1955 numerus
548 1917 624 1955 fuit
654 1920 804 1967 septem
834 1917 1008 1954 millium
1039 1917 1370 1965 octingentorum,
1401 1915 1470 1965 qui
1501 1928 1634 1952 omnes
1658 1914 1755 1951 nudi

331 1986 403 2023 sub
421 1986 556 2034 iugum
571 1986 697 2032 missi;
729 1999 849 2023 caesos
874 1985 1066 2022 rettulere
1082 1984 1133 2021 ad
1151 1987 1339 2034 quattuor
1354 1984 1480 2021 millia
1496 1983 1755 2033 octingentos.

267 2052 314 2089 15
331 2055 392 2092 Ne
422 2054 614 2091 Romanis
655 2054 814 2104 quidem
855 2054 946 2090 laeta
984 2053 1153 2090 victoria
1191 2053 1283 2098 fuit;
1328 2055 1557 2089 recensente
1596 2051 1756 2089 consule-

331 2123 452 2160 biduo
485 2126 687 2171 acceptam
718 2123 890 2169 cladem,
928 2122 1160 2158 amissorum
1190 2121 1361 2157 militum
1392 2133 1578 2157 numerus
1608 2120 1756 2158 relatus

332 2195 483 2240 septem
514 2190 684 2227 millium
716 2191 1047 2239 octingentorum.

268 2258 315 2293 16
448 2259 557 2297 Dum
588 2259 670 2295 haec
694 2259 734 2295 in
756 2259 909 2308 Apulia
934 2257 1186 2307 gerebantur,
1217 2257 1343 2294 altero
1368 2257 1542 2294 exercitu
1559 2255 1756 2293 Samnites

333 2328 616 2373 Interamnam,
649 2328 844 2364 coloniam
859 2327 1091 2372 Romanam,
1124 2338 1210 2375 quae
1226 2326 1292 2363 via
1309 2325 1454 2362 Latina
1471 2327 1540 2371 est,
1565 2336 1757 2373 occupare

267 2395 315 2430 17
337 2396 468 2434 conati
499 2395 636 2432 urbem
667 2409 746 2432 non
775 2399 1009 2440 tenuerunt,
1056 2407 1170 2443 agros
1212 2393 1455 2443 depopulati,
1500 2406 1621 2442 quum
1659 2403 1756 2441 prae·

335 2464 424 2501 dam
456 2464 574 2501 aliam
606 2463 698 2500 inde
729 2463 893 2500 mixtam
923 2463 1126 2500 hominum
1156 2461 1495 2511 atque'pecudum
1520 2460 1757 2508 colonosque

336 2537 472 2581 captos
503 2535 683 2580 agerent,
728 2532 768 2568 in
808 2532 998 2568 victorem
1043 2530 1228 2568 incidunt
1265 2529 1465 2567 consulem
1505 2528 1554 2566 ab
1586 2526 1758 2564 Luceria

335 2601 576 2646 redeuntem,
606 2613 677 2637 nec
708 2599 881 2648 praedam
912 2600 1038 2637 solum
1069 2599 1267 2644 amittunt,
1298 2597 1366 2634 sed
1397 2597 1473 2646 ipsi
1496 2596 1614 2643 longo
1639 2597 1757 2644 atque

272 2668 321 2704 18
338 2669 532 2718 impedito
565 2669 720 2716 agmine
751 2668 1001 2717 incompositi
1026 2666 1241 2704 caeduntur.
1303 2664 1461 2711 Consul,
1491 2663 1757 2700 Interamnam
