1821 2928
319 117 398 154 246
698 112 812 149 Liber
837 113 906 148 IV.
955 114 1016 156 (A.
1042 126 1076 148 u.
1103 124 1132 148 c.
1158 113 1368 157 343—345.)

319 240 374 287 fit,
408 241 577 290 excepit,
608 241 664 280 M.
683 241 850 291 Papirio
881 240 1083 286 Atratino,
1115 240 1158 278 C.
1177 240 1325 278 Nautio
1341 240 1483 278 Rutilo
1511 239 1751 279 consulibus.

279 312 300 347 5
320 312 405 350 Iam
437 313 558 351 fames
590 325 707 362 quam
739 313 972 363 pestilentia
1001 312 1156 350 tristior
1188 315 1283 359 erat,
1328 312 1383 359 ni,
1431 311 1607 350 dimissis
1648 312 1756 350 circa

322 396 456 421 omnes
501 385 671 434 populos
709 384 864 434 legatis,
910 385 978 434 qui
1010 384 1224 421 Etruscum
1256 397 1364 422 mare
1396 384 1546 434 quique
1576 383 1756 422 Tiberim

323 456 520 503 accolunt,
550 456 601 494 ad
631 457 871 494 frumentum
899 456 1165 502 mercandum,
1197 469 1362 494 annonae
1387 456 1490 493 foret
1506 456 1756 494 subventum.

283 528 305 565 6
325 526 504 578 Superbe
549 528 598 566 ab
645 527 906 574 Samnitibus,
954 527 1023 576 qui
1065 526 1244 576 Capuam
1289 527 1494 566 habebant
1524 526 1758 576 Cumasque,

324 600 447 648 legati
478 600 675 649 prohibiti
705 599 941 637 commercio
974 601 1076 646 sunt,
1108 602 1245 636 contra
1276 612 1322 637 ea
1347 599 1521 648 benigne
1538 599 1587 637 ab
1605 597 1758 636 Siculo-

324 685 410 709 rum
454 672 636 720 tyrannis
682 672 825 718 adiuti3
873 671 1063 708 maximos
1109 674 1349 708 commeatus
1391 684 1541 708 summo
1583 671 1791 708 Etruriae‘

284 744 304 778 7
325 743 456 780 studio
480 742 638 781 Tiberis
671 743 843 782 devexit.
898 741 1170 780 Solitudinem
1202 741 1242 779 in
1274 743 1436 781 civitate
1468 755 1575 791 aegra
1605 743 1761 792 experti

327 815 508 853 consules
539 818 642 862 sunt,
675 828 795 864 quum
822 815 863 851 in
880 814 1103 862 legationes
1119 826 1198 850 non
1216 814 1306 863 plus
1324 814 1493 863 singulis
1510 814 1761 852 senatoribus

285 888 308 922 8
328 887 576 924 invenientes
616 887 743 925 coacti
783 890 875 924 sunt
907 885 1024 923 binos
1056 885 1210 935 equites
1241 885 1427 924 adiicere.
1488 885 1763 936 Praeterquam

329 959 377 996 ab
409 958 545 996 morbo
577 971 813 1008 annonaque
844 957 948 994 nihil
980 970 1024 995 eo
1055 957 1217 995 biennio
1250 958 1432 995 intestini
1464 958 1672 997 externive
1704 959 1762 995 in-

330 1030 527 1068 commodi
544 1030 629 1068 fuit.
677 1029 735 1068 At
751 1030 823 1067 ubi
841 1043 895 1067 eae
913 1028 1205 1067 sollicitudines
1223 1029 1437 1078 decessere,
1458 1029 1601 1077 omnia,
1618 1029 1765 1080 quibus

329 1102 485 1140 turbari
503 1102 623 1140 solita
639 1105 724 1139 erat
741 1102 894 1148 civitas,
920 1101 1028 1138 domi
1047 1100 1259 1148 discordia,
1284 1101 1383 1139 foris
1401 1102 1553 1139 bellum
1571 1104 1763 1139 exortum.

202 1171 256 1219 53
443 1173 511 1212 Μ’.
544 1173 724 1219 AEmffio,
759 1173 802 1212 C.
837 1172 1002 1211 Valerio
1034 1172 1173 1210 Potito
1206 1173 1436 1210 consulibus
1469 1173 1618 1211 bellum
1642 1173 1767 1223 AEqui

127 1237 233 1300 ἓξὲξ
250 1236 312 1299 {id
332 1246 540 1296 parabant,
565 1245 738 1292 Volscis,
763 1258 988 1294 quanquam
1005 1257 1084 1282 non
1102 1244 1265 1294 publico
1284 1245 1451 1282 consilio
1469 1245 1768 1294 capessentibus

292 1316 313 1351 2
333 1330 453 1363 arma,
477 1317 716 1355 voluntariis
739 1316 920 1354 mercede
944 1317 1089 1354 secutis
1106 1316 1306 1355 militiam.
1353 1316 1423 1354 Ad
1440 1329 1607 1366 quorum
1623 1316 1768 1354 famam

332 1389 506 1426 hostium
538 1388 634 1439 (iam
676 1388 782 1425 enim
813 1388 855 1425 in
886 1387 1076 1424 Latinum
1106 1387 1406 1437 Hernicumque
1437 1387 1771 1426 transcenderant

333 1462 487 1511 agrum)
506 1460 694 1497 dilectum
721 1459 932 1496 habentem
952 1458 1159 1497 Valerium
1178 1459 1379 1497 consulem
1395 1459 1452 1498 M.
1471 1459 1681 1497 Menenius
1697 1460 1768 1497 tri-

334 1531 464 1568 bunus
495 1531 636 1581 plebis,
667 1531 768 1580 legis
799 1531 966 1579 agrariae
994 1531 1111 1577 lator,
1144 1544 1264 1580 quum
1283 1531 1509 1581 impediret,
1541 1531 1771 1581 auxilioque

296 1603 318 1637 2}
335 1602 490 1639 tribuni
533 1616 647 1640 nemo
690 1602 840 1639 invitus
871 1594 1118 1639 sacramento
1151 1602 1312 1649 diceret,
1359 1605 1522 1653 repente
1552 1603 1772 1649 nuntiatur,

295 1675 318 1709 4,
338 1687 469 1712 arcem
502 1673 793 1711 Carventanam
825 1674 873 1710 ab
906 1673 1088 1711 hostibus
1113 1677 1343 1723 occupatam
1372 1687 1470 1713 esse.
1516 1674 1577 1712 Ea
1604 1675 1772 1723 ignomi-

335 1746 404 1784 nia
435 1749 597 1795 accepta
629 1758 749 1794 quum
781 1744 887 1794 apud
917 1748 1052 1794 patres
1083 1745 1248 1782 invidiae
1265 1744 1452 1783 Menenio
1483 1745 1572 1793 fuit,
1602 1748 1687 1783 tum
1711 1759 1772 1783 ce·

335 1818 432 1855 teris
449 1817 636 1863 tribunis,
662 1817 740 1854 iam
758 1819 848 1854 ante
865 1817 1100 1866 praeparatis
1118 1816 1454 1854 intercessoribus
1471 1816 1572 1866 legis
1589 1817 1772 1866 agrariae,

299 1887 320 1924 5
339 1889 514 1939 praebuit
545 1889 752 1926 iustiorem
777 1901 935 1926 causam
961 1888 1174 1925 resistendi
1192 1888 1367 1937 collegae.
1413 1887 1556 1938 Itaque
1573 1901 1694 1938 quum
1711 1901 1774 1926 res

340 1961 409 1997 diu
440 1961 561 1997 ducta
591 1973 662 2009 per
687 1960 986 1998 altercationem
1013 1962 1127 2006 esset,
1158 1959 1389 1998 consulibus
1406 1959 1499 1998 deos
1516 1959 1776 2010 hominesque

339 2032 591 2077 testantibus,
625 2031 818 2081 quicquid
850 2032 899 2068 ab
929 2031 1110 2069 hostibus
1137 2031 1264 2069 cladis
1282 2031 1594 2081 ignominiaeque
1610 2035 1680 2069 aut
1696 2031 1774 2069 iam

339 2106 545 2152 acceptum
577 2106 680 2140 esset
710 2106 778 2140 aut
810 2102 1046 2149 immineret,
1078 2103 1236 2152 culpam
1266 2116 1387 2153 penes
1417 2103 1647 2140 Menenium
1678 2103 1775 2150 fore,

302 2175 323 2210 «3
343 2173 412 2223 qui
443 2173 635 2210 dilectum
667 2174 894 2223 impediret,
926 2174 1114 2212 Menenio
1142 2178 1282 2212 contra
1297 2174 1553 2222 vociferante,
1585 2175 1619 2213 si
1635 2174 1775 2213 iniusti

342 2244 490 2282 domini
521 2245 767 2294 possessione
798 2246 886 2294 agri
915 2246 1072 2296 publici
1110 2246 1310 2293 cederent,
1350 2259 1391 2284 se
1429 2259 1579 2284 moram
1610 2246 1776 2284 dilectui

343 2329 422 2354 non
452 2316 592 2362 facere,
624 2316 784 2353 decreto
816 2317 1052 2368 interposito
1082 2331 1223 2356 novem
1253 2317 1407 2354 tribuni
1431 2318 1678 2355 sustulerunt
1695 2330 1775 2355 cer-

306 2388 477 2426 7tamen
522 2387 962 2438 pronuntiaveruntque
1009 2403 1058 2427 ex
1090 2389 1252 2438 collegii
1283 2389 1490 2436 sententia,
1535 2388 1578 2428 C.
1611 2388 1777 2427 Valerio

345 2459 499 2497 consuli
529 2472 580 2506 se,
611 2457 797 2495 damnum
829 2459 1026 2510 aliamque
1058 2461 1341 2500 coercitionem
1372 2459 1559 2498 adversus
1585 2460 1776 2497 interces-

345 2531 496 2568 sionem
520 2529 683 2578 collegae
709 2529 878 2567 dilectus
895 2544 1014 2569 causa
1031 2531 1346 2570 detrectantibus
1363 2530 1549 2569 militiam
1567 2530 1778 2577 inhibenti,
1820 2540 1821 2543 ’

305 2602 329 2638 8
346 2602 494 2639 auxilio
525 2602 681 2640 futuros
712 2615 808 2640 esse.
855 2601 945 2639 Hoc
969 2602 1128 2640 decreto
1155 2603 1293 2641 consul
1309 2604 1485 2640 armatus
1502 2613 1623 2661 quum
1638 2601 1778 2651 paucis

344 2672 641 2723 appellantibus
657 2672 863 2711 tribunum
880 2671 1026 2711 collum
1041 2674 1232 2721 torsisset,
1258 2676 1366 2712 metu
1393 2673 1515 2711 ceteri
1531 2674 1778 2711 sacramento
