1821 2928
768 118 883 153 Liber
907 118 937 153 1.
1524 120 1573 156 19

134 262 221 298 gem
255 251 407 293 create3
457 248 514 284 ita
545 246 730 296 patribus
761 246 890 283 visum
925 249 996 284 est.
1057 245 1200 283 Patres
1232 243 1387 293 deinde,
1421 244 1452 281 si
1486 243 1574 293 dig-

133 333 241 369 num,
274 320 344 369 qui
376 318 574 356 secundus
606 318 655 355 ab
686 317 860 355 Romulo
891 321 1134 364 numeretur,
1168 316 1360 365 crearitis,
1394 320 1574 354 auctores

132 390 266 431 fient.“
317 391 437 429 Adeo
469 389 511 427 id
543 392 700 438 gratum
731 388 840 438 plebi
873 388 963 435 fuit,
995 392 1050 434 ut,
1081 402 1130 426 ne
1162 388 1260 426 victi
1291 386 1487 426 beneficio
1514 388 1570 426 vi·
1594 386 1642 425 11

133 462 335 512 derentur,
365 462 405 500 id
422 461 540 500 modo
558 461 775 499 sciscerent
792 461 1067 509 iuberentque,
1092 462 1138 497 ut
1153 463 1315 498 senatus
1332 460 1574 505 decerneret,

131 535 201 585 qui
232 534 372 573 Romae
403 537 601 583 regnaret.

244 606 395 644 Inclita
428 605 584 643 iustitia
615 605 839 655 religioque
871 617 918 642 ea
947 606 1184 653 tempestate
1215 602 1356 642 Numae
1379 603 1575 654 Pompilii
1660 588 1715 639 18

132 681 230 716 erat.
276 677 450 715 Curibus
468 675 630 715 Sabinis
662 676 884 723 habitabat,
917 675 1236 714 consultissimus
1260 675 1335 722 vir,
1366 679 1412 713 ut
1437 676 1478 713 in
1504 676 1576 713 illa

130 750 343 800 quisquam
375 762 458 788 esse
476 752 594 787 aetate
620 752 791 799 poterat,
823 749 950 786 omnis
976 746 1105 786 divini
1129 750 1250 797 atque
1273 746 1439 785 humani
1465 748 1574 786 iuris.

130 822 348 860 Auctorem
380 821 574 860 doetrinae
607 821 706 871 eius,
741 820 835 870 quia
865 832 946 858 non
977 822 1109 857 exstat
1125 819 1240 869 alius,
1273 819 1376 858 falso
1393 818 1572 858 Samium
1591 816 1616 852 2

131 893 404 943 Pythagoram
422 893 557 940 edunt,
583 906 700 943 quem
719 891 859 930 Servio
878 891 1014 930 Tullio
1030 895 1226 940 regnante
1241 891 1394 939 Romae,
1417 895 1574 930 centum

129 964 304 1015 amplius
335 969 427 1016 post
458 979 594 1013 annos,
642 966 684 1003 in
714 965 858 1003 ultima
889 963 1024 1002 Italiae
1056 977 1126 1002 ora
1157 964 1265 1002 circa
1294 964 1574 1015 Metapontum

128 1037 452 1087 Heracleamque
484 1042 524 1075 et
550 1036 728 1075 Crotona
759 1037 948 1075 iuvenum
980 1036 1252 1074 aemulantium
1284 1036 1419 1075 studia
1450 1040 1576 1074 coetus

126 1108 313 1147 habuisse
346 1112 514 1147 constat.
559 1109 623 1146 Ex
642 1108 789 1159 quibus
815 1109 929 1158 locis,
963 1108 1038 1146 etsi
1061 1108 1240 1146 eiusdem
1265 1109 1396 1146 aetatis
1420 1109 1574 1156 fuisset,
1592 1106 1623 1143 3⁷

129 1193 208 1230 qua
252 1181 360 1219 fama
392 1181 432 1219 in
465 1180 639 1219 Sabinos
671 1182 742 1218 aut
773 1194 851 1230 quo
883 1180 1033 1230 linguae
1065 1180 1303 1218 commercio
1336 1194 1575 1232 quemquam

130 1252 180 1290 ad
211 1253 476 1303 cupiditatem
509 1253 691 1291 discendi
724 1252 971 1290 excivisset?
1002 1265 1130 1302 quove
1161 1252 1351 1302 praesidio
1379 1266 1481 1291 unus
1505 1266 1577 1303 per

125 1327 188 1363 tot
218 1328 356 1374 gentes
388 1324 573 1363 dissonas
605 1337 786 1362 sermone
819 1324 1080 1374 moribusque
1111 1323 1392 1374 pervenisset?
1423 1323 1575 1375 Suopte
1593 1322 1618 1360 4

130 1396 260 1445 igitur
307 1397 472 1446 ingenio
518 1399 786 1447 temperatum
819 1396 995 1434 animum
1025 1396 1247 1434 virtutibus
1277 1396 1400 1435 fuisse
1432 1397 1577 1447 opinor

127 1467 270 1517 magis,
303 1468 625 1518 instructumque
655 1480 737 1505 non
767 1471 850 1505 tam
875 1468 1104 1517 peregrinis
1130 1468 1287 1506 artibus
1312 1482 1431 1518 quam
1458 1468 1575 1508 disci-

128 1538 241 1588 plina
270 1539 418 1577 tetrica
449 1553 494 1578 ac
525 1540 635 1578 tristi
666 1543 849 1578 veterum
866 1538 1120 1587 Sabinorum,
1151 1553 1229 1590 quo
1253 1553 1398 1589 genere
1420 1541 1576 1579 nullum

128 1610 328 1659 quondam
361 1611 637 1661 incorruptius
667 1612 758 1650 fuit.
805 1611 965 1649 Audito
995 1612 1155 1650 nomine
1171 1612 1313 1651 Numae
1345 1617 1479 1663 patres
1495 1613 1575 1652 Ro·
1594 1616 1619 1655 5

126 1682 247 1732 mani,
281 1695 511 1732 quanquam
544 1683 738 1721 inclinari
770 1696 865 1733 opes
897 1682 948 1721 ad
967 1681 1140 1723 Sabinos
1170 1698 1266 1734 rege
1296 1685 1389 1723 inde
1420 1689 1579 1736 sumpto

126 1753 385 1801 videbantur,
417 1757 553 1792 tamen
584 1768 716 1805 neque
741 1768 782 1793 se
815 1755 1029 1805 quisquam
1054 1769 1127 1793 nec
1150 1757 1337 1796 factionis
1355 1771 1436 1796 suae
1455 1759 1578 1796 alium

127 1837 198 1862 nec
231 1825 404 1875 denique
433 1829 596 1876 patrum
629 1830 700 1865 aut
731 1827 880 1865 civium
911 1840 1153 1877 quemquam
1184 1830 1376 1878 praeferre
1402 1831 1464 1868 illi
1490 1830 1578 1869 viro

126 1895 226 1942 ausi,
270 1896 321 1933 ad
366 1909 490 1935 unum
522 1910 660 1936 omnes
692 1898 834 1937 Numae
866 1898 1072 1949 Pompilio
1117 1913 1285 1950 regnum
1319 1903 1578 1943 deferendum

127 1966 361 2005 decernunt.
421 1968 605 2017 Accitus,
637 1970 742 2008 sicut
772 1970 973 2008 Romulus
1005 1976 1204 2020 augurato
1237 1975 1336 2012 urbe
1369 1977 1620 2017 condendae

123 2050 293 2087 regnum
324 2039 493 2090 adeptus
525 2045 596 2088 est,
631 2041 680 2079 de
712 2055 753 2080 se
787 2055 948 2092 quoque
979 2042 1075 2081 deos
1106 2045 1261 2083 consuli
1294 2047 1427 2088 iussit.
1475 2049 1577 2088 Inde

123 2109 174 2146 ab
208 2123 372 2159 augure,
406 2112 471 2149 cui
503 2112 650 2151 deinde
681 2113 848 2151 honoris
879 2126 976 2163 ergo
1007 2115 1214 2165 publicum
1247 2118 1288 2155 id
1320 2125 1575 2170 perpetuum-

123 2193 200 2230 que
231 2181 498 2221 sacerdotium
531 2185 621 2230 fuit,
662 2185 862 2223 deductus
894 2186 937 2223 in
967 2199 1098 2224 arcem
1129 2189 1170 2226 in
1203 2189 1338 2240 lapide
1370 2193 1421 2230 ad
1452 2196 1574 2232 meri-

122 2251 227 2290 diem
273 2266 413 2291 versus
459 2255 656 2295 consedit.
715 2257 864 2306 Augur
903 2258 954 2296 ad
986 2259 1127 2297 laevam
1160 2261 1245 2299 eius
1278 2264 1410 2313 capite
1440 2266 1615 2305 velato7

121 2323 252 2361 sedem
277 2326 395 2375 cepit,
427 2325 572 2364 dextra
595 2340 715 2365 manu
738 2328 928 2366 baculum
955 2331 1041 2368 sine
1066 2332 1171 2370 nodo
1196 2334 1394 2373 aduncum
1418 2341 1570 2388 tenens,

120 2408 238 2444 quem
255 2396 401 2434 lituum
420 2398 690 2447 appellarunt.
737 2400 842 2438 Inde
859 2401 943 2449 ubi,
961 2407 1177 2454 prospectu
1195 2406 1237 2443 in
1254 2407 1394 2446 urbem
1413 2422 1570 2458 agrum·

120 2479 196 2515 que
228 2471 358 2517 capto,
391 2467 488 2506 deos
518 2474 705 2519 precatus
736 2473 925 2521 regiones
956 2475 1006 2512 ab
1038 2476 1196 2515 oriente
1220 2479 1271 2516 ad
1296 2493 1477 2518 occasum
1505 2482 1570 2519 de-

115 2539 362 2589 terminavit,
387 2539 553 2579 dextras
579 2542 630 2580 ad
647 2544 858 2582 meridiem
875 2550 1024 2596 partes,
1050 2547 1172 2587 laevas
1190 2550 1239 2587 ad
1258 2553 1569 2600 septentrionem

118 2622 204 2648 esse
235 2610 360 2658 dixin
405 2612 567 2661 signum
600 2619 752 2662 contra,
790 2630 870 2666 quo
904 2618 1140 2667 longissime
1172 2627 1428 2671 conspectum
1462 2626 1611 2668 oculi8

115 2681 310 2730 ferebant,
342 2684 475 2722 animo
506 2684 657 2733 finivit;
687 2691 772 2725 tum
806 2689 907 2727 lituo
939 2689 980 2726 in
1008 2690 1145 2728 laevam
1172 2705 1331 2730 manum
1356 2697 1566 2746 translato,

1309 2771 1352 2804 2.
