1821 2928
570 177 661 202 Liber
680 176 730 200 vr.
768 176 816 201 (Α.
837 176 888 201 cii
909 178 1064 206 asi—330.)
1433 168 1486 204 29

103 293 301 344 patientia
324 295 364 331 et
386 292 662 330 moderatione
687 291 872 340 insignis,
895 291 1135 340 magistratu
1152 291 1270 338 abiit,
1301 293 1447 330 creatis
1470 293 1541 330 tri·
1559 294 1582 330 2

105 361 224 399 bunis
262 359 511 398 militaribus
551 360 593 397 in
632 360 905 409 insequentem
943 373 1091 397 annum
1130 359 1174 397 L.
1206 366 1245 398 et
1275 360 1322 398 P.
1354 360 1544 407 Valeriis,
1562 361 1750 421 222¹&ssss

103 430 232 468 Lucio
265 429 460 479 quintum,
492 428 641 466 Publio
673 429 849 474 tertium,
881 432 919 465 et
936 428 978 465 C.
1011 426 1152 477 Sergio
1183 430 1359 475 tertium,
1391 429 1437 467 L.
1460 430 1543 468 Me-

102 498 222 536 nenio
253 498 410 544 iterum,
450 497 496 534 P.
528 496 709 546 Papirio,
750 495 833 534 Ser.
866 496 1052 534 Cornelio
1085 498 1375 546 Maluginense.
1443 498 1584 536 Cen—3

105 566 266 604 soribus
290 579 449 616 quoque
473 565 585 614 eguit
608 578 746 608 annus,
778 566 948 603 maxime
979 571 1142 616 propter
1174 567 1368 604 incertam
1399 567 1543 604 famam

102 635 198 672 aeris
214 635 352 681 alieni,
384 632 700 683 aggravantibus
719 647 910 671 summam
943 635 1064 672 etiam
1090 635 1334 673 invidiosius
1365 636 1544 673 tribunis

102 703 246 753 plebis,
278 716 399 752 quum
431 702 481 739 ab
514 702 565 739 iis
598 702 831 749 elevaretur,
870 702 1017 752 quibus
1049 703 1126 740 fide
1157 704 1286 752 magis
1316 718 1435 754 quam
1465 705 1543 742 for-

99 776 199 810 tuna
229 770 462 809 debentium
494 770 679 809 laborare
711 771 907 808 creditum
937 772 1070 810 videri
1103 772 1352 823 expediebat.
1406 772 1541 810 Creati
1561 774 1587 810 4

103 853 287 878 censores
327 840 369 878 C.
402 838 608 890 Sulpicius
640 839 886 886 Camerinus,
925 838 991 890 Sp.
1023 840 1256 878 Postumius
1287 841 1545 890 Regillensis,

102 913 310 959 coeptaque
354 909 435 946 iam
479 923 542 946 res
586 914 713 946 morte
757 909 979 954 Postumii,
1031 909 1127 958 quia
1173 910 1366 959 collegam
1413 911 1542 948 suffici

103 979 258 1016 censori
289 978 435 1027 religio
469 982 565 1025 erat,
602 978 858 1028 interpellata
888 982 957 1015 est.
1016 977 1152 1026 Igitur
1177 992 1304 1028 quum
1335 978 1542 1029 Sulpicius
1562 979 1584 1016 5

101 1047 331 1085 abdicasset
384 1061 423 1084 se
476 1048 735 1096 magistratu,
792 1060 973 1084 censores
1026 1047 1099 1083 alii
1145 1048 1247 1085 vitio
1294 1048 1419 1085 creati
1464 1062 1544 1085 non

101 1120 310 1165 gesserunt
340 1115 638 1164 magistratum,
668 1116 812 1153 tertios
844 1115 983 1161 creari,
1013 1116 1123 1153 velut
1147 1116 1209 1153 dis
1240 1130 1321 1154 non
1344 1117 1543 1166 accipien-

100 1185 210 1222 tibus
252 1185 296 1222 in
327 1198 414 1222 eum
454 1197 600 1221 annum
632 1197 849 1229 censuram,
890 1183 1125 1232 religiosum
1166 1184 1255 1222 fuit.
1315 1185 1415 1222 Eam
1446 1198 1539 1222 vero
1559 1187 1582 1221 6

100 1253 419 1291 ludificationem
448 1252 580 1303 plebis
602 1252 760 1289 tribuni
784 1251 989 1289 ferendam
1012 1252 1231 1301 negabant:
1261 1253 1400 1301 fugere
1432 1267 1542 1291 sena—

99 1325 185 1359 tum
214 1326 336 1359 testes
365 1321 526 1359 tabulas
556 1320 741 1370 publicas
772 1334 910 1358 census
943 1322 1145 1371 cuiusque,
1176 1322 1272 1372 quia
1295 1322 1428 1359 nolint
1451 1335 1541 1360 con-

101 1390 204 1440 spici
236 1403 428 1428 summam
453 1389 544 1426 aeris
575 1388 710 1433 alieni,
742 1402 829 1438 quae
853 1389 1085 1428 indicatura
1107 1391 1172 1437 sit,
1203 1391 1422 1428 demersam
1451 1404 1542 1441 par-

101 1462 182 1495 tem
213 1472 236 1496 a
266 1461 379 1508 parte
411 1457 602 1503 civitatis,
633 1470 754 1507 quum
786 1458 948 1496 interim
974 1459 1191 1496 obaeratam
1221 1459 1379 1509 plebem
1410 1459 1542 1496 obiec-

102 1526 182 1564 tari
207 1527 299 1564 aliis
323 1531 442 1576 atque
461 1527 553 1564 aliis
578 1526 773 1563 hostibus.
819 1526 977 1565 Passim
1001 1528 1080 1566 iam
1105 1528 1191 1565 sine
1207 1528 1289 1564 ullo
1307 1527 1541 1565 discrimine
1563 1529 1583 1563 7

104 1595 212 1633 bella
251 1596 394 1645 quaeri:
438 1594 488 1632 ab
519 1594 648 1632 Antio
681 1593 893 1641 Satricum,
935 1596 985 1634 ab
1024 1595 1182 1633 Satrico
1216 1595 1408 1643 Velitras,
1448 1597 1542 1634 inde

102 1664 319 1702 Tusculum
365 1664 543 1712 legiones
589 1663 745 1709 ductas;
798 1663 976 1711 Latinis,
1021 1664 1229 1712 Hernicis,
1274 1665 1541 1702 Praenestinis

102 1733 183 1770 iam
235 1732 430 1770 intentari
476 1746 607 1778 arma,
663 1732 811 1769 civium
862 1734 991 1783 magis
1043 1747 1162 1784 quam
1211 1734 1389 1772 hostium
1434 1733 1542 1779 odio,

102 1805 147 1838 ut
191 1802 235 1839 in
289 1801 411 1839 armis
465 1804 598 1838 terant
651 1800 809 1851 plebem
863 1815 935 1839 nec
987 1802 1186 1852 respirare
1240 1803 1283 1840 in
1327 1802 1427 1839 urbe
1473 1805 1542 1839 aut

102 1884 173 1920 per
227 1869 355 1908 otium
407 1869 612 1907 libertatis
664 1870 891 1908 meminisse
945 1870 1077 1907 sinant
1123 1873 1193 1908 aut
1237 1871 1453 1908 consistere
1499 1870 1542 1907 in

103 1939 301 1986 contione,
346 1938 418 1976 ubi
460 1939 680 1988 aliquando
721 1938 889 1976 audiant
927 1951 1064 1976 vocem
1103 1939 1368 1977 tribuniciam
1401 1938 1449 1976 de
1486 1938 1540 1976 le-

100 2006 232 2045 vando
262 2007 400 2044 fenore
431 2011 470 2044 et
506 2007 584 2045 fine
614 2007 783 2045 aliarum
822 2007 1063 2045 iniuriarum
1101 2011 1294 2057 agentem.
1354 2007 1472 2055 Quod
1504 2006 1537 2043 si
1556 2011 1581 2047 8

101 2076 155 2114 sit
194 2076 353 2114 animus
398 2075 510 2126 plebi
551 2089 701 2114 memor
740 2079 899 2125 patrum
940 2075 1154 2121 libertatis,
1199 2090 1240 2115 se
1285 2090 1357 2115 nec
1402 2075 1538 2114 addici

104 2156 342 2194 quemquam
375 2144 502 2182 civem
533 2144 760 2182 Romanum
798 2144 849 2181 ob
889 2144 1082 2183 creditam
1113 2146 1322 2195 pecuniam
1353 2158 1539 2195 passuros

102 2225 230 2262 neque
261 2212 454 2250 dilectum
492 2212 644 2258 haberi,
683 2212 820 2258 donec,
859 2213 1040 2263 inspecto
1078 2226 1156 2252 aere
1193 2215 1325 2252 alieno
1358 2214 1538 2263 initaque

100 2280 258 2318 ratione
303 2280 511 2318 minuendi
544 2281 646 2326 eius,
693 2281 794 2318 sciat
838 2283 1123 2333 unusquisque,
1167 2283 1267 2334 quid
1311 2283 1392 2330 sui,
1438 2282 1536 2332 quid

102 2348 228 2388 alieni
259 2349 324 2396 sit,
369 2350 543 2400 supersit
575 2349 656 2387 sibi
688 2349 860 2387 liberum
892 2364 1034 2401 corpus
1072 2366 1122 2390 an
1154 2352 1196 2390 id
1229 2365 1386 2402 quoque
1417 2364 1537 2389 nervo

103 2416 307 2456 debeatur.
366 2417 521 2456 Merces
559 2418 773 2456 seditionis
809 2420 1018 2469 proposita
1057 2421 1265 2458 confestim
1296 2420 1577 2458 seditionem9

103 2485 303 2524 excitavit.
369 2486 472 2524 Nam
519 2491 558 2525 et
601 2487 895 2525 addicebantur
939 2489 1068 2535 multi,
1113 2492 1152 2526 et
1196 2489 1247 2526 ad
1292 2488 1535 2526 Praenestini

55 2545 62 2550 ⁷
102 2552 245 2592 famam
291 2554 389 2593 belli
435 2569 559 2594 novas
604 2555 781 2605 legiones
827 2556 1060 2595 scribendas
1104 2561 1238 2607 patres
1284 2561 1535 2602 censuerant;

104 2633 190 2671 quae
234 2627 403 2674 utraque
448 2624 565 2662 simul
617 2624 768 2662 auxilio
813 2624 1036 2662 tribunicio
1083 2630 1122 2662 et
1168 2638 1362 2663 consensu
1405 2625 1534 2676 plebis
