1821 2928
572 164 663 189 Liber
680 164 749 190 vn.
787 165 835 193 (A.
856 165 906 190 cn.
927 166 1084 193 351—350.)
1447 155 1493 191 71

114 284 332 331 quaestores
372 294 419 317 ex
460 280 603 317 aerario
651 279 818 326 deferre,
864 283 1054 330 quattuor
1100 280 1270 330 expletis
1316 280 1556 329 legionibus,

114 350 222 400 quod
254 349 450 399 superfuit
473 349 659 395 militum,
691 348 737 385 P.
756 348 923 386 Valerio
941 348 1164 386 Publicolae
1182 350 1347 399 praetori
1370 349 1556 387 tradidit.

115 422 253 456 auctor
283 417 469 468 patribus
500 417 705 454 scribendi
723 417 888 454 alterius
913 418 1123 464 exercitus,
1156 417 1264 467 quod
1296 417 1347 455 ad
1380 418 1553 456 incertos
1574 418 1598 454 4

112 486 212 524 belli
245 489 410 524 eventus
450 485 678 523 subsidium
719 486 777 523 rei
818 485 991 536 publicae
1034 490 1147 523 esset.
1207 486 1300 536 Ipse
1344 487 1425 525 iam
1456 486 1597 525 satis-5

111 554 299 592 omnibus
331 554 540 592 instructis
565 555 887 605 comparatisque
919 554 969 592 ad
1000 555 1155 592 hostem
1186 555 1335 604 pergit3
1368 557 1481 593 cuius
1513 562 1555 593 ut

112 623 225 672 prius
243 627 421 661 nosceret
437 623 554 669 vires,
586 636 705 672 quam
728 624 909 673 periculo
925 624 1070 660 ultimo
1101 627 1287 670 tentaret,
1319 624 1359 660 in
1389 624 1554 663 tumulo.

111 705 229 742 quem
260 693 486 742 proximum
518 692 660 729 castris
678 690 888 729 Gallorum
906 705 1046 741 capere
1069 693 1214 741 potuit,
1244 693 1393 730 vallum
1412 694 1553 731 ducere-

110 761 243 811 coepit.
290 760 398 798 Gens
429 761 540 798 ferox
565 766 604 798 et
635 761 790 810 ingenii
821 760 931 798 avidi
962 761 1013 797 ad
1043 774 1218 810 pugnam
1251 775 1382 811 quum,
1413 763 1553 812 procul
1572 763 1594 798 6

110 830 208 867 visis
233 830 514 881 ‘Romanorum
546 829 684 878 signis,
715 833 759 866 ut
791 829 989 879 extemplo
1022 830 1211 879 proelium
1244 830 1395 869 initura
1428 832 1553 881 expli—

108 899 259 937 cuisset
290 899 425 945 aciem,
455 902 668 948 postquam
694 912 820 948 neque
854 898 894 934 in
919 910 1076 947 aequum
1094 898 1252 936 demitti
1283 913 1426 948 agmen
1448 900 1553 937 vidit

108 971 150 1005 et
181 981 303 1017 quum
335 968 415 1005 loci
446 967 678 1013 altitudine,
708 971 793 1003 tum
824 967 932 1004 vallo
965 967 1086 1004 etiam
1117 968 1202 1017 tegi
1219 968 1435 1016 Romanos,
1467 983 1553 1019 per-

108 1036 240 1074 culsos
281 1049 429 1086 pavore
471 1040 569 1083 rata,
611 1036 728 1073 simul
769 1036 1091 1085 opportuniore5‚
1134 1037 1241 1085 quod
1283 1037 1428 1075 intenti
1467 1042 1553 1075 tum

109 1105 279 1142 maxime
311 1105 424 1155 operi
457 1108 597 1151 essent,
627 1104 734 1141 truci
767 1104 938 1141 clamore
971 1105 1218 1153 aggreditur.
1264 1106 1333 1143 Ab
1358 1106 1552 1145 Romanis
1575 1107 1596 1141 7

110 1186 182 1210 nec
225 1186 323 1223 opus
365 1174 637 1210 intermissum
679 1173 829 1221 (triarii
863 1177 988 1219 erant,
1029 1174 1098 1223 qui
1130 1174 1392 1224 muniebant),
1433 1180 1469 1214 et
1502 1177 1552 1214 ab

110 1241 279 1279 hastatis
296 1242 641 1292 principibusque,
673 1242 742 1292 qui
765 1255 839 1292 pro
858 1242 1128 1280 munitoribus
1161 1243 1307 1280 intenti
1325 1245 1552 1295 armatique

67 1338 70 1341 -
110 1313 322 1357 steterant,
362 1311 548 1360 proelium
589 1311 746 1348 initum.
820 1310 974 1348 Praeter
1013 1312 1201 1350 virtutem
1243 1312 1354 1350 locus
1395 1311 1594 1364 quoque&

109 1379 292 1428 superior
333 1379 501 1426 adiuvit,
542 1383 587 1416 ut
617 1379 702 1429 pila
746 1379 880 1416 omnia
920 1380 1124 1430 hastaeque
1164 1395 1243 1418 non
1282 1386 1473 1432 tanquam
1505 1397 1552 1421 ex

106 1460 222 1496 ‘aequo
255 1448 375 1485 missa
405 1462 518 1494 vana,
561 1448 668 1497 quod
705 1449 941 1498 plerumque
980 1448 1037 1495 fit,
1078 1449 1278 1497 caderent,
1318 1451 1387 1488 sed
1419 1452 1551 1489 omnia

109 1515 260 1554 librata
289 1510 537 1566 ponderibus
567 1516 802 1565 figerentur3
845 1517 1078 1567 oneratique
1116 1518 1209 1556 telis
1249 1517 1371 1567 Galli,
1403 1520 1550 1570 quibus
1572 1520 1593 1555 9

108 1589 178 1621 aut
209 1599 377 1635 corpora
415 1586 606 1623 transfixa
637 1589 706 1623 aut
742 1590 994 1635 praegravata
1033 1586 1320 1625 inhaerentibus
1359 1589 1552 1637 gerebant

106 1657 230 1699 scuta,
248 1667 369 1703 quum
388 1669 506 1692 cursu
537 1668 648 1705 paene
681 1654 722 1692 in
753 1654 964 1691 adversum
996 1655 1206 1703 subissent,
1243 1657 1373 1706 primo
1406 1658 1551 1695 incerti

107 1722 308 1768 restitere;
342 1723 445 1770 dein,
477 1737 598 1773 quum
632 1723 717 1773 ipsa
750 1723 951 1761 cunctatio
983 1727 1023 1760 et
1060 1724 1123 1762 his
1155 1725 1310 1764 animos
1341 1727 1549 1765 minuisset
1574 1726 1623 1763 10

107 1793 146 1827 et
177 1791 351 1829 auxisset
392 1793 508 1839 hosti,
552 1791 715 1842 impulsi
755 1795 863 1828 retro
905 1805 1021 1830 ruere
1052 1793 1124 1831 alii
1167 1807 1286 1844 super
1317 1795 1418 1833 alios
1450 1800 1549 1833 stra-

106 1871 274 1909 gemque
315 1860 422 1898 inter
453 1874 492 1897 se
535 1860 642 1897 caede
683 1860 770 1910 ipsa
811 1860 1019 1898 foediorem
1052 1862 1165 1909 dare,
1207 1863 1305 1901 adeo
1347 1865 1551 1914 praecipiti

103 1928 224 1965 turba
265 1927 407 1966 obtriti
447 1929 581 1979 plures
613 1942 731 1978 quam
771 1928 878 1966 ferro
909 1930 1054 1967 necati.
1115 1931 1296 1969 Necdum
1329 1936 1435 1970 certa
1465 1933 1545 1971 Ro·
1628 1926 1687 1974 24

103 1997 232 2034 manis
250 1997 423 2034 victoria
454 2002 557 2043 erat;
590 1997 669 2034 alia
700 1997 741 2034 in
759 2010 941 2047 campum
959 1999 1156 2047 degressis
1180 2004 1386 2050 supererat
1417 2001 1551 2039 moles.

106 2065 287 2115 Namque
318 2066 537 2104 multitudo
562 2064 785 2113 Gallorum,
817 2079 973 2103 sensum
1006 2081 1160 2106 omnem
1190 2068 1285 2106 talis
1317 2069 1453 2107 damni
1485 2084 1547 2108 ex·
1568 2070 1590 2105 2

104 2148 308 2185 superans,
337 2136 449 2172 velut
480 2148 584 2172 nova
615 2148 753 2171 rursus
785 2135 989 2172 exoriente
1020 2136 1116 2183 acie,
1147 2137 1348 2187 integrum
1380 2139 1549 2177 militem

105 2204 294 2242 adversus
325 2205 519 2241 victorem
558 2204 712 2241 hostem
744 2203 885 2250 ciebat,
924 2203 1115 2254 stetitque
1146 2219 1359 2257 suppresso
1391 2207 1547 2257 impetu
1567 2208 1589 2243 3

102 2272 321 2319 Romaan
362 2277 400 2310 et
432 2272 529 2322 quia
568 2272 716 2309 iterum
747 2272 860 2310 fessis
891 2272 1099 2311 subeunda
1131 2274 1340 2313 dimicatio
1372 2280 1467 2321 erat,
1513 2283 1549 2313 et

102 2342 211 2390 quod
229 2342 378 2388 consul,
410 2342 503 2379 dum
537 2342 642 2379 inter
659 2341 857 2391 primores
888 2341 1073 2380 incautus
1090 2342 1231 2392 agitat,
1263 2345 1363 2382 laevo
1382 2344 1548 2382 humero

105 2410 248 2465 majari
288 2423 413 2461 prope
453 2410 635 2457 traiecto,
677 2413 849 2447 cesserat
889 2423 1104 2461 parumper
1142 2425 1189 2450 ex
1220 2413 1316 2450 acie.
1377 2412 1590 2463 Iamque4

105 2477 250 2515 omissa
281 2479 506 2516 cunctando
523 2478 697 2516 victoria
729 2481 825 2525 erat,
857 2491 978 2528 quum
996 2480 1145 2528 consul,
1175 2481 1341 2518 vulnere
1366 2481 1548 2530 alligato.

104 2550 282 2584 revectus
314 2547 364 2585 ad
396 2548 526 2598 prima
559 2547 674 2596 signa
718 2546 853 2594 „Quid
885 2550 977 2595 stas,
1008 2548 1175 2587 miles‘?“
1221 2549 1365 2599 inquit.
1428 2549 1543 2595 „Yon

106 2625 193 2652 cum
223 2615 371 2654 Latino
398 2614 628 2665 Sabinoque
661 2616 773 2652 hoste
804 2629 867 2653 res
899 2620 968 2664 est,
1000 2630 1117 2667 quem
1147 2617 1298 2655 victum
1330 2618 1451 2656 armis
1483 2632 1545 2656 so-
