1821 2928
745 160 861 195 Liber
885 160 915 194 l.
1497 164 1549 201 43

110 289 315 338 superiore
363 292 476 338 parte
516 288 661 326 aedium
694 302 767 338 per
797 289 990 326 fenestras
1025 289 1065 325 in
1096 288 1250 326 Novam
1281 288 1386 325 viam
1418 301 1550 326 versas

109 359 337 412 (habitabat
383 361 486 397 enim
535 374 603 398 rex
649 361 700 398 ad
732 360 842 398 Iovis
889 358 1076 410 Statoris)
1125 360 1316 410 populum
1349 359 1551 410 Tanaquil

109 432 344 482 alloquitur.
405 431 525 469 Iubet
571 432 676 470 bono
721 432 854 468 animo
901 444 1002 476 esse;
1049 432 1222 481 sopitum
1263 432 1386 469 fuisse
1417 431 1591 481 regem5

108 504 241 542 subito
275 504 375 550 ictu,
408 504 557 541 ferrum
588 504 696 541 haud
728 504 807 541 alte
841 504 882 540 in
915 516 1058 552 corpus
1083 503 1354 549 descendisse;
1390 504 1467 542 iam
1499 503 1551 541 ad

107 589 149 614 se
180 575 349 621 redisse;
382 576 605 625 inspectum
638 575 782 612 vulnus
815 576 994 613 absterso
1026 587 1187 620 cruore;
1221 576 1353 612 omnia
1370 575 1550 613 salubria

107 660 209 693 esse;
257 646 469 693 confidere,
514 647 750 697 propediem
785 647 915 696 ipsum
947 660 1013 684 eos
1044 647 1220 692 visuros;
1270 647 1431 684 interim
1465 646 1547 685 Ser.

106 718 242 756 Tullio
274 719 412 756 iubere
442 719 637 769 populum
671 719 778 756 dicto
804 718 1031 756 audientem
1060 732 1162 764 esse;
1195 732 1284 756 eum
1312 719 1399 757 iura
1417 719 1549 756 reddi·

103 794 239 828 turum
270 790 555 840 obiturumque
586 791 667 829 alia
698 791 806 840 regis
822 791 958 828 munia
975 804 1071 828 esse.
1118 788 1282 828 Servius
1300 804 1388 828 cum
1406 792 1546 829 trabea
1565 792 1588 828 6

105 867 146 900 et
188 862 398 900 lictoribus
430 862 577 912 prodit,
624 875 669 900 ac
702 862 797 900 sede
828 863 942 911 regia
973 862 1114 900 sedens
1146 863 1225 899 alia
1258 863 1449 906 decernit,
1501 864 1549 900 de

105 935 200 973 aliis
233 935 508 972 consulturum
540 947 580 971 se
613 947 748 985 regem
780 947 864 971 esse
897 934 1073 972 simulat.
1123 934 1266 984 Itaque
1298 947 1371 984 per
1395 934 1550 983 aliquot

104 1006 202 1053 dies,
235 1019 356 1056 quum
388 1006 467 1043 iarn
499 1006 744 1056 exspirasset
761 1005 1020 1055 Tarquinius,
1054 1007 1183 1044 celata
1200 1011 1339 1055 morte.
1372 1019 1444 1055 per
1463 1019 1550 1055 spe-

105 1079 204 1117 ciem
236 1079 376 1116 alienae
407 1078 621 1127 fungendae
653 1077 754 1116 vicis
787 1091 876 1115 suas
908 1091 1002 1128 opes
1034 1078 1227 1124 firmavit3
1273 1083 1358 1115 tum
1391 1077 1547 1114 demum

104 1150 389 1201 palamfactum
407 1154 466 1187 est
482 1150 796 1199 comploratione
813 1150 852 1187 in
871 1151 983 1199 regia
1001 1155 1100 1190 orta.
1149 1150 1326 1199 Servius,
1360 1148 1546 1199 praesidio

101 1222 217 1260 firmo
249 1223 435 1269 munitus,
466 1222 618 1271 primus
655 1222 807 1259 iniussu
837 1223 989 1272 populi,
1022 1223 1232 1261 voluntate
1264 1227 1424 1272 patrum
1455 1233 1543 1270 reg-

102 1294 228 1333 navit.
276 1294 384 1332 Anci
416 1293 536 1332 liberi
568 1293 647 1331 iam
673 1298 768 1340 tum,
800 1307 933 1343 quum,
966 1294 1213 1343 comprensis
1238 1295 1399 1332 sceleris
1427 1293 1542 1331 mini·
1564 1297 1585 1332 7

99 1366 208 1415 stris,
239 1365 372 1402 vivere
403 1379 537 1414 regem
569 1369 607 1402 et
638 1369 770 1403 tantas
802 1379 886 1402 esse
918 1379 1011 1415 opes
1044 1364 1176 1403 Servii
1209 1367 1436 1404 nuntiatum
1468 1372 1540 1416 est,

102 1436 287 1475 Suessam
304 1436 528 1474 Pometiam
560 1437 785 1474 exsulatum
818 1437 957 1475 ierant.
1005 1437 1086 1475 Nec
1119 1438 1198 1475 iam
1223 1439 1398 1488 publicis
1416 1441 1541 1489 magis
1624 1438 1681 1486 42

102 1509 286 1546 consiliis
319 1507 484 1546 Servius
517 1522 635 1557 quam
668 1509 837 1558 privatis
871 1509 1028 1546 munire
1061 1523 1165 1559 opes,
1213 1514 1262 1555 et,
1311 1524 1370 1557 ne,
1410 1512 1542 1561 qualis

103 1580 212 1617 Anci
230 1580 400 1618 liberum
417 1580 574 1618 animus
591 1580 781 1618 adversus
799 1579 1065 1630 Tarquinium
1084 1581 1224 1627 fuerat,
1240 1582 1334 1619 talis
1352 1583 1541 1621 adversus

101 1665 141 1690 se
159 1651 374 1701 Tarquinii
405 1651 579 1689 liberum
611 1656 727 1698 esset,
758 1651 856 1689 duas
887 1651 990 1689 filias
1014 1652 1227 1690 iuvenibus
1245 1654 1380 1702 regiis,
1414 1654 1541 1693 Lucio

99 1726 219 1773 atque
238 1724 411 1761 Arrunti
429 1723 675 1773 Tarquiniis,
710 1724 858 1773 iungit3
891 1737 962 1761 nec
992 1725 1103 1774 rupit
1132 1728 1265 1763 tamen
1283 1726 1357 1763 fati
1373 1728 1541 1765 necessi·
1560 1729 1584 1765 2

100 1799 222 1834 tatem
254 1796 436 1834 humanis
469 1796 658 1841 consiliis,
692 1796 788 1845 quin
821 1795 973 1833 invidia
1003 1797 1118 1847 regni
1150 1798 1267 1835 etiam
1288 1798 1391 1835 inter
1408 1798 1540 1836 dome-

99 1868 220 1905 sticos
254 1866 376 1905 infida
407 1868 541 1905 omnia
573 1871 693 1917 atque
727 1868 872 1905 infesta
904 1867 1063 1906 faceret.

214 1938 521 1989 Peropportune
567 1940 616 1977 ad
657 1941 866 1989 praesentis
899 1941 1076 1989 quietem
1107 1945 1234 1978 status
1266 1941 1416 1978 bellum
1449 1955 1535 1979 cum

101 2009 342 2048 Veientibus
389 2011 486 2059 (iam
532 2012 635 2049 enim
682 2012 849 2049 indutiae
898 2011 1096 2063 exierant)
1137 2013 1310 2062 aliisque
1356 2013 1537 2051 Etruscis·

100 2087 314 2132 sumptum.
373 2082 422 2119 ln
470 2096 515 2120 eo
563 2082 667 2120 bello
715 2088 753 2121 et
784 2084 913 2121 virtus
945 2086 984 2120 et
1015 2084 1176 2122 fortuna
1208 2085 1355 2122 enituit
1387 2084 1536 2131 Tullii;
1556 2089 1579 2125 3

98 2153 264 2203 fusoque
298 2154 451 2203 ingenti
468 2154 642 2192 hostium
661 2156 853 2202 exercitu,
886 2155 992 2193 haud
1010 2155 1157 2194 dubius
1173 2169 1256 2202 rest,
1287 2169 1357 2194 seu
1374 2161 1533 2206 patrum

97 2238 167 2263 seu
184 2226 312 2273 plebis
329 2226 480 2263 animos
498 2227 810 2276 periclitaretur,
843 2227 1011 2265 Romam
1029 2228 1163 2266 rediit.
1205 2228 1536 2279 Aggrediturque
1554 2230 1578 2266 4

99 2297 193 2335 inde
225 2297 275 2334 ad
307 2298 416 2347 pacis
450 2298 566 2347 louge
594 2301 806 2336 maximum
826 2313 937 2349 opus,
970 2303 1025 2345 ut,
1057 2300 1388 2349 quemadmodum
1409 2301 1537 2338 Numa

97 2367 226 2406 divini
259 2374 397 2407 auctor
431 2369 529 2406 iuris
561 2370 711 2417 suisset,
756 2371 811 2408 ita
843 2370 1026 2408 Servium
1059 2372 1306 2409 conditorem
1338 2373 1465 2410 omnis
1498 2373 1537 2408 in

99 2440 263 2478 civitate
296 2440 540 2478 discriminis
558 2442 835 2492 ordinumque,
868 2442 1014 2492 quibus
1033 2443 1138 2480 inter
1162 2443 1309 2491 gradus
1327 2443 1535 2491 diguitatis

95 2512 347 2562 fortunaeque
379 2512 532 2562 aliquid
564 2513 789 2560 interlucet,
820 2515 971 2563 posteri
1003 2515 1109 2552 fama
1139 2515 1303 2552 ferrent.
1366 2514 1536 2551 Censum
1555 2512 1578 2550 5

97 2582 203 2620 enim
235 2583 420 2633 instituit,
454 2597 536 2621 rem
567 2584 1010 2639 saluberrimamtauto
1027 2587 1161 2623 futuro
1180 2586 1359 2635 imperio,
1392 2598 1437 2622 ex
1457 2599 1535 2634 quo

98 2653 194 2692 belli
240 2655 431 2705 pacisque
463 2656 598 2693 munia
629 2669 706 2693 uon
748 2657 915 2697 viritim.
964 2663 1007 2694 ut
1039 2663 1141 2702 ante,
1189 2656 1257 2693 sed
1289 2669 1362 2705 pro
1395 2656 1534 2694 habitu

97 2726 354 2775 pecuniarum
378 2726 541 2771 fierent3
571 2731 655 2764 tum
682 2728 829 2765 classes
855 2729 1136 2776 centuriasque
1162 2732 1198 2764 et
1225 2727 1329 2764 huuc
1354 2727 1534 2765 ordinem
