1821 2928
380 177 461 214 184
832 186 921 211 Liber
938 186 991 211 1x.
1028 185 1075 214 (A.
1093 193 1122 210 ιι.
1142 192 1166 211 c.
1185 186 1254 215 444.)

280 301 399 340 Stati
430 315 540 338 arma
572 301 745 350 capiunt.
804 300 998 338 Dolabrae
1030 299 1234 337 calonibus
1266 298 1501 336 dividuntur
1531 299 1582 337 ad
1597 299 1742 338 vallum

320 369 589 420 proruendum
620 369 822 418 fossasque
839 367 1070 418 implendas.
1130 367 1244 404 intra
1267 367 1510 405 munimenta
1533 367 1745 405 instruitur

281 439 303 473 9
322 438 444 477 acies:
476 437 637 474 delectae
664 437 844 474 cohortes
869 436 919 473 ad
943 439 1147 486 portarum
1165 435 1292 472 exitus
1319 435 1576 473 collocantur.
1633 434 1742 472 Dato

321 505 466 542 deinde
498 505 609 553 signo
640 505 761 554 paulo
793 508 884 542 ante
915 505 1054 551 lucem⁷
1085 503 1190 553 quod
1222 503 1372 541 aestivis
1390 503 1574 540 noctibus
1603 502 1742 552 sopitae

321 573 489 611 maxime
521 573 671 622 quietis
700 577 855 622 tempus
888 576 956 620 est,
987 575 1151 623 proruto
1169 572 1272 609 vallo
1298 571 1431 621 erupit
1453 571 1568 618 acies,
1599 574 1745 608 stratos

319 642 467 691 passim
498 641 655 678 invadit
685 641 836 687 hostes3
882 641 980 678 alios
1012 639 1255 686 immobiles,
1286 640 1386 677 alios
1417 640 1672 677 semisomnos
1701 639 1744 676 in

320 710 523 748 cubilibus
554 709 654 755 suis,
699 709 911 746 maximam
941 711 1093 758 partem
1125 707 1174 745 ad
1207 721 1314 744 arma
1343 707 1589 757 trepidantes
1619 707 1744 744 caedes

256 780 305 816 10
323 778 533 829 oppressit.
591 777 738 814 Paucis
770 776 950 814 armandi
983 790 1022 813 se
1055 776 1189 812 datum
1220 775 1393 824 spatium
1424 778 1498 822 est;
1539 788 1605 812 eos
1636 775 1746 824 ipsos

320 861 398 884 non
430 847 586 895 signum
618 850 778 891 certum,
823 857 901 881 non
947 845 1086 882 ducem
1127 847 1336 893 sequentes
1373 842 1506 880 fundit
1540 843 1748 881 Romanus

319 915 555 964 fugatosque
585 913 850 962 persequitur.
910 913 979 951 Ad
1010 915 1158 958 castra,
1199 911 1249 949 ad
1281 911 1402 949 silvas
1433 910 1580 948 diversi
1608 911 1743 948 tende-

318 984 426 1020 bant.
486 981 606 1019 Silvae
637 981 763 1018 tutius
796 981 939 1019 dedere
969 980 1186 1029 refugium3
1232 994 1323 1017 nam
1364 983 1493 1017 castra
1524 978 1566 1016 in
1595 978 1744 1028 campis

319 1052 395 1088 sita
427 1051 565 1088 eodem
596 1049 660 1087 die
693 1049 915 1099 capiuntur.
960 1049 1118 1086 Aurum
1135 1051 1422 1097 argentumque
1439 1048 1588 1084 iussum
1603 1046 1744 1084 referri

255 1121 300 1156 11
322 1119 371 1156 ad
403 1119 620 1163 consulem3
653 1120 783 1154 cetera
812 1117 948 1167 praeda
977 1117 1121 1154 militis
1151 1116 1238 1153 fuit.
1313 1114 1424 1153 Caesa
1453 1118 1524 1153 aut
1554 1117 1745 1164 capta'eo

321 1187 385 1224 die
415 1186 592 1223 hostium
622 1185 750 1223 millia
781 1186 831 1223 ad
862 1186 1079 1234 sexaginta.
1151 1184 1251 1222 Eam
1281 1188 1363 1222 tam
1394 1184 1541 1221 claram
1571 1195 1746 1232 pugnam

318 1259 428 1292 trans
460 1253 674 1292 Ciminiam
705 1254 847 1291 silvam
877 1254 928 1291 ad
958 1253 1166 1291 Perusiam
1196 1255 1413 1303 pugnatam
1451 1251 1614 1302 quidam
1655 1264 1744 1288 auc-

318 1327 424 1360 tores
455 1325 556 1369 sunt,
587 1324 772 1372 metuque
803 1322 846 1359 in
876 1335 1019 1371 magno
1051 1322 1256 1359 civitatem
1279 1321 1411 1368 fuisse,
1441 1333 1490 1357 ne
1506 1319 1745 1357 interclusus

320 1391 518 1428 exercitus
547 1394 629 1427 tam
660 1390 804 1427 infesto
828 1390 942 1436 saltu,
974 1391 1121 1427 coortis
1143 1389 1321 1439 undique
1337 1388 1476 1426 Tuscis
1493 1387 1747 1437 Umbrisque,

251 1459 299 1495 12
319 1459 623 1509 opprimeretur.
699 1457 774 1495 Sed
814 1458 1044 1508 ubicunque
1088 1461 1309 1508 pugnatum
1354 1460 1421 1503 est,
1465 1470 1528 1494 res
1563 1456 1746 1494 Romana

317 1528 498 1577 superior
528 1528 617 1564 fuit.
676 1527 819 1576 Itaque
851 1541 873 1564 a
903 1526 1072 1563 Perusia
1103 1530 1141 1563 et
1173 1526 1346 1563 Cortona
1377 1528 1415 1562 et
1445 1524 1625 1572 Arretio,
1656 1537 1743 1574 quae

316 1596 437 1632 ferme
470 1595 600 1644 capita
630 1595 803 1632 Etruriae
834 1595 1074 1644 populorum
1106 1608 1150 1632 ea
1180 1596 1416 1643 tempestate
1448 1596 1578 1641 erant,
1618 1593 1743 1641 legati

316 1677 452 1713 pacem
469 1663 675 1712 foedusque
692 1663 740 1700 ab
756 1663 950 1700 Romanis
974 1666 1150 1713 petentes
1175 1662 1352 1700 indutias
1378 1662 1420 1699 in
1434 1661 1606 1710 triginta
1622 1673 1745 1698 annos

317 1732 642 1781 impetraverunt.

185 1794 243 1842 38
431 1799 539 1837 Dum
568 1799 652 1836 haec
683 1799 725 1835 in
756 1799 922 1836 Etruria
951 1802 1154 1847 geruntur,
1195 1797 1332 1835 consul
1362 1797 1463 1835 alter
1495 1795 1536 1834 C.
1565 1794 1745 1834 Marcius

315 1867 478 1904 Rutilus
508 1866 660 1904 Allifas
691 1867 739 1903 de
771 1865 1020 1904 Samnitibus
1050 1867 1090 1904 vi
1123 1867 1237 1915 cepit.
1305 1865 1439 1902 Multa
1470 1865 1550 1902 alia
1581 1864 1744 1903 castella

315 1936 474 1985 vicique
505 1939 573 1972 aut
604 1935 734 1973 deleta
763 1935 969 1972 hostiliter
1000 1937 1068 1973 aut
1099 1935 1256 1983 integra
1280 1934 1320 1971 in
1336 1936 1573 1983 potestatem
1588 1945 1744 1971 venere.

275 2003 395 2040 &Per
441 2003 547 2040 idem
583 2008 738 2053 tempus
776 2008 815 2041 et
855 2003 992 2040 classis
1022 2003 1204 2040 Romana
1241 2016 1263 2039 a
1293 2002 1340 2039 P.
1372 2001 1579 2048 Cornelio,
1624 2013 1741 2050 quem

315 2074 472 2108 senatus
503 2071 713 2108 maritimae
745 2085 823 2108 orae
854 2072 1101 2121 praefecerat,
1140 2071 1181 2107 in
1213 2069 1471 2120 Campaniam
1502 2071 1591 2106 acta
1622 2081 1742 2118 quum

316 2139 483 2188 appulsa
513 2139 729 2189 Pompeios
761 2143 872 2185 esset,
903 2140 1003 2177 socii
1033 2138 1125 2176 inde
1157 2138 1317 2176 navales
1341 2138 1392 2175 ad
1419 2135 1741 2187 depopulandum

315 2221 454 2256 agrum
485 2205 731 2244 Nucerinum
762 2208 954 2257 profecti,
985 2206 1179 2257 proximis
1218 2205 1367 2255 raptim
1406 2204 1595 2252 vastatis,
1636 2202 1742 2240 unde

313 2275 465 2312 reditus
494 2279 604 2312 tutus
635 2275 685 2312 ad
717 2289 835 2313 naves
868 2281 980 2322 esset⁷
1012 2274 1232 2320 dulcedine,
1262 2277 1308 2311 ut
1337 2272 1392 2320 fit,
1423 2272 1567 2322 praedae
1583 2271 1741 2320 longius

277 2344 518 2393 3pmgressi
549 2343 727 2380 excivere
766 2344 910 2381 hostes.
983 2343 1140 2380 Palatis
1184 2356 1256 2392 per
1294 2354 1410 2391 agros
1438 2354 1559 2389 ⁶nemo
1600 2339 1742 2377 obvius

315 2412 403 2458 fuit,
435 2425 555 2461 quum
586 2411 794 2448 occidione
822 2411 950 2448 occidi
970 2415 1148 2460 possent3
1178 2410 1389 2447 redeuntes
1406 2409 1562 2457 agmine
1578 2407 1739 2445 incauto

315 2479 422 2516 haud
452 2480 594 2529 procul
618 2480 785 2517 navibus
812 2479 981 2516 assecuti
1005 2482 1177 2527 agrestes
1203 2480 1396 2515 exuerunt
1410 2476 1556 2526 praeda,
1585 2477 1740 2524 partem

315 2547 433 2584 etiam
465 2548 712 2593 occiderunt3
758 2561 845 2596 quae
886 2547 1083 2596 superfuit
1114 2545 1223 2592 caedi,
1252 2544 1413 2593 trepida
1444 2542 1656 2581 multitudo
1687 2541 1739 2580 ad

313 2628 433 2652 naves
465 2615 681 2671 compulsa,
696 2618 763 2652 est.
