1821 2928
392 180 415 215 2
831 187 919 212 Liber
937 187 988 211 VJ.
1027 187 1074 215 (A.
1093 195 1121 212 ιι.
1141 195 1166 212 c.
1186 188 1255 215 365.)

300 304 322 338 9
448 302 505 339 Hi
537 316 582 339 ex
621 302 847 350 interregno
888 315 1009 351 quum
1040 302 1237 351 extemplo
1276 302 1553 350 magistrat-um
1591 302 1768 349 inissent,

332 371 442 407 nulla
475 371 522 407 de
553 384 594 407 re
633 371 744 419 prius
775 383 893 419 quam
925 370 972 406 de
1010 369 1272 416 religionibus
1314 374 1495 407 senatum
1525 371 1768 408 consuluere.

276 439 385 475 10111
416 439 556 488 primis
587 438 735 475 foedera
767 451 810 474 ac
841 437 947 486 leges
979 439 1108 482 (erant
1133 442 1263 474 autem
1296 451 1349 475 eae
1381 438 1590 476 duodecim
1620 439 1767 476 tabulae

336 512 373 543 et
391 505 572 555 quaedam
603 506 723 554 regiae
755 505 876 553 leges)
896 506 1088 554 conquiri,
1121 519 1207 554 quae
1232 510 1518 555 comparerent,
1549 507 1768 553 iusserunt;

332 574 410 611 alia
443 588 489 611 ex
521 574 575 611 eis
608 574 715 610 edit-a
748 573 866 609 etiam
899 573 939 610 in
970 574 1133 622 vulgus3
1174 587 1260 623 quae
1293 578 1423 611 autem
1455 573 1506 610 ad
1538 588 1649 612 sacra
1680 587 1766 624 per-

333 643 526 681 tinebant.
558 656 579 679 a
597 641 852 691 pontificibus
870 642 1047 688 maxime,
1078 646 1120 678 ut
1138 643 1331 690 religione
1349 643 1560 680 obstrictos
1576 643 1767 681 haberent

275 710 605 747 llmultitudinis
650 710 819 747 animos.
865 723 1086 759 suppressa.
1145 709 1248 746 Tum
1294 711 1340 747 de
1387 711 1526 748 diebus
1570 711 1769 759 religiosis

334 778 479 826 agitari
526 782 715 827 coeptum.
763 777 948 827 diemque
994 791 1027 814 a.
1074 778 1109 814 d.
1154 792 1205 814 xv
1250 777 1344 814 Kal.
1390 777 1571 826 Sextiles,
1617 778 1768 828 duplici

336 846 447 883 clade
478 846 683 894 insignem.
716 860 793 894 quo
826 846 889 882 die
921 847 972 883 ad
990 845 1214 883 Cremeram
1232 846 1351 883 Fabii
1383 847 1483 891 caesi,
1515 860 1592 895 quo
1624 846 1768 883 deinde

335 913 385 949 ad
401 913 538 950 Aliam
571 927 656 950 cum
689 915 809 951 exitio
834 914 944 951 urbis
968 914 1070 950 foede
1098 918 1329 962 pugnatum.
1360 927 1381 950 a
1412 914 1631 963 posteriore
1655 914 1767 951 clade

334 981 538 1018 Aliensem
571 982 836 1030 appellarunt,
870 982 1142 1030 insignemque
1173 983 1232 1018 rei
1254 983 1357 1019 nulli
1379 982 1538 1032 publice
1562 983 1766 1032 privatim-

276 1052 413 1097 12que
443 1049 607 1097 agendae
637 1050 826 1086 fecerunt.
879 1050 1064 1097 Quidam.
1096 1051 1202 1098 quod
1233 1050 1426 1099 postridie
1457 1050 1545 1087 idus
1568 1049 1768 1098 Quintiles

335 1131 413 1155 non
452 1117 605 1154 litasset
637 1116 840 1167 Sulpicius
870 1118 1055 1155 tribunus
1087 1118 1269 1163 militum,
1314 1132 1441 1167 neque
1480 1118 1641 1156 inventa
1671 1131 1769 1168 pace

337 1186 452 1221 deum
492 1189 581 1235 post
621 1185 737 1225 diem„
763 1186 926 1222 tertium
966 1186 1144 1223 obiectus
1188 1186 1293 1223 hosti
1332 1187 1526 1223 exercitus
1563 1186 1768 1224 Romanus

336 1257 446 1296 esset,
479 1253 597 1289 etiam
637 1254 831 1302 postridie
870 1254 961 1291 idus
998 1255 1115 1291 rebus
1148 1254 1296 1290 divinis
1327 1254 1577 1303 supersederi
1607 1255 1768 1301 iussum,

337 1322 439 1366 inde,
478 1326 520 1358 ut
560 1322 754 1370 postridie
795 1322 979 1358 calendas
1012 1335 1169 1370 quoque
1205 1335 1250 1358 ac
1288 1336 1411 1358 nonas
1449 1322 1587 1359 eadem
1622 1323 1767 1371 religio

335 1394 446 1436 esset,
476 1389 670 1426 traditum
702 1394 855 1439 putant.

443 1458 525 1495 Nec
550 1458 619 1493 diu
643 1458 757 1494 licuit
781 1458 927 1506 quietis
952 1457 1117 1494 consilia
1142 1457 1341 1505 erigendae
1365 1472 1411 1494 ex
1433 1461 1515 1495 tam
1538 1458 1650 1506 gravi
1675 1471 1768 1496 casu

302 1525 398 1562 2rei
429 1526 599 1575 publicae
637 1538 767 1562 secum
805 1526 970 1573 agitare.
1029 1525 1136 1562 Hinc
1169 1526 1317 1573 Volsci,
1353 1530 1505 1563 veteres
1536 1527 1679 1573 hostes,
1717 1525 1767 1563 ad

335 1593 665 1640 exstinguendum
695 1606 839 1630 nomen
856 1594 1079 1630 Romanum
1111 1607 1220 1630 arma
1251 1598 1454 1644 ceperant:
1485 1594 1578 1631 hinc
1593 1594 1766 1632 Etruriae

335 1661 558 1710 principum
585 1674 630 1697 ex
655 1661 836 1697 omnibus
860 1661 1019 1710 populis
1037 1660 1349 1698 coniurationem
1367 1662 1414 1698 de
1437 1662 1541 1698 bello
1559 1662 1610 1699 ad
1631 1662 1768 1699 fanum

305 1729 568 1766 3V01tumnae
585 1728 728 1764 factam
751 1732 987 1765 mercatores
1013 1728 1239 1766 afferebant.
1298 1729 1435 1766 Novus
1460 1743 1616 1778 quoque
1638 1733 1768 1766 terror

335 1799 551 1834 accesserat
575 1796 807 1832 defectionis
825 1796 1060 1833 Latinorum
1077 1796 1434 1845 Hernicorumque.
1466 1797 1534 1846 qui
1556 1800 1647 1847 post
1669 1810 1767 1847 pug-

335 1878 426 1901 nam
471 1863 521 1900 ad
567 1863 694 1900 lacum
731 1863 935 1911 Regillum
981 1864 1125 1900 factam
1172 1878 1242 1913 per
1287 1878 1411 1902 annos
1449 1878 1573 1914 prope
1612 1868 1768 1902 centum

335 1945 536 1980 nunquam
575 1932 761 1980 ambigua
798 1931 876 1968 fide
920 1932 961 1968 in
999 1932 1174 1969 amicitia
1216 1932 1355 1981 populi
1392 1932 1565 1969 Romani
1601 1933 1769 1970 fuerant.

303 2000 482 2047 litaque
500 2013 620 2048 quum
641 2000 745 2035 tanti
768 1999 945 2048 undique
966 2004 1137 2037 terrores
1162 2000 1462 2036 circumstarent
1479 2005 1769 2050 appareretque

336 2068 528 2113 omnibus,
566 2081 644 2103 non
676 2067 766 2104 odio
799 2067 924 2104 solum
962 2067 1070 2116 apud
1107 2068 1251 2113 hostes,
1290 2068 1358 2104 sed
1390 2071 1619 2117 contemptu
1650 2068 1769 2104 etiam

305 2134 327 2170 5
341 2136 443 2172 inter
459 2136 585 2172 socios
601 2148 743 2172 nomen
760 2135 982 2172 Romanum
1001 2135 1193 2180 laborare,
1217 2135 1378 2184 placuit,
1409 2135 1556 2172 eisdem
1579 2135 1769 2185 auspiciis

336 2202 496 2239 defendi
526 2216 609 2239 rem
633 2203 843 2251 publicam,
875 2203 1020 2251 quibus
1050 2207 1286 2253 recuperata
1310 2207 1422 2250 esset,
1454 2204 1769 2252 dictatoremque

305 2272 326 2303 fi
341 2270 420 2306 dici
449 2269 504 2306 M.
536 2270 703 2306 Furium
735 2269 956 2307 Camillum.
1015 2270 1056 2307 Is
1088 2271 1260 2309 dictator
1292 2271 1332 2308 C.
1364 2270 1577 2309 Servilium
1594 2270 1768 2308 Ahalam

337 2337 568 2385 magistrum
586 2337 763 2386 equitum
782 2338 900 2382 dixit;
933 2338 1165 2387 iustitioque
1190 2339 1339 2377 indicto
1358 2339 1545 2376 dilectum
1569 2339 1769 2377 iuniorum

338 2405 489 2448 habuit,
521 2405 575 2441 ita
606 2408 649 2440 ut
681 2405 854 2442 seniores
887 2419 1055 2454 quoque.
1087 2408 1230 2455 quibus
1263 2407 1418 2456 aliquid
1448 2408 1603 2444 roboris
1634 2419 1787 2456 super--

309 2476 326 2507 T
345 2477 456 2518 esset,
486 2472 526 2508 in
542 2472 662 2509 verba
686 2486 755 2509 sua
779 2473 929 2509 iuratos
949 2474 1201 2510 centuriaret.
1259 2474 1487 2511 Exercitum
1504 2474 1770 2523 conscriptum

337 2544 607 2588 armatumque
637 2540 835 2577 trifariam
867 2541 1014 2577 divisit.
1072 2541 1235 2578 Partem
1265 2556 1385 2579 unam
1415 2542 1455 2578 in
1487 2555 1582 2590 agro
1600 2542 1771 2580 Veiente

338 2608 508 2643 jitruriae
541 2607 738 2656 opposuit,
780 2607 944 2644 alteram
984 2613 1075 2645 ante
1116 2610 1252 2646 urbem
1295 2613 1421 2646 castra
1464 2609 1595 2646 locare
1636 2610 1768 2647 iussit:
