1821 2928
562 176 654 202 Liber
672 177 725 201 VI.
763 177 811 205 (A.
833 177 884 202 cn.
905 178 1062 206 ses—368.)
1428 166 1478 203 41

99 291 269 341 imperio
299 291 475 328 tutabor.
534 291 678 341 Itaque
710 291 744 328 si
777 291 818 328 C.
850 291 1036 329 Licinius
1067 295 1106 328 et
1137 291 1182 328 L.
1214 290 1377 328 Sextius
1410 291 1531 328 inter·
1553 293 1574 328 7

99 359 271 397 cessioni
284 359 528 408 collegarum
541 358 699 405 cedunt,
714 359 821 396 nihil
834 360 1051 409 patricium
1069 359 1349 408 magistratum
1367 359 1540 397 inseram

100 427 274 464 concilio
315 427 466 477 plebis3
513 427 548 464 si
588 427 778 464 adversus
821 428 1148 465 intercessionem
1188 431 1381 477 tanquam
1414 431 1539 477 captae

99 495 258 534 civitati
291 496 398 545 leges
431 496 636 544 imponere
667 495 845 542 tendent,
889 496 971 533 vim
1010 495 1276 532 tribuniciam
1318 509 1340 532 a
1381 509 1421 532 se
1454 496 1540 545 ipsa

99 564 268 601 dissolvi
299 577 380 601 non
410 563 580 613 patiarf‘
629 562 840 601 Adversus
873 578 918 601 ea
943 577 1063 613 quum
1088 563 1350 612 contemptim
1381 563 1538 600 tribuni
1556 563 1581 600 8

98 631 232 681 plebis
248 646 332 669 rem
350 632 481 669 nihilo
499 632 662 680 segnius
686 636 935 680 peragerent,
965 635 1050 668 tum
1068 631 1246 681 percitus
1265 631 1326 668 ira
1344 631 1540 669 Camillus

99 700 275 747 lictores,
322 700 392 750 qui
425 699 474 737 de
512 699 646 737 medio
687 700 846 749 plebem
877 704 1116 746 emoverent,
1162 699 1275 736 misit
1307 704 1346 736 et
1377 699 1538 737 addidit

98 768 238 814 minas,
278 768 313 805 si
354 771 577 818 pergerent.
620 772 870 805 sacramento
903 781 1037 805 omnes
1079 767 1261 805 iuniores
1303 768 1538 805 adacturum

96 836 397 885 exercitumque
438 837 639 886 extemplo
680 851 728 874 ex
769 836 868 873 urbe
910 836 1158 873 educturum.
1219 835 1431 873 Terrorem
1475 835 1576 872 in-9

98 908 255 952 gentem
289 905 512 942 incusserat
542 904 673 954 plebi:
713 904 884 942 ducibus
914 904 1048 954 plebis
1080 903 1267 941 accendit
1297 904 1427 952 magis
1458 916 1539 941 cer-

96 973 248 1010 tamine
266 973 421 1010 animos
438 986 557 1022 quam
576 973 733 1010 minuit.
766 972 847 1010 Sed
863 986 906 1010 re
923 977 1064 1010 neutro
1083 973 1282 1009 inclinata
1300 973 1540 1021 magistratu

98 1053 138 1077 se
171 1040 389 1087 abdicavit,
421 1055 490 1078 seu
515 1041 608 1091 quia
624 1041 726 1078 vitio
759 1044 916 1078 creatus
948 1044 1044 1087 erat,
1074 1044 1117 1077 ut
1143 1041 1337 1090 scripsere
1362 1041 1540 1091 quidam.

98 1122 168 1145 seu
186 1109 282 1158 quia
311 1109 470 1146 tribuni
503 1109 635 1159 plebis
665 1110 846 1147 tulerunt
864 1109 915 1146 ad
938 1109 1098 1159 plebem
1129 1109 1252 1158 idque
1275 1109 1391 1159 plebs
1408 1110 1540 1156 scivit,

97 1180 153 1224 ut,
185 1177 219 1214 si
234 1177 290 1214 M.
308 1177 457 1215 Furius
473 1191 545 1227 pro
563 1178 761 1215 dictatore
779 1177 879 1228 quid
896 1178 1054 1226 egisset,
1079 1178 1344 1227 quingentum
1362 1178 1539 1215 millium

97 1246 135 1283 ei
167 1245 294 1282 multa
325 1250 444 1284 esset:
476 1246 545 1283 sed
569 1246 765 1296 auspiciis
788 1247 917 1295 magis
942 1259 1061 1295 quam
1092 1246 1187 1283 novi
1213 1246 1387 1295 exempli
1419 1259 1534 1294 roga·
1557 1247 1606 1283 10

46 1338 50 1341 -
95 1313 205 1351 tione
229 1313 467 1350 deterritum
490 1318 534 1351 ut
557 1315 692 1363 potius
717 1314 888 1359 credam,
921 1327 1043 1363 quum
1068 1314 1196 1363 ipsius
1213 1314 1294 1350 viri
1312 1314 1411 1351 facit
1428 1314 1537 1363 inge-

97 1381 221 1427 nium,
251 1385 337 1418 tum
368 1382 475 1430 quod
508 1382 544 1418 ei
569 1382 754 1419 suffectus
780 1386 837 1419 est
865 1382 1065 1431 extemplo
1083 1382 1131 1419 P.
1147 1382 1326 1419 Manlius
1352 1382 1539 1428 dictator,

96 1463 215 1498 quem
245 1449 345 1498 quid
384 1450 511 1487 creari
544 1450 745 1488 attinebat
783 1451 833 1488 ad
868 1450 909 1487 id
941 1454 1152 1496 certamen,
1191 1463 1269 1500 quo
1301 1450 1355 1487 M.
1387 1450 1536 1487 Furius
1559 1451 1606 1487 11

96 1517 227 1554 victus
259 1517 390 1554 esset?
421 1521 458 1554 et
484 1519 592 1567 quod
617 1518 785 1555 eundem
801 1518 857 1555 M.
875 1518 1044 1555 Furium
1063 1518 1301 1556 dictatorem
1325 1519 1539 1568 insequens

98 1598 224 1622 annus
255 1585 409 1631 habuit,
441 1586 548 1623 haud
565 1586 651 1623 sine
682 1587 836 1636 pudore
868 1590 974 1624 certe
1000 1586 1172 1624 fractum
1198 1587 1334 1636 priore
1358 1600 1462 1624 anno
1496 1587 1538 1623 in

97 1667 137 1690 se
169 1654 382 1703 imperium
413 1655 695 1704 repetiturum:
734 1655 854 1692 simul
887 1655 994 1704 quod
1027 1668 1072 1692 eo
1104 1659 1296 1704 tempore,
1335 1668 1413 1704 quo
1445 1668 1535 1704 pro·
1560 1654 1607 1690 12

96 1722 319 1770 mulgatum
344 1722 392 1759 de
423 1723 550 1760 multa
581 1723 666 1760 eius
697 1724 888 1769 traditur,
920 1727 990 1760 aut
1014 1727 1053 1760 et
1083 1723 1177 1760 huic
1210 1724 1426 1772 rogationi,
1459 1737 1537 1772 qua

97 1803 137 1827 se
180 1790 223 1827 in
263 1789 445 1827 ordinem
487 1790 577 1839 cogi
618 1791 798 1838 videbat,
840 1791 1036 1829 obsistere
1078 1791 1211 1841 potuit
1253 1796 1323 1829 aut
1363 1805 1411 1829 ne
1444 1791 1537 1828 illas

97 1857 272 1907 quidem,
316 1862 482 1908 propter
520 1873 618 1908 quas
657 1864 695 1896 et
734 1860 817 1897 haec
856 1860 939 1897 lata
971 1863 1066 1906 erat.
1105 1859 1314 1908 impedire,
1361 1863 1401 1896 et
1431 1859 1537 1908 quod
1561 1859 1609 1895 13

94 1939 219 1975 usque
251 1926 302 1963 ad
334 1927 566 1964 memoriam
597 1931 775 1965 nostram
805 1927 1042 1964 tribuniciis
1066 1927 1425 1976 consularibusque
1457 1940 1538 1964 cer-

94 1997 223 2032 tatum
253 1993 412 2031 viribus
444 1999 513 2041 est,
546 1995 756 2033 dictaturae
789 2009 944 2046 semper
976 1995 1098 2033 altius
1130 1995 1339 2043 fastigium
1369 1996 1458 2033 fuit.

210 2062 323 2100 Inter
353 2063 531 2112 priorem
556 2063 797 2101 dictaturam
821 2063 1050 2101 abdicatam
1076 2076 1299 2113 novamque
1330 2078 1353 2101 a
1376 2063 1533 2101 Manlio
1610 2058 1666 2106 39

97 2130 242 2168 initam
260 2129 310 2168 ab
334 2130 515 2167 tribunis
530 2131 640 2168 velut
657 2145 728 2181 per
746 2131 1020 2180 interregnum
1039 2131 1213 2169 concilio
1237 2131 1368 2182 plebis
1386 2132 1539 2178 habito,

97 2198 299 2248 apparuit,
338 2211 426 2248 quae
457 2212 505 2236 ex
535 2199 804 2248 promulgatis
843 2199 968 2249 plebi,
1007 2213 1095 2249 quae
1127 2199 1326 2237 latoribus
1358 2200 1539 2248 gratiora

98 2270 238 2304 essent.
299 2266 402 2304 Nam
441 2266 490 2303 de
522 2267 658 2304 fenore
690 2271 810 2317 atque
842 2280 939 2316 agro
978 2268 1211 2315 rogationes
1244 2268 1449 2313 iubebant,
1488 2268 1536 2305 de
1556 2267 1579 2302 2

98 2333 259 2383 plebeio
302 2334 464 2371 consule
504 2335 790 2384 antiquabant;
836 2339 874 2372 et
914 2335 1092 2385 perfecta
1121 2339 1291 2385 utraque
1331 2349 1394 2372 res
1427 2340 1540 2380 esset,

99 2401 143 2439 ni
180 2401 339 2439 tribuni
380 2416 421 2439 se
463 2403 505 2440 in
546 2402 681 2440 omnia
721 2403 840 2440 simul
882 2405 1088 2442 consulere
1128 2403 1289 2454 plebem
1330 2402 1540 2440 dixissent.

100 2462 146 2507 Ρ.
169 2469 349 2508 Manlius
381 2471 528 2508 deinde
560 2470 736 2508 dictator
766 2484 849 2507 rem
881 2471 923 2507 in
955 2484 1114 2509 causam
1145 2470 1278 2520 plebis
1311 2471 1536 2517 inclinavit,
1555 2471 1578 2508 3

102 2535 144 2573 C.
174 2536 349 2584 Licinio,
381 2539 451 2587 qui
482 2538 672 2575 tribunus
696 2538 871 2575 militum
896 2539 1036 2585 fuerat,
1068 2539 1260 2587 magistro
1286 2539 1466 2588 equitum
1491 2538 1539 2575 de

102 2603 218 2652 plebe
250 2605 372 2644 dicto.
419 2607 468 2643 ld
501 2619 604 2654 aegre
637 2611 770 2655 patres
802 2620 939 2656 passos
970 2607 1146 2656 acc-ipio;
1178 2607 1417 2644 dictatorem
1444 2619 1536 2656 pro·
1555 2606 1581 2643 4
