1821 2928
271 136 347 174 152
646 130 760 166 Liber
782 130 856 166 Ill.
905 132 966 175 (A.
991 143 1026 166 u.
1053 143 1081 167 c.
1107 132 1314 176 296—297.)

269 263 397 298 castra-
441 259 613 297 hostium
659 261 697 296 et
741 258 783 295 in
823 262 953 297 castra
992 259 1166 297 consulis
1197 259 1324 306 venit;
1370 259 1467 297 alibi
1497 273 1695 310 pavorem,

231 332 370 370 4alibi
401 330 590 380 gaudium
621 331 759 379 ingens
790 330 896 369 facit.
955 330 1139 377 Romani,
1179 331 1336 369 civilem
1367 344 1452 370 esse
1482 331 1694 370 clamorem

270 406 390 453 atque
420 402 611 440 auxilium
643 401 790 449 adesse,
821 401 925 439 inter
955 415 995 440 se
1020 402 1279 452 gratulantes,
1311 402 1417 440 ultro
1441 416 1489 441 ex
1513 402 1695 441 stationi-

233 473 255 511 5
273 475 347 512 bus
377 487 422 512 ac
452 473 605 523 vigiliis
636 473 821 511 territant
852 474 1017 513 hostem.
1079 473 1227 511 Consul
1267 474 1525 512 differendum
1555 477 1694 524 negat:

269 546 339 583 illo
370 545 541 584 clamore
571 559 650 583 non
680 545 894 583 adventum
926 545 1041 583 modo
1073 545 1306 595 significari,
1340 546 1409 583 sed
1437 559 1522 584 rem
1545 546 1594 584 ab
1611 545 1695 584 suis

271 620 451 667 coeptam,
495 617 716 666 mirumque
747 629 842 666 esse,
889 617 931 653 ni
970 617 1047 655 iam
1087 618 1282 656 exteriore
1323 620 1438 667 parte
1468 622 1598 656 castra
1627 618 1698 656 ho-

271 689 392 727 stium
424 692 711 739 oppugnentur.
757 688 899 738 Itaque
931 702 1039 726 arma
1069 702 1159 727 suos
1191 702 1333 739 capere
1364 692 1403 727 et
1433 703 1474 727 se
1503 689 1695 739 subsequi

231 761 253 797 6
273 761 393 798 iubet.
437 760 562 799 Nocte
579 761 723 798 initum
739 761 922 810 proelium
946 764 1023 807 est;
1057 761 1282 809 legionibus
1299 760 1507 799 dictatoris
1523 760 1696 799 clamore

232 832 253 867 7
273 832 510 882 significant,
542 833 591 870 ab
623 846 668 870 ea
699 846 856 882 quoque
886 835 999 882 parte
1029 845 1112 870 rem
1143 832 1184 870 in
1217 833 1446 871 discrimine
1469 845 1565 871 esse.
1609 832 1696 870 Iam

270 917 311 942 se
342 905 393 942 ad
422 905 671 954 prohibenda
701 905 943 942 circumdari
975 918 1095 954 opera
1112 905 1235 954 AEqui
1258 904 1466 955 parabant,
1499 917 1620 954 quum
1644 903 1694 942 ab

269 976 457 1014 interiore
489 977 600 1014 hoste
631 977 775 1027 proelio
807 980 947 1027 coepto,
980 989 1029 1013 ne
1059 989 1130 1026 per
1161 976 1294 1014 media
1323 989 1395 1014 sua
1425 979 1557 1014 castra
1584 975 1698 1014 fieret

270 1048 437 1098 eruptio,
469 1062 492 1086 a
522 1049 795 1086 munientibus
826 1049 877 1086 ad
907 1051 1132 1098 pugnantes
1163 1049 1379 1087 introrsum
1409 1048 1515 1087 versi
1531 1060 1696 1086 vacuam

269 1124 422 1157 noctem
467 1121 578 1169 operi
623 1119 786 1166 dedere3
833 1124 1132 1170 pugnatumque
1177 1134 1265 1158 cum
1297 1120 1456 1158 consule
1487 1119 1538 1158 ad
1568 1120 1695 1158 lucem

230 1190 254 1226 8
272 1194 341 1228 est.
386 1191 494 1228 Luce
524 1192 655 1241 prima
686 1192 764 1230 iam
795 1192 1086 1230 circumvallati
1116 1191 1165 1229 ab
1198 1192 1394 1230 dictatore
1421 1195 1544 1238 erant,
1575 1194 1615 1229 et
1629 1191 1696 1230 vix

270 1262 457 1300 adversus
486 1276 608 1300 unum
639 1264 857 1301 exercitum
881 1276 1056 1313 pugnam
1079 1263 1341 1302 sustinebant.
1388 1262 1491 1302 Tum
1507 1277 1531 1301 a
1548 1262 1696 1310 Quinc-

268 1334 377 1372 tiano
409 1335 597 1382 exercitu,
628 1335 698 1384 qui
728 1335 934 1372 confestim
965 1347 987 1372 a
1016 1335 1193 1385 perfecto
1225 1348 1344 1385 opere
1368 1335 1418 1373 ad
1435 1348 1543 1373 arma
1559 1334 1694 1384 rediit,

270 1405 474 1444 invaditur
502 1406 662 1444 vallum.
716 1406 796 1444 Hic
825 1406 1003 1444 instabat
1032 1420 1135 1446 nova
1164 1420 1315 1457 pugna;
1345 1407 1417 1444 illa
1445 1406 1694 1445 nihil'remi-

230 1477 252 1512 9
270 1482 376 1515 serat
405 1478 529 1528 prior.
581 1478 682 1515 Tum
713 1478 882 1528 ancipiti
912 1479 1016 1516 malo
1047 1482 1225 1527 urgente,
1256 1492 1279 1516 a
1308 1478 1453 1528 proelio
1483 1478 1534 1516 ad
1558 1491 1695 1528 preces

267 1549 370 1586 versi
400 1549 490 1587 hinc
523 1549 769 1597 dictatorem,
813 1550 905 1588 hinc
936 1551 1136 1588 consulem
1167 1564 1291 1598 orare,
1335 1564 1384 1588 ne
1417 1550 1459 1589 in
1489 1550 1694 1589 occidione

267 1619 476 1658 victoriam
507 1625 711 1670 ponerent,
751 1625 796 1659 ut
833 1622 1002 1660 inermes
1041 1636 1082 1660 se
1113 1622 1206 1660 inde
1237 1622 1348 1660 abire
1379 1622 1567 1661 sinerent.
1626 1621 1694 1659 Ab

269 1691 427 1730 consule
454 1691 505 1729 ad
529 1691 761 1731 dictatorem
778 1693 835 1731 ire
853 1693 966 1740 iussi3
999 1695 1031 1731 is
1049 1693 1311 1743 ignominiam
1329 1694 1504 1731 infensus
1521 1692 1692 1739 addidit3

203 1760 254 1797 lO
272 1760 495 1801 Gracchum
527 1763 712 1802 Cloelium
753 1765 891 1802 ducem
930 1765 1211 1816 principesque
1251 1766 1351 1803 alios
1387 1765 1542 1803 vinctos
1572 1764 1622 1802 ad
1653 1777 1694 1802 se

269 1833 414 1872 adduci
445 1835 565 1883 iubet,
603 1836 752 1886 oppido
784 1836 982 1875 Corbione
1013 1837 1163 1875 decedi.
1225 1836 1440 1886 Sanguinis
1471 1851 1512 1874 se
1542 1836 1694 1886 AEquo-

268 1919 355 1943 rum
386 1920 463 1944 non
495 1921 631 1956 egere;
663 1909 782 1946 licere
814 1909 937 1956 abire,
967 1909 1048 1956 sed,
1078 1913 1122 1947 ut
1152 1910 1397 1960 exprimatur
1426 1908 1586 1946 tandem
1603 1921 1694 1947 con-

267 1978 400 2027 fessio,
446 1980 648 2017 subactam
690 1981 958 2031 domitamque
996 1994 1080 2019 esse
1118 1985 1289 2031 gentem,
1333 1980 1405 2018 sub
1437 1980 1576 2030 iugum
1605 1979 1692 2018 abi-

202 2047 247 2083 11
269 2052 393 2088 turos.
453 2050 602 2090 Tribus
632 2053 757 2090 hastis
786 2053 924 2103 iugum
955 2053 1010 2099 fit,
1050 2052 1160 2091 humi
1190 2052 1280 2090 fixis
1312 2052 1465 2090 duabus
1495 2064 1692 2102 superque

266 2134 330 2159 eas
360 2125 587 2161 transversa
616 2137 696 2162 una
726 2125 913 2174 deligata.
961 2123 1044 2162 Sub
1075 2125 1148 2163 hoc
1180 2125 1317 2173 iugum
1342 2124 1514 2162 dictator
1537 2123 1692 2173 AEquos

266 2193 387 2233 misit.

118 2256 174 2304 29
382 2264 534 2303 Castris
578 2267 752 2305 hostium
796 2268 968 2318 receptis
1013 2268 1144 2318 plenis
1185 2266 1360 2305 omnium
1390 2279 1523 2304 rerum
1553 2264 1693 2317 (nudos

266 2336 370 2374 enim
402 2336 615 2388 emiserat),
647 2339 822 2388 praedam
853 2353 1007 2376 omnem
1038 2352 1108 2376 suo
1125 2342 1282 2376 tantum
1299 2337 1421 2375 militi
1438 2337 1569 2384 dedit3
1600 2349 1691 2375 con·

225 2406 436 2445 2sularem
481 2410 697 2447 exercitum
742 2411 951 2459 ipsumque
996 2411 1198 2448 consulem
1229 2409 1439 2459 increpans
1474 2408 1689 2456 „Carebis“

265 2478 396 2528 inquit
429 2481 600 2530 „praedae
630 2485 758 2531 parte,
804 2481 931 2527 miles,
976 2494 1025 2518 ex
1056 2495 1102 2519 eo
1133 2480 1257 2527 hoste,
1298 2480 1362 2518 cui
1392 2493 1518 2530 prope
1547 2477 1692 2529 praedae

263 2550 389 2590 fuisti.
436 2552 490 2590 Et
518 2556 575 2603 tu,
607 2553 654 2592 L.
686 2553 851 2598 Minuci,
882 2552 1009 2589 donec
1037 2552 1288 2590 consularem
1319 2550 1494 2589 animum
1525 2549 1693 2599 incipias

227 2620 426 2673 3habere,
472 2624 628 2673 legatus
672 2624 734 2662 his
780 2623 1003 2672 legionibus
1040 2623 1244 2672 praeeris.“
1305 2622 1372 2659 Ita
1409 2635 1451 2659 se
1491 2620 1693 2658 Minucius

264 2691 423 2732 abdicat
461 2696 673 2734 consulatu
710 2695 919 2744 iussusque
950 2693 1001 2731 ad
1032 2693 1251 2731 exercitum
1282 2694 1424 2730 manet.
1485 2690 1565 2729 Sed
1595 2690 1694 2730 adeo
