1821 2928
565 201 654 227 Liber
673 202 759 227 vm.
797 201 844 230 (A.
865 201 916 228 ch.
936 202 1093 231 εει-330.)
1417 193 1495 228 117

112 318 218 366 dani,
259 318 339 356 dux
369 317 488 356 etiam
518 316 598 355 fuit
628 317 869 364 Fundanus,
908 315 1120 354 Vitruvius
1154 316 1327 364 Vaccus,
1372 316 1435 354 vir
1474 329 1553 354 non

112 387 219 427 domi
252 387 391 434 solum,
421 386 490 424 sed
521 385 641 424 etiam
671 386 809 424 Romae
841 385 992 431 clarus;
1038 384 1142 422 aedes
1172 384 1282 423 fuere
1313 385 1355 422 in
1387 384 1550 422 Palatio

111 457 205 504 eius,
237 469 325 506 quae
342 454 469 493 Vacci
485 458 612 505 prata,
644 454 780 492 diruto
806 452 978 491 aedifieio
994 453 1279 503 publicatoque
1296 453 1391 501 solo,
1414 453 1551 503 appel·

112 526 204 564 lata.
264 524 472 562 Adversus
503 523 608 561 hunc
638 526 860 561 vastantem
891 521 1010 560 effuse
1037 520 1218 559 Setinum
1236 521 1551 571 Norbanumque
1569 519 1593 557 5

112 598 152 632 et
182 592 380 632 Coranum
411 605 551 642 agrum
575 591 620 629 L.
645 591 836 641 Papirius
874 591 1076 641 profectus
1106 589 1214 627 haud
1244 590 1384 640 procul
1414 590 1554 628 castris

112 662 196 700 eius
236 661 426 700 consedit.
502 660 692 698 Vitruvio
730 673 821 706 nec,
865 663 911 697 ut
947 659 1055 697 vallo
1093 672 1134 696 se
1171 663 1324 696 teneret
1362 660 1550 696 adversus
1570 661 1592 693 (j

111 730 348 768 validiorem
394 729 568 776 hostem,
613 742 708 766 sana
746 731 928 766 constare
966 741 1074 765 mens
1112 726 1291 775 nec‚'ut
1331 727 1489 776 longius
1531 741 1552 765 a

111 799 253 837 castris
284 798 513 844 dimicaret,
558 797 712 834 animus
743 800 970 847 suppetere;
1015 797 1084 833 vix
1119 800 1206 834 tota
1247 800 1360 833 extra
1397 799 1552 846 portam
1572 795 1594 830 7

112 870 331 905 castrorum
362 866 562 916 explicata
593 865 696 912 acie,
735 866 871 914 fugam
908 864 1034 913 magis
1071 868 1180 903 retro
1220 877 1338 914 quam
1369 864 1553 914 proelium

113 939 182 975 aut
213 936 366 973 hostem
397 937 602 984 spectante
634 934 780 980 milite,
817 933 902 971 sine
941 933 1132 981 consilio,
1172 933 1257 970 sine
1288 933 1456 970 audacia
1489 932 1553 969 de-

111 1007 277 1054 pugnat.
351 1002 410 1041 Ut
450 1007 489 1040 et
533 1002 612 1040 levi
651 1005 847 1040 momento
886 1015 957 1038 nec
996 1002 1181 1050 ambigue
1219 1005 1279 1039 est
1307 1001 1450 1048 victus,
1497 999 1595 1038 ita8

112 1073 311 1110 brevitate
343 1072 428 1121 ipsa
459 1071 539 1109 loci
569 1070 760 1120 facilique
790 1074 952 1120 receptu
984 1070 1026 1107 in
1055 1074 1136 1107 tam
1167 1070 1394 1120 propinqua
1426 1073 1556 1107 castra

112 1141 219 1179 haud
252 1153 356 1189 aegre
387 1139 555 1177 militem
587 1153 609 1177 a
640 1140 766 1177 multa
797 1139 903 1176 caede
934 1142 993 1176 est
1022 1142 1188 1185 tutatus,
1233 1152 1304 1176 nec
1334 1139 1416 1175 fere
1447 1138 1553 1187 quis·
1572 1137 1595 1173 9

113 1223 233 1260 quam
265 1209 306 1246 in
338 1209 426 1259 ipso
459 1207 686 1254 certamine,
717 1208 836 1258 pauci
863 1208 903 1245 in
925 1208 1045 1245 turba
1068 1207 1173 1256 fugae
1198 1212 1401 1253 extremae,
1432 1219 1554 1256 quum

114 1279 157 1316 in
187 1281 319 1316 castra
349 1280 527 1323 ruerent,
574 1276 682 1322 caesi3
728 1276 948 1326 primisque
978 1277 1157 1314 tenebris
1188 1276 1430 1313 Privernum
1462 1274 1555 1312 inde

113 1347 283 1397 petitum
315 1345 472 1395 agmine
517 1344 689 1394 trepido,
734 1348 779 1381 ut
823 1345 948 1382 muris
993 1345 1129 1394 potius
1170 1359 1289 1395 quam
1325 1345 1432 1382 vallo
1472 1357 1555 1381 sese

109 1417 351 1453 tutarentur.
426 1414 465 1451 A
506 1413 704 1451 Priverno
743 1413 931 1450 Plautius
971 1414 1073 1450 alter
1113 1413 1271 1460 consul,
1316 1411 1555 1463 pervastatis

112 1484 260 1534 passim
290 1482 398 1532 agris
429 1482 645 1532 praedaque
670 1483 823 1529 abacta,
855 1482 896 1518 in
919 1495 1058 1531 agrum
1075 1481 1317 1519 Fundanum
1334 1481 1555 1519 exercitum

112 1551 278 1589 inducit.
337 1550 590 1599 Ingredienti
620 1550 718 1587 fines
749 1554 908 1588 senatus
940 1549 1229 1588 Fundanorum
1260 1549 1453 1595 occurrit:
1485 1562 1551 1587 ne·
1573 1548 1624 1585 10

112 1624 209 1669 gant
239 1633 280 1657 se
310 1633 383 1670 pro
400 1619 592 1657 Vitruvio
624 1623 851 1669 sectamque
882 1619 966 1656 eius
990 1619 1137 1657 secutis
1161 1622 1363 1668 precatum
1387 1617 1555 1664 venisse,

112 1687 181 1726 sed
212 1701 284 1738 pro
316 1687 513 1725 Fundano
542 1687 705 1738 populo,
736 1701 853 1737 quem
881 1691 992 1726 extra
1016 1688 1173 1737 culpam
1197 1687 1294 1725 belli
1317 1700 1400 1724 esse
1424 1687 1554 1736 ipsum

112 1756 346 1795 Vitruvium
393 1755 607 1803 iudicasse,
654 1770 775 1806 quum
820 1756 1116 1806 receptaculum
1161 1756 1266 1804 fugae
1312 1755 1554 1793 Privernum

111 1825 310 1871 habuerit,
340 1838 419 1862 non
451 1825 625 1875 patriam
640 1824 818 1862 Fundos.
878 1824 1067 1862 Priverni
1100 1824 1225 1873 igitur
1251 1825 1383 1861 hostes
1410 1823 1551 1873 populi
1575 1821 1620 1857 ll

111 1893 286 1931 Romani
318 1893 554 1944 quaerendos
586 1893 960 1943 persequendosque
991 1906 1094 1938 esse,
1141 1893 1211 1942 qui
1242 1891 1362 1929 simul
1394 1904 1416 1927 a
1447 1891 1554 1928 Fun-

112 1961 228 2000 danis
259 1975 303 1999 ac
335 1961 542 2009 Romanis,
586 1963 796 2011 utriusque
827 1961 967 2011 patriae
1000 1961 1268 2007 immemores,
1314 1959 1554 1999 defecerint:

112 2030 322 2068 Fundanis
353 2043 491 2080 pacem
537 2043 620 2067 esse
661 2034 701 2067 et
738 2030 890 2067 animos
921 2029 1125 2067 Romanos
1157 2032 1196 2065 et
1225 2033 1381 2077 gratam
1412 2041 1555 2066 memo-

112 2099 215 2137 riam
246 2102 419 2148 acceptae
452 2099 642 2136 civitatis.
716 2097 842 2135 Orare
888 2111 928 2135 se
967 2097 1188 2144 consulem,
1234 2101 1279 2134 ut
1315 2096 1466 2133 bellum
1505 2096 1624 2133 ab12

114 2167 279 2206 innoxio
326 2167 476 2217 populo
524 2166 741 2212 abstineat;
787 2179 922 2215 agros,
966 2167 1123 2213 urbem,
1169 2179 1337 2216 corpora
1376 2165 1554 2215 ipsorum

113 2235 409 2285 coniugumque
440 2249 485 2273 ac
512 2235 731 2272 liberorum
756 2248 917 2272 suorum
946 2235 987 2271 in
1010 2238 1207 2284 potestate
1222 2234 1364 2284 populi
1381 2233 1555 2271 Romani

113 2317 197 2342 esse
227 2303 455 2353 futuraque.
518 2303 767 2341 Collaudat-is
799 2302 1008 2340 Fundanis
1047 2303 1185 2340 consul
1215 2303 1444 2351 litterisque
1474 2301 1554 2338 Ro-
1576 2301 1625 2338 13

114 2385 216 2410 mam
248 2371 390 2418 missis,
437 2372 477 2409 in
519 2371 651 2409 officio
683 2371 901 2409 Fundanos
939 2384 1033 2418 esse,
1079 2371 1130 2408 ad
1162 2371 1401 2408 Privernum
1445 2370 1555 2407 flexit

114 2439 200 2478 iter.
274 2440 396 2478 Prius
434 2440 757 2478 animadversum
799 2440 839 2477 in
878 2454 955 2487 eos,
1001 2439 1069 2490 qui
1101 2439 1234 2489 capita
1266 2437 1555 2476 coniurationis

113 2508 282 2556 fuerant,
313 2523 336 2546 a
367 2509 527 2547 consule
558 2509 702 2546 scribit
719 2508 930 2554 (⁷'laudius;
961 2507 1010 2545 ad
1034 2511 1233 2546 trecentos
1259 2507 1553 2556 quinquaginta
1576 2506 1627 2543 14

115 2590 161 2615 ex
193 2577 414 2616 coniuratis
444 2577 601 2615 vinctos
632 2577 801 2615 Romam
832 2576 984 2623 missos,
1015 2590 1180 2626 eamque
1218 2575 1465 2613 deditionem
1506 2575 1555 2612 ab

116 2649 256 2684 senatu
286 2659 365 2683 non
396 2649 611 2696 acceptam,
657 2644 763 2695 quod
805 2645 1007 2694 egentium
1046 2649 1166 2694 atque
1196 2643 1408 2680 humilium
1439 2656 1555 2692 poena
