1821 2928
571 114 688 150 Liber
712 114 765 149 11.
815 116 878 158 (A.
905 114 969 149 Oh.
995 114 1090 158 509.)
1502 119 1554 156 69

114 245 224 282 illum
250 242 485 282 acerrimum
508 254 646 291 regum
671 241 837 289 hostem,
863 242 993 292 ipsum
1019 242 1259 292 cupiditatis
1275 242 1388 292 regni
1405 243 1554 281 crimen

114 316 337 354 subiturum
353 312 563 352 timerem?
581 313 681 364 Ego,
695 314 728 351 si
745 314 785 351 in
804 314 892 364 ipsa
909 327 998 351 arce
1016 314 1301 365 Capitolioque
1317 315 1553 363 habitarem,
1574 315 1626 355 10

115 388 236 426 metui
267 400 328 425 me
360 386 564 424 crederem
595 398 710 436 posse
736 399 759 423 a
787 385 944 424 civibus
970 385 1095 424 meis?
1126 386 1226 425 Tam
1252 387 1330 425 levi
1354 391 1554 426 momento

113 473 198 498 mea
222 459 329 510 apud
353 471 422 497 vos
444 458 550 496 fama
572 456 752 508 pendet?
798 456 967 496 Adeone
992 461 1053 496 est
1074 458 1245 497 fundata
1270 459 1417 511 leviter
1442 459 1554 508 fides,

111 536 166 578 ut,
205 532 275 570 ubi
307 532 394 580 sim,
433 543 551 580 quam
591 529 660 579 qui
700 529 785 577 sim,
825 529 952 579 magis
982 530 1158 568 referat?
1217 530 1307 569 Non
1340 532 1558 571 obstabunt
1578 532 1625 571 11

112 603 253 642 Publii
281 602 438 642 Valerii
470 601 574 640 aedes
599 601 779 639 libertati
803 605 959 651 vestrae,
992 602 1192 650 Quiritem
1224 605 1313 641 tuta
1341 604 1420 642 erit
1442 604 1557 643 vobis

114 675 253 722 Velia3
294 675 469 713 deferam
508 688 587 712 non
627 674 667 711 in
707 674 870 724 planum
902 674 1018 713 modo
1051 674 1166 721 aedes,
1208 674 1277 712 sed
1308 676 1405 714 colli
1436 677 1556 715 etiam

113 748 339 795 subiiciam.
372 751 417 784 ut
447 759 515 784 vos
547 759 668 796 supra
699 749 925 797 suspectum
958 759 1020 784 me
1037 746 1162 784 civem
1174 746 1389 795 -habitetis;
1422 749 1462 786 in
1476 749 1555 787 Ve-

114 821 171 858 lia
199 819 408 867 aedificent,
433 819 580 869 quibus
604 819 747 857 melius
764 832 883 869 quam
901 818 946 856 P.
965 817 1133 857 Valerio
1151 819 1330 858 creditur
1346 820 1552 860 libertas.“

112 893 261 931 Delata
301 891 510 930 confestim
554 891 722 929 materia
762 891 890 929 omnis
928 891 1035 928 infra
1066 890 1226 929 Veliam
1258 897 1309 932 et.
1349 892 1421 930 ubi
1452 906 1557 931 nunc
1579 895 1628 932 12

113 964 224 1003 Vicae
251 964 365 1003 Potae
399 964 504 1002 (edes
537 967 608 1012 est,
641 963 782 1001 domus
815 963 857 1000 in
889 962 1025 1000 infimo
1059 964 1162 1001 clivo
1187 964 1396 1003 aedificata.
1443 965 1555 1003 Latae
1667 964 1695 1012 8

114 1037 258 1076 deinde
283 1037 403 1085 leges,
434 1050 513 1074 non
542 1036 668 1073 solum
696 1048 785 1085 quae
812 1035 925 1084 regni
950 1036 1177 1086 suspicione
1201 1037 1401 1075 consulem
1427 1037 1555 1076 absol-

114 1113 265 1160 verent,
299 1110 368 1147 sed
401 1121 488 1158 quae
521 1108 619 1146 adeo
651 1107 695 1145 in
725 1108 969 1146 contrarium
999 1111 1215 1157 verterent,
1246 1113 1292 1147 ut
1322 1109 1557 1160 popularem

114 1182 235 1220 etiam
266 1182 466 1227 facerent3
498 1180 592 1218 inde
625 1193 844 1229 cognomen
876 1181 1026 1218 factum
1057 1181 1282 1226 Publicolae
1315 1186 1385 1220 est.
1445 1183 1597 1220 Ante2

114 1267 250 1292 omnes
282 1254 330 1291 de
361 1253 646 1304 provocatione
677 1253 868 1290 adversus
899 1253 1157 1301 magistratus
1188 1254 1238 1292 ad
1269 1255 1464 1304 populum
1496 1267 1556 1291 sa-

114 1326 343 1377 crandoque
383 1339 471 1363 cum
510 1325 625 1362 bonis
657 1325 789 1374 capite
821 1325 919 1373 eius,
960 1325 1030 1374 qui
1063 1326 1177 1375 regni
1209 1325 1434 1376 occupandi
1464 1340 1557 1365 con-

114 1398 203 1436 silia
235 1398 388 1444 inisset,
429 1401 553 1447 gratae
584 1397 625 1434 in
656 1397 800 1446 vulgus
833 1397 941 1446 leges
973 1397 1094 1435 fuere.
1154 1398 1265 1446 Quas
1297 1411 1419 1448 quum
1450 1398 1600 1438 solusss

116 1470 358 1520 pertulisset,
398 1473 443 1507 ut
481 1482 552 1507 sua
582 1468 699 1506 unius
731 1469 771 1506 in
804 1468 854 1506 iis
885 1469 1017 1518 gratia
1047 1473 1163 1519 esset,
1200 1474 1285 1508 tum
1318 1470 1462 1508 deinde
1494 1483 1556 1508 co-

118 1542 229 1579 mitia
277 1542 440 1591 collegae
488 1540 743 1589 subrogando
789 1541 941 1578 habuit.
1012 1540 1180 1580 Creatus
1228 1541 1297 1592 Sp.
1345 1542 1558 1580 Lucretius
1577 1542 1603 1579 4

118 1614 266 1660 consul,
313 1615 381 1664 qui
420 1626 563 1662 magno
604 1616 716 1662 natu,
762 1625 842 1650 non
882 1611 1172 1651 sufficientibus
1211 1614 1291 1651 iam
1321 1614 1476 1652 viribus
1506 1614 1558 1653 ad

117 1686 343 1725 consularia
373 1699 535 1724 munera
566 1685 762 1732 obeunda,
793 1684 900 1722 intra
930 1698 1079 1735 paucos
1110 1685 1198 1725 dies
1222 1686 1403 1725 moritur.
1464 1684 1555 1724 Suf-

117 1760 241 1797 fectus
274 1759 313 1796 in
344 1758 524 1797 Lucretii
556 1759 687 1796 locum
718 1757 776 1796 M.
794 1757 992 1796 Horatius
1022 1758 1235 1797 Pulvillus.
1280 1757 1407 1809 Apud
1440 1772 1556 1809 quos·
1576 1758 1599 1796 5

119 1830 208 1869 dam
240 1834 393 1868 veteres
424 1833 607 1869 auctores
637 1843 716 1867 non
740 1830 899 1868 invenio
917 1829 1153 1868 Lucretium
1177 1831 1397 1878 consulem3
1428 1831 1557 1869 Bruto

118 1903 249 1940 statim
282 1902 500 1941 Horatium
525 1905 764 1951 suggerunt;
795 1901 926 1948 credo,
961 1903 1056 1953 quia
1081 1904 1193 1942 nulla
1216 1907 1328 1953 gesta
1349 1917 1412 1941 res
1435 1903 1556 1953 insig-

119 1987 206 2012 nem
238 1975 380 2012 fecerit
411 1975 673 2023 consulatum,
705 1974 938 2012 memoriam
971 1975 1236 2014 intercidisse.

233 2046 420 2084 Nondum
452 2046 638 2085 dedicata
669 2050 754 2085 erat
786 2047 827 2085 in
854 2046 1055 2097 Capitolio
1072 2047 1183 2087 Iovis
1214 2049 1338 2095 aedes3
1369 2046 1559 2085 Valerius
1578 2048 1600 2085 6

116 2117 392 2168 Horatiusque
410 2119 590 2157 consules
608 2119 751 2167 sortiti,
778 2123 867 2157 uter
885 2119 1103 2159 dedicaret.
1151 2119 1325 2158 Horatio
1342 2123 1450 2159 sorte
1468 2132 1553 2158 eve-

118 2191 198 2237 nit3
225 2190 436 2228 Publicola
460 2190 510 2228 ad
535 2190 763 2229 Veientium
789 2191 941 2229 bellum
968 2192 1184 2242 profectus.
1233 2192 1411 2242 AEgrius,
1439 2205 1558 2242 quam
1578 2191 1600 2228 7

118 2263 281 2312 dignum
307 2266 404 2310 erat,
431 2263 559 2300 tulere
577 2262 733 2301 Valerii
757 2263 989 2314 necessarii,
1015 2264 1312 2303 dedicationem
1328 2268 1409 2303 tam
1426 2264 1558 2302 incliti

116 2335 256 2386 templi
297 2335 468 2373 Horatio
517 2335 618 2374 dari.
679 2335 729 2373 Id
776 2335 960 2374 omnibus
1005 2337 1134 2375 modis
1175 2337 1371 2388 impedire
1411 2336 1555 2385 conati,

117 2411 326 2457 postquam
359 2407 439 2444 alia
469 2407 617 2444 frustra
647 2410 802 2446 tentata
832 2412 956 2454 erant,
989 2412 1144 2458 postem
1176 2409 1253 2446 iam
1284 2408 1439 2446 tenenti
1466 2420 1556 2445 con-

117 2479 196 2516 suli
228 2479 374 2517 foedum
407 2479 512 2516 iuter
542 2480 809 2529 precationem
843 2480 959 2518 deum
990 2481 1173 2518 nuntium
1207 2480 1422 2526 incutiunt,
1452 2491 1555 2516 mor-

117 2553 228 2588 tuum
260 2552 345 2589 eius
375 2550 502 2588 filium
535 2564 631 2598 esse,
670 2552 906 2603 funestaque
937 2553 1091 2591 familia
1122 2553 1309 2590 dedicare
1341 2565 1428 2589 eum
1460 2555 1555 2587 tem-

119 2621 226 2671 plum
265 2636 344 2661 non
386 2636 514 2674 posse.
576 2623 664 2662 Non
705 2624 925 2662 crediderit
955 2626 1115 2671 factum,
1156 2637 1205 2661 an
1235 2626 1390 2660 tantum
1422 2623 1597 2660 animoS

119 2693 272 2731 roboris
313 2695 445 2743 fuerit,
482 2709 554 2733 nec
591 2696 769 2734 traditur
801 2700 952 2735 certum
984 2709 1057 2733 nec
1089 2695 1373 2745 interpretatio
1407 2697 1466 2732 est
1496 2695 1555 2733 fa-
