1821 2928
0 271 67 377 a(

551 174 642 200 Liber
658 174 728 200 vn.
764 174 811 203 (A.
831 174 882 200 ch.
903 175 1059 205 353—352.)
1440 166 1492 203 69

111 292 252 329 tollere
291 290 425 340 potius
461 293 590 328 totum
621 303 641 327 e
671 303 714 327 re
754 290 916 340 publica
957 288 1198 348 consulffitum
1240 303 1358 340 quam
1399 291 1546 340 promi-

113 373 247 398 scuum
277 359 461 409 patribus
492 373 537 396 ac
575 358 685 408 plebi
715 359 856 396 facere.
916 358 1179 396 Prolatandis
1216 359 1340 408 igitur
1371 359 1544 396 comitiis
1563 360 1585 395 2

112 441 231 478 quum
264 427 437 465 dictator
467 427 704 475 magistratu
735 427 895 474 abisset,
935 441 997 465 res
1029 427 1080 465 ad
1112 427 1385 477 interregnum
1416 427 1550 465 rediit.

111 495 304 534 Infestam
336 495 428 533 inde
468 495 653 545 patribus
694 495 851 545 plebem
883 496 1102 544 interreges
1133 509 1253 545 quum
1295 496 1550 546 accepissent,

111 565 162 603 ad
206 563 461 601 undecimum
494 564 732 613 interregem
765 564 1031 601 seditionibus
1066 567 1262 602 certatum
1293 569 1361 602 est.
1428 564 1589 614 Legis3

113 633 285 671 Liciniae
316 632 586 682 patrocinium
616 633 772 669 tribuni
820 633 1040 679 iactabant;
1082 633 1248 682 propior
1288 634 1403 670 dolor
1442 633 1585 683 plebiz

114 701 263 739 fenoris
295 701 609 750 ingravescentis
643 705 739 747 erat,
779 714 959 750 curaeque
991 701 1159 750 privatae
1193 702 1233 738 in
1265 701 1551 739 certaminibus

115 769 288 819 publicis
327 770 598 818 erumpebant.
673 770 853 817 Quorum
892 770 1013 807 taedio
1054 773 1188 820 patres
1228 770 1273 807 L.
1315 768 1591 806 Cornelium4

115 836 343 887 Scipionem
375 837 614 886 interregem
646 838 869 875 concordiae
902 852 1020 876 causa
1051 839 1262 876 observare
1293 839 1422 887 legem
1445 836 1550 874 Lici·
1569 825 1753 885 ἓζιιόζζζὲξζ

117 907 224 944 niam
270 906 442 944 comitiis
489 906 765 943 consularibus
811 907 970 945 iussere.
1031 908 1077 945 P.
1119 907 1284 945 Valerio
1327 906 1549 943 Publicolae

118 976 234 1012 datus
265 989 284 1012 e
316 975 432 1025 plebe
473 975 626 1023 collega
666 975 707 1012 C.
738 975 915 1013 Marcius
945 976 1121 1013 Rutilus.
1179 975 1391 1013 Inclinatis
1428 975 1549 1012 semel
1568 974 1590 1011 5

123 1045 161 1081 in
194 1044 449 1082 concordiam
488 1043 650 1090 animis,
682 1044 775 1081 novi
814 1044 995 1081 consules
1034 1044 1234 1081 fenebrem
1267 1057 1424 1094 quoque
1455 1057 1550 1089 rem,

118 1126 205 1162 quae
224 1113 415 1150 distinere
431 1125 510 1149 una
534 1112 687 1149 animos
704 1111 928 1160 videbatur,
958 1113 1090 1150 levare
1115 1113 1293 1161 aggressi
1311 1112 1549 1149 solutionem

117 1181 238 1219 alieni
269 1181 359 1218 aeris
390 1181 431 1217 in
462 1180 665 1230 publicam
690 1193 823 1217 curam
846 1184 1062 1227 verterunt,
1094 1181 1370 1231 quinqueviris
1394 1180 1549 1227 creatis,

117 1263 214 1299 quos
245 1249 463 1287 mensarios
495 1249 544 1287 ab
570 1249 869 1299 dispensatione
900 1250 1078 1298 pecuniae
1095 1250 1362 1299 appellarunt.
1406 1248 1544 1285 Meriti
1564 1249 1586 1286 6

60 1345 64 1347 -
116 1319 305 1369 aequitate
337 1332 509 1368 curaque
541 1321 643 1364 sunt,
680 1321 725 1354 ut
754 1331 825 1367 per
856 1318 1030 1355 omnium
1061 1318 1264 1355 annalium
1296 1321 1549 1355 monumenta

119 1386 295 1424 celebres
326 1386 554 1423 nominibus
585 1388 731 1432 essent3
762 1386 871 1423 fuere
903 1389 1034 1423 autem
1051 1386 1093 1424 C.
1110 1387 1302 1433 Duillius,
1334 1386 1380 1423 P.
1398 1386 1548 1423 Decius

117 1455 219 1502 Mus,
249 1456 304 1492 M.
336 1455 541 1505 Papirius,
572 1455 619 1502 Q.
650 1454 867 1501 Publilius,
905 1454 950 1492 Τ.
981 1455 1183 1492 AEmilius.
1244 1455 1326 1502 Qui
1356 1469 1440 1492 rem
1471 1454 1546 1491 dif—
1568 1456 1588 1490 7

116 1524 335 1561 ficillimam
366 1527 539 1561 tractatu
571 1528 609 1560 et
646 1524 881 1573 plerumque
911 1524 1019 1573 parti
1048 1523 1220 1573 utrique,
1261 1537 1414 1574 semper
1446 1526 1550 1560 certe

117 1592 234 1629 alteri
266 1605 427 1641 gravem
458 1606 578 1642 quum
609 1592 691 1629 alia
723 1592 1008 1639 moderatione,
1048 1595 1132 1629 tum
1174 1591 1380 1642 impendio
1419 1591 1548 1641 magis

115 1661 278 1711 publico
310 1674 428 1710 quam
467 1661 622 1698 iactura
653 1661 938 1698 sustinuerunt.
998 1661 1132 1699 Tarda
1173 1661 1278 1698 enim
1316 1660 1478 1697 nomina
1510 1660 1590 1697 et8

116 1728 371 1778 impeditiora
403 1729 549 1766 inertia
581 1727 807 1766 debitorum
825 1743 942 1779 quam
975 1729 1235 1768 facultatibus
1252 1733 1320 1767 aut
1352 1729 1548 1776 aerarium,

114 1798 259 1835 mensis
290 1811 377 1835 cum
408 1811 484 1834 aere
526 1797 568 1834 in
608 1797 695 1834 foro
735 1797 889 1847 positis,
930 1798 1126 1846 dissolvit,
1164 1802 1208 1834 ut
1248 1797 1397 1847 populo
1437 1797 1548 1846 prius

114 1870 332 1913 caveretur,
363 1870 431 1904 aut
449 1866 660 1904 aestimatio
692 1867 815 1916 aequis
845 1880 977 1904 rerum
1009 1867 1150 1917 pretiis
1182 1866 1380 1913 liberavit,
1409 1869 1548 1902 utnon

114 1934 233 1971 modo
265 1934 350 1971 sine
383 1934 542 1981 iniuria,
580 1935 649 1972 sed
681 1935 799 1972 etiam
831 1935 915 1972 sine
947 1935 1207 1984 querimoniis
1244 1935 1372 1984 partis
1402 1934 1548 1971 utrius-

116 2015 192 2052 que
223 2002 415 2040 exhausta
445 2003 506 2040 vis
537 2003 677 2052 ingens
709 2003 799 2040 aeris
831 2003 953 2040 alieni
985 2004 1049 2041 sit.

227 2070 375 2108 Terror
407 2071 500 2108 inde
529 2084 655 2108 vanus
686 2071 784 2108 belli
816 2071 989 2118 Etrusci,
1021 2085 1141 2121 quum
1180 2071 1408 2109 coniurasse
1447 2071 1542 2108 duo·
1562 2072 1584 2105 9

113 2139 242 2177 decim
273 2140 443 2190 populos
473 2140 578 2177 sama
611 2142 723 2185 esset,
755 2139 988 2177 dictatorem
1023 2139 1102 2177 dici
1128 2141 1269 2190 coegit.
1329 2140 1475 2178 Dictus
1507 2139 1547 2176 in

112 2209 254 2246 castris
296 2210 357 2257 (eo
391 2209 497 2246 enim
528 2207 578 2245 ad
610 2207 791 2245 consules
832 2207 994 2244 missum
1026 2212 1186 2248 senatus
1217 2209 1440 2246 consultum
1471 2210 1544 2256 est)

112 2276 154 2314 C.
185 2277 327 2323 Iulius,
360 2278 422 2315 cui
456 2277 645 2325 magister
675 2276 852 2325 equitum
884 2276 1064 2314 adiectus
1102 2277 1147 2314 L.
1178 2277 1380 2314 AEmilius.
1435 2276 1546 2314 Cete-

111 2358 197 2382 rum
228 2345 326 2382 foris
355 2345 578 2395 tranquilla
601 2344 734 2382 omnia
764 2345 891 2391 fuere3
921 2349 1119 2383 tentatum
1136 2345 1245 2383 (lomi
1278 2359 1346 2396 per
1371 2345 1538 2382 dictato-
1614 2340 1672 2386 '22

111 2426 204 2461 rem,
234 2418 279 2451 ut
301 2415 417 2452 ambo
442 2413 602 2464 patricii
628 2413 807 2450 consules
831 2417 1072 2461 crearentur,
1101 2428 1184 2451 rem
1201 2413 1251 2451 ad
1275 2414 1545 2462 interregnum

112 2483 309 2530 perduxit.
354 2482 448 2520 Duo
482 2483 712 2530 interreges,
744 2482 786 2518 (¹.
803 2480 1007 2532 Sulpicius
1039 2486 1078 2519 et
1100 2482 1154 2519 M.
1172 2482 1334 2528 Fabius,
1366 2481 1582 2536 interpo·2

113 2549 180 2587 siti
211 2551 433 2598 obtinuere,
479 2551 586 2601 quod
618 2551 792 2588 dictator
823 2550 970 2588 frustra
998 2551 1235 2597 tetenderat,
1275 2549 1432 2587 mitiore
1464 2549 1543 2586 iam
1581 2539 1583 2542 .

114 2617 227 2667 plebe
258 2618 308 2656 ob
341 2633 478 2657 recens
509 2619 693 2656 meritum
726 2618 848 2656 levati
879 2619 968 2656 aeris
1000 2619 1134 2665 alieni,
1164 2622 1208 2655 ut
1232 2617 1348 2656 ambo
1379 2617 1544 2667 patricii
