1821 2928
549 208 640 234 Liber
657 208 712 234 1x.
754 207 802 237 (Α.
821 208 875 235 oh.
894 208 1050 238 εει-520.)
1394 197 1473 234 149

96 324 142 372 Q.
173 323 347 363 Fabium
378 323 622 362 Ambustum
655 323 853 369 dixerunt,
886 327 927 360 et
955 321 1002 360 P.
1032 321 1189 359 AElium
1219 321 1377 359 Paetum
1408 320 1531 370 magi-
1553 321 1602 358 13

97 398 223 431 strum
269 392 469 442 equitumf,
515 392 662 441 quibus
708 391 811 429 vitio
858 390 1002 428 creatis
1047 389 1202 426 suffecti
1247 389 1303 426 M.
1339 389 1530 427 AEmilius
1551 389 1603 427 14

95 461 232 512 Papus
265 460 452 506 dictator,
484 459 530 497 L.
562 459 752 497 Valerius
784 458 956 496 Flaccus
986 457 1178 506 magister
1209 457 1402 507 equitum.
1447 456 1530 495 Nec

95 543 165 580 per
208 543 274 566 eos
313 528 476 566 comitia
512 528 669 574 habita3
715 530 755 565 et
794 527 888 577 quia
926 526 1103 563 taedebat
1132 526 1325 575 populum
1355 525 1531 562 omnium

97 598 401 647 magistratuum
433 597 519 634 eius
550 597 655 642 anni,
690 610 753 633 res
777 595 828 634 ad
851 595 1124 643 interregnum
1139 593 1273 631 rediit.
1304 593 1532 642 Interreges
1553 593 1602 630 15

96 666 143 714 Q.
176 665 329 704 Fabius
360 665 572 711 Maximus,
604 664 659 702 M.
684 664 875 702 Valerius
900 662 1065 701 Corvus.
1110 661 1153 699 Is
1177 662 1358 699 consules
1381 662 1533 700 creavit

96 734 143 781 Q.
183 733 408 771 Publilium
445 733 662 770 Philonem
701 737 741 770 et
777 731 824 769 L.
861 731 1072 781 Papirium
1111 729 1324 768 Cursorem
1370 730 1528 776 iterum,
1547 739 1583 764 A.
1599 745 1663 765 mc.
1678 740 1736 766 434.

96 802 203 840 haud
234 801 357 839 dubio
381 814 577 838 consensu
600 800 790 847 civitatis,
818 800 926 850 quod
949 798 1052 836 nulli
1075 812 1121 836 ea
1145 802 1382 848 tempestate
1409 797 1528 836 duces
1547 774 1584 799 A'
1603 773 1656 800 Ch'
1679 774 1739 800 ³²⁰⁰

97 870 286 908 clariores
317 873 456 907 essent.

211 937 299 985 Quo
341 938 465 975 creati
501 941 594 975 sunt
632 936 708 983 die,
749 949 794 973 eo
834 936 907 984 (sic
947 935 1051 974 enim
1089 935 1298 985 placuerat
1327 934 1528 984 patribus)
1622 929 1652 976 8

99 1006 379 1055 magistratum
419 1006 608 1052 inierunt,
650 1004 991 1053 sollemnibusque
1032 1007 1192 1041 senatus
1223 1002 1415 1040 consultis
1445 1016 1532 1052 per-

97 1074 222 1121 fectis,
254 1074 302 1111 de
333 1087 431 1123 pace
449 1073 631 1111 Caudina
661 1073 924 1119 rettulerunt;
957 1076 996 1109 et
1012 1072 1230 1119 Publilius,
1260 1085 1382 1122 penes
1413 1084 1530 1120 quem
1548 1071 1570 1106 2

97 1143 225 1180 fasces
257 1146 382 1189 erant,
416 1141 533 1188 „Dic,
565 1139 632 1191 Sp.
663 1141 873 1178 Postumi“
909 1140 1055 1190 inquit.
1129 1139 1210 1188 Qui
1248 1140 1319 1177 ubi
1350 1139 1532 1184 surrexit,

98 1210 233 1248 eodem
268 1210 340 1247 illo
370 1210 499 1257 vultu,
530 1223 608 1259 quo
647 1210 719 1247 sub
752 1209 890 1258 iugum
921 1208 1062 1246 missus
1093 1211 1190 1254 erat,
1267 1207 1415 1253 „Haud
1446 1220 1531 1244 sum
1550 1207 1573 1244 3

97 1279 288 1328 ignarus“
323 1278 466 1328 inquit,
501 1278 720 1325 „consules,
751 1276 994 1326 ignominiae,
1018 1290 1100 1314 non
1129 1275 1293 1314 honoris
1325 1287 1443 1312 causa
1471 1288 1532 1311 me

97 1347 271 1398 primum
303 1347 521 1384 excitatum
552 1346 783 1395 iussumque
801 1345 946 1391 dicere,
977 1357 1057 1381 non
1081 1347 1275 1393 tanquam
1299 1346 1532 1388 senatorem,

98 1415 166 1453 sed
197 1419 390 1465 tanquam
419 1428 531 1451 reum
562 1428 641 1464 qua
671 1413 844 1450 infelicis
869 1412 981 1459 belli,
1013 1426 1092 1462 qua
1114 1412 1392 1461 ignominiosae
1409 1411 1531 1461 pacis.

96 1484 183 1533 Ego
220 1488 365 1529 tamen,
403 1482 565 1532 quando
607 1495 735 1532 neque
775 1482 824 1519 de
864 1494 971 1518 noxa
1010 1484 1147 1518 nostra
1176 1493 1305 1529 neque
1337 1479 1385 1517 de
1416 1479 1575 1529 poena4

96 1551 325 1597 rettulistis,
357 1550 502 1588 omissa
533 1550 775 1596 defensione,
806 1562 894 1599 quae
924 1562 1004 1585 non
1036 1547 1277 1585 difficillima
1300 1552 1402 1585 esset
1424 1547 1531 1597 apud

96 1620 204 1657 haud
229 1620 389 1668 ignaros
411 1619 663 1656 fortunarum
686 1606 948 1655 humanarum
972 1616 1361 1666 necessitatiumque,
1377 1619 1531 1653 senten-

94 1688 193 1724 tiam
225 1687 275 1724 (le
306 1700 364 1734 eo,
395 1686 444 1724 de
475 1700 554 1736 quo
584 1686 810 1732 rettulistis,
841 1685 980 1736 paucis
1003 1698 1205 1735 peragam,
1230 1698 1318 1734 quae
1336 1684 1532 1722 sententia

93 1755 208 1793 testis
239 1755 329 1802 erit,
361 1754 515 1792 mihine
545 1768 597 1792 an
626 1754 851 1803 legionibus
874 1753 1020 1792 vestris
1042 1753 1300 1804 pepercerim,
1327 1766 1449 1804 quum
1471 1766 1532 1789 me

94 1837 163 1862 seu
208 1823 320 1874 turpi
365 1837 433 1861 seu
480 1823 704 1861 necessaria
748 1822 963 1872 sponsione
1001 1822 1221 1868 obstrinxi;
1267 1835 1346 1871 qua
1384 1820 1572 1865 tamen.5

95 1892 254 1942 quando
279 1891 433 1929 iniussu
456 1892 599 1941 populi
621 1892 728 1929 facta
752 1895 821 1938 est,
845 1904 925 1928 non
950 1893 1109 1927 tenetur
1125 1890 1298 1940 populus
1313 1889 1532 1933 Romanus,

62 1988 64 1991 -
96 1973 166 1997 nec
206 1959 420 2009 quicquam
461 1973 509 1997 ex
550 1973 596 1996 ea
641 1962 907 2009 praeterquam
949 1972 1118 2008 corpora
1158 1961 1296 1995 nostra
1336 1956 1534 1994 debentur

94 2027 353 2065 Samnitibus.
399 2027 608 2065 Dedamur
634 2040 704 2077 per
727 2027 882 2063 fetiales
908 2026 1008 2063 nudi
1025 2026 1250 2076 vinctique;
1282 2025 1530 2062 exsolvamus
1549 2026 1571 2061 6

94 2095 289 2145 religione
320 2095 526 2146 populum,
559 2096 593 2132 si
625 2108 705 2144 qua
736 2095 1016 2143 obligavimus,
1048 2108 1096 2132 ne
1120 2094 1218 2144 quid
1242 2094 1372 2131 divini
1396 2093 1532 2130 huma-

94 2164 186 2202 nive
225 2163 368 2209 obstet,
410 2176 488 2212 quo
530 2163 661 2200 minus
695 2163 842 2199 iustum
882 2162 1071 2213 piumque
1103 2162 1152 2200 de
1185 2163 1344 2211 integro
1376 2161 1533 2198 ineatur

94 2231 256 2270 bellum.
315 2231 478 2269 Interea
509 2231 690 2269 consules
722 2230 941 2267 exercitum
973 2231 1160 2277 scribere,
1176 2243 1345 2276 armare,
1363 2229 1531 2266 educere
1552 2230 1573 2264 7

94 2300 239 2350 placet,
271 2313 343 2337 nec
374 2300 486 2349 prius
518 2299 676 2348 ingredi
707 2298 880 2335 hostium
912 2297 1021 2344 fines,
1054 2312 1172 2348 quam
1205 2298 1338 2335 omnia
1364 2297 1468 2334 iusta
1492 2296 1532 2333 in

93 2367 299 2405 deditione
330 2372 468 2405 nostra
498 2367 676 2417 perfecta
708 2370 836 2404 erunt.
896 2365 993 2412 Vos,
1027 2366 1069 2403 di
1099 2366 1358 2411 immortales,
1390 2364 1573 2414 precor8

94 2449 321 2485 quaesoque,
353 2435 388 2472 si
419 2436 533 2473 vobis
564 2450 644 2473 non
675 2435 752 2472 fuit
783 2434 906 2481 cordi,
937 2433 1005 2484 Sp.
1036 2433 1303 2481 Postumium,
1335 2433 1380 2470 T.
1406 2432 1531 2470 Vetu-

93 2503 199 2541 rium
230 2503 410 2541 consules
441 2516 529 2540 cum
561 2502 811 2541 Samnitibus
841 2515 1032 2552 prospere
1055 2502 1205 2539 bellum
1228 2515 1378 2550 gerere,
1402 2505 1445 2539 at
1459 2514 1530 2539 vos
1548 2502 1571 2538 9

93 2571 190 2609 satis
220 2571 403 2609 habeatis
432 2571 582 2609 vidisse
612 2584 685 2609 nos
709 2571 782 2608 sub
807 2571 944 2620 iugum
971 2571 1123 2617 missos,
1140 2571 1291 2608 vidisse
1318 2569 1532 2619 sponsione

94 2639 233 2678 infami
272 2640 486 2689 obligatos,
523 2639 660 2677 videre
699 2639 829 2676 nudos
866 2639 1101 2689 vinctosque
1138 2637 1321 2676 hostibus
1362 2637 1531 2683 deditos,
