1821 2928
525 103 640 140 Liber
662 104 732 139 lv.
782 106 843 150 (A.
871 104 936 140 Ch.
962 105 1056 149 439.)
1429 106 1505 144 211

72 249 94 272 a
125 234 316 283 magistro
348 233 527 284 equitum
555 233 605 271 ad
633 233 871 272 dictatorem
888 247 967 271 non
983 232 1168 272 venisset.
1215 231 1266 271 Se
1282 231 1332 271 ad
1349 245 1507 271 causam
1526 231 1549 267 2

72 305 388 357 cognoscendam
406 305 645 353 consedisse,
671 319 751 356 qua
768 305 929 355 cognita
944 305 1172 344 habiturum
1190 306 1314 344 fuisse
1329 304 1510 343 Maelium

71 379 240 417 similem
274 391 402 417 causae
433 378 656 426 fortunam;
695 379 774 417 vim
806 380 1025 428 parantem,
1067 391 1115 416 ne
1155 378 1303 417 iudicio
1334 392 1374 417 se
1407 391 1510 417 com-

70 451 257 498 mitteret,
294 451 335 489 vi
366 450 582 489 coercitum
614 463 710 489 esse.
770 449 854 489 Nec
887 462 975 488 cum
1006 463 1052 488 eo
1083 454 1273 501 tanquam
1305 464 1393 490 cum
1424 448 1552 491 cive3

72 522 271 574 agendum
302 523 435 571 fuisse,
469 523 539 574 qui
570 526 686 561 natus
711 523 751 561 in
768 522 898 561 libero
915 522 1065 573 populo
1085 522 1189 561 inter
1206 524 1296 562 iura
1312 525 1510 574 legesque,

73 609 120 634 ex
153 608 232 646 qua
262 596 361 634 urbe
391 609 506 646 reges
538 599 698 634 exactos
728 595 851 634 sciret
875 595 1094 645 eodemque
1122 609 1226 634 anno
1243 597 1394 634 sororis
1409 595 1513 634 filios

71 668 179 718 regis
211 671 251 706 et
273 668 423 707 liberos
450 669 635 716 consulis,
667 667 898 706 liberatoris
914 667 1072 718 patriae,
1104 672 1270 719 propter
1286 669 1513 719 pactionem

73 740 292 780 indicatam
322 741 648 792 recipiendorum
679 741 720 778 in
751 740 892 779 urbem
923 753 1062 790 regum
1094 754 1117 778 a
1141 744 1258 791 patre
1284 741 1414 780 securi
1431 755 1514 779 esse

71 826 292 864 percussos,
331 827 379 851 ex
422 827 501 864 qua
534 813 780 852 Collatinum
811 813 1078 864 Tarquinium
1110 814 1314 852 consulem
1345 812 1556 852 nominis4

73 886 166 925 odio
198 885 392 925 abdicare
423 899 465 924 se
496 887 734 936 magistratu
766 889 885 937 atque
911 885 1096 924 exsulare
1114 885 1280 933 iussum,
1312 886 1354 923 in
1371 899 1451 937 qua
1468 886 1517 924 de

73 957 140 1011 Sp.
158 958 296 998 Cassio
328 962 420 1010 post
451 959 609 1010 aliquot
640 972 763 998 annos
794 961 961 1010 propter
991 958 1160 996 consilia
1192 958 1294 997 inita
1321 958 1370 996 de
1393 971 1518 1009 regno

73 1031 316 1082 supplicium
347 1034 562 1082 sumptum,
594 1031 637 1069 in
669 1044 749 1083 qua
779 1045 908 1082 nuper
933 1031 1185 1070 decemviros
1202 1031 1330 1079 bonis,
1361 1030 1518 1078 exsilio,

73 1105 204 1155 capite
234 1103 423 1142 multatos
455 1104 505 1143 ob
537 1104 767 1155 superbiam
797 1104 962 1154 regiam,
992 1104 1033 1142 in
1066 1117 1113 1142 ea
1130 1103 1198 1154 Sp.
1216 1103 1377 1142 Maelius
1408 1116 1518 1154 spem

72 1177 186 1226 regni
204 1176 445 1227 conceperit.
477 1176 532 1215 Et
548 1177 640 1228 quis
657 1177 776 1216 homo
789 1175 808 1213 P
831 1189 1060 1227 quanquam
1078 1177 1232 1214 nullam
1248 1176 1514 1223 nobilitatem,
1534 1173 1557 1211 5

73 1249 205 1288 nullos
222 1250 403 1297 honores,
434 1250 549 1288 nulla
573 1250 717 1288 merita
740 1249 928 1299 cuiquam
945 1248 994 1286 ad
1012 1248 1325 1287 dominationem
1342 1248 1519 1299 pandere

71 1321 200 1370 viam3
233 1322 303 1360 sed
333 1325 466 1360 tamen
493 1322 700 1370 Claudios,
732 1321 893 1360 Cassios
924 1321 1211 1369 consulatibus,
1243 1321 1517 1360 decemvirati-

71 1395 158 1441 bus,
175 1394 257 1432 suis
274 1394 551 1444 maiorumque
569 1394 799 1442 honoribus,
817 1394 1032 1445 splendore
1049 1394 1294 1432 familiarum
1311 1393 1519 1432 sustulisse

74 1466 242 1514 animos,
273 1479 351 1516 quo
383 1467 495 1505 nefas
527 1467 667 1514 fuerit3
701 1465 768 1517 Sp.
799 1466 992 1514 Maelium,
1025 1465 1090 1505 cui
1121 1465 1351 1505 tribunatus
1382 1464 1557 1516 plebis6

74 1538 202 1588 magis
235 1539 434 1589 optandus
462 1552 581 1589 quam
607 1538 830 1590 sperandus
847 1538 984 1586 fuerit,
1014 1538 1325 1577 frumentarium
1342 1537 1518 1584 divitem,

74 1610 234 1649 bilibris
274 1611 395 1650 farris
434 1625 614 1662 sperasse
653 1611 882 1650 libertatem
921 1624 963 1649 se
994 1610 1142 1649 civium
1174 1624 1334 1650 suorum
1366 1610 1520 1657 emisse,

73 1682 246 1733 ciboque
277 1683 507 1723 obiiciendo
539 1688 671 1722 ratum
703 1684 898 1722 victorem
920 1683 1182 1722 finitimorum
1201 1683 1377 1722 omnium
1392 1695 1518 1733 popu·

72 1756 155 1793 lum
180 1756 222 1794 in
238 1756 470 1795 servitutem
489 1757 626 1808 pellici
652 1771 779 1808 posse,
805 1760 861 1804 ut,
884 1770 1003 1808 quem
1026 1759 1251 1795 senatorem
1269 1767 1515 1805 concoquere
1535 1754 1556 1789 7

72 1827 213 1866 civitas
243 1828 311 1867 vix
341 1833 488 1880 posset,
535 1843 670 1880 regem
701 1830 835 1878 ferret,
879 1829 1046 1868 Romuli
1085 1828 1316 1874 conditoris,
1363 1827 1412 1865 ab
1454 1825 1515 1864 dis

72 1900 162 1948 orti,
191 1901 345 1951 recepti
377 1902 428 1939 ad
453 1901 558 1950 deos,
591 1902 767 1952 insignia
783 1905 903 1952 atque
920 1900 1133 1952 imperium
1152 1900 1377 1938 habentem.
1423 1897 1515 1937 Non

71 1985 145 2023 pro
177 1973 327 2012 scelere
359 1973 401 2011 id
434 1975 559 2025 magis
591 1988 710 2025 quam
739 1988 812 2026 pro
846 1976 1022 2012 monstro
1046 1972 1289 2019 habendum,
1319 1984 1392 2010 nec
1414 1970 1555 2010 satis8

74 2059 158 2084 esse
189 2047 383 2097 sanguine
414 2047 499 2085 eius
532 2047 746 2097 expiatum,
776 2047 855 2085 nisi
879 2049 986 2085 tecta
1001 2045 1270 2096 parietesque,
1302 2045 1410 2083 intra
1427 2057 1514 2095 quae

72 2118 227 2153 tantum
259 2118 445 2156 amentiae
477 2123 714 2170 conceptum
746 2123 860 2166 esset,
893 2119 1186 2169 dissiparentur
1217 2118 1402 2168 bonaque
1425 2130 1515 2155 con·

73 2191 181 2226 tacta
228 2189 369 2239 pretiis
416 2192 530 2241 regni
570 2191 774 2230 mercandi
814 2191 1129 2242 publicarentur.
1197 2190 1341 2228 Iubere
1379 2189 1515 2240 itaque

75 2265 293 2310 quaestores
309 2263 481 2302 vendere
498 2277 545 2302 ea
561 2264 666 2302 bona
683 2268 803 2315 atque
820 2264 862 2301 in
879 2264 1086 2314 publicum
1104 2262 1298 2312 redigere.
1338 2261 1512 2300 Domum

76 2331 232 2381 deinde,
262 2339 308 2373 ut
338 2340 595 2374 monumento
627 2350 720 2375 area
751 2339 854 2375 esset
885 2348 1085 2387 oppressae
1102 2335 1266 2374 nefariae
1283 2334 1379 2385 spei,
1409 2332 1514 2371 dirui

77 2407 274 2457 extemplo
306 2408 438 2447 iussit.
499 2408 548 2446 Id
580 2409 887 2460 AEquimaelium
918 2408 1163 2460 appellatum
1195 2410 1266 2446 est.
1315 2406 1361 2444 L.
1378 2405 1511 2442 Minu·
1531 2405 1554 2440 2

76 2476 160 2516 cius
205 2478 307 2518 bove
353 2484 493 2519 aurato
541 2485 579 2520 et
623 2485 766 2521 statua
804 2485 916 2520 extra
953 2484 1111 2532 portam
1143 2478 1418 2530 Trigeminam
1457 2479 1517 2514 est

77 2547 257 2598 donatus,
287 2565 336 2590 ne
367 2553 484 2604 plebe
516 2553 678 2604 quidem
711 2553 850 2602 invita,
880 2553 978 2604 quia
1007 2554 1250 2591 frumentum
1280 2549 1514 2587 Maelianum

77 2621 233 2662 assibus
265 2625 305 2662 in
336 2625 493 2664 modios
525 2626 763 2665 aestimatum
794 2626 903 2677 plebi
934 2625 1085 2663 divisit.
1137 2623 1258 2661 Hunc
1288 2620 1512 2659 Minucium
1531 2621 1555 2658 3

78 2694 183 2745 apud
215 2697 407 2747 quosdam
439 2702 622 2738 auctores
651 2698 842 2737 transisse
874 2711 896 2736 a
921 2696 1104 2748 patribus
1122 2695 1172 2732 ad
1189 2694 1359 2745 plebem,
1390 2692 1513 2731 unde-

1243 2764 1308 2797 14*

1597 2256 1643 2304 16
