1821 2928
478 88 593 124 Liber
618 88 686 124 lv.
736 90 797 133 (A.
825 89 888 123 ch.
914 88 1123 129 420—418.)
1437 93 1516 130 239

78 217 304 267 AEquorum
350 217 426 256 iam
473 216 583 254 velut
625 216 911 254 anniversariis
943 216 1064 254 armis
1096 220 1325 254 assueverat
1355 217 1513 255 civitas:
1534 217 1558 253 4

78 289 250 327 Lavicos
288 289 412 339 legati
452 288 563 326 missi
605 301 726 338 quum
757 301 948 338 responsa
979 288 1070 326 inde
1102 288 1353 326 rettulissent
1385 288 1517 334 dubia,

77 360 226 411 quibus
256 373 328 398 nec
360 364 443 398 tum
473 359 623 398 bellum
655 359 792 410 parari
824 372 895 397 nec
928 359 1156 398 diuturnam
1188 373 1327 410 pacem
1351 361 1434 399 fore
1451 374 1519 411 ap-

78 435 250 484 pareret,
281 431 522 470 Tusculanis
554 432 759 481 negotium
790 431 938 479 datum,
980 431 1236 470 adverterent
1267 433 1431 479 animos,
1470 446 1517 470 ne

81 505 178 555 quid
209 504 529 543 novi'tumultus
560 502 722 541 Lavicis
755 507 946 541 oreretur.
1354 556 1357 559 Ι

193 577 263 616 Ad
294 576 542 626 insequentis
574 575 668 614 anni
694 575 879 613 tribunos
906 576 1076 613 militum
1094 576 1293 614 consulari
1310 578 1519 626 potestate,
1538 577 1561 614 5

80 650 182 688 inito
228 649 478 698 magistratu,
523 648 648 697 legati
693 647 742 685 ab
782 647 958 685 Tusculo
1004 652 1208 695 venerunt,
1255 647 1300 685 L.
1335 646 1519 698 Sergium
1539 644 1726 715 2³25}ssss-

80 721 328 768 Fidenatem,
373 720 428 758 M.
471 720 681 771 Papirium
722 719 1002 768 Mugillanum,
1049 719 1091 758 C.
1124 719 1343 759 Servilium
1390 720 1519 758 Prisci
1570 708 1576 715 '
1642 709 1647 715 ⁴
1722 709 1728 714 ⁴

79 794 217 841 filium,
248 806 326 844 quo
355 792 549 831 dictatore
567 792 735 830 Fidenae
752 796 878 842 captae
895 792 1065 830 fuerant.
1111 791 1365 831 Nuntiabant
1382 793 1518 842 legati,
1538 793 1560 830 6

80 865 302 905 Lavicanos
341 878 451 903 arma
489 865 641 915 cepisse
679 867 718 902 et
756 877 844 902 cum
877 864 1103 914 AEquorum
1136 865 1316 903 exercitu
1347 864 1521 915 depopu-

79 938 183 976 latos
228 950 369 988 agrum
400 936 670 975 Tusculanum
718 939 846 975 castra
892 937 933 974 in
966 937 1120 986 Algido
1162 937 1358 987 posuisse.
1419 937 1561 975 TumT

81 1010 296 1048 Lavicanis
327 1009 477 1048 bellum
509 1008 724 1056 indictum;
756 1009 940 1059 factoque
972 1012 1132 1047 senatus
1156 1010 1351 1056 consulto,
1382 1012 1426 1046 ut
1445 1008 1522 1046 duo

81 1096 130 1121 ex
160 1082 335 1120 tribunis
367 1081 418 1119 ad
442 1081 591 1119 bellum
609 1080 970 1131 proficiscerentur,
1001 1095 1103 1120 unus
1119 1095 1181 1120 res
1198 1081 1336 1120 Romae
1354 1085 1523 1126 curaret,

83 1157 283 1193 certamen
313 1154 446 1192 subito
464 1154 568 1192 inter
584 1154 770 1192 tribunos
787 1156 989 1201 exortum,
1023 1167 1063 1192 se
1081 1154 1252 1204 quisque
1269 1154 1366 1192 belli
1383 1154 1523 1191 ducem

83 1227 278 1277 potiorem
308 1227 425 1273 ferre,
456 1239 591 1264 curam
622 1226 735 1264 urbis
766 1229 811 1264 ut
843 1226 1042 1276 ingratam
1076 1226 1375 1276 ignobilemque
1393 1239 1523 1276 asper-

82 1300 181 1338 nari.
228 1299 362 1348 Quum
384 1311 524 1349 parum
550 1298 738 1336 decorum
764 1299 869 1336 inter
885 1298 1058 1347 collegas
1076 1302 1273 1336 certamen
1292 1297 1524 1336 mirabundi
1542 1299 1567 1336 8

83 1375 218 1422 patres
250 1371 536 1422 conspicerent,
576 1363 632 1417 Q?
656 1368 854 1408 Servilius
891 1370 1085 1418 „Quando
1119 1384 1189 1408 nec
1221 1370 1373 1408 ordinis
1404 1370 1523 1408 huius

82 1444 190 1482 ulla‘⁴
226 1443 359 1492 inquit-
393 1456 490 1490 „nec
521 1443 580 1480 rei
613 1443 786 1492 publicae
819 1446 878 1480 est
903 1442 1156 1489 verecundia,
1188 1443 1321 1493 patria
1338 1443 1523 1480 maiestas

83 1515 387 1554 altercationem
418 1515 535 1552 istam
567 1514 740 1553 dirimet.
800 1515 933 1553 Filius
965 1528 1073 1553 meus
1105 1517 1221 1552 extra
1251 1517 1399 1553 sortem
1430 1514 1523 1552 urbi

84 1588 257 1638 praeerit.
311 1587 472 1625 Bellum
502 1587 667 1633 utinam,
701 1588 770 1637 qui
802 1590 1008 1638 appetunt,
1039 1587 1330 1625 consideratius
1362 1600 1523 1625 concor-

82 1660 261 1710 diusque,
291 1672 410 1710 quam
442 1659 621 1710 cupiunt,
653 1663 829 1709 gerant.“
879 1659 1086 1698 Dilectum
1111 1659 1250 1698 haberi
1274 1672 1353 1697 non
1371 1673 1419 1696 ex
1435 1663 1520 1697 toto
1595 1657 1652 1705 46

81 1732 228 1782 passim
258 1732 410 1782 populo
441 1732 612 1782 placuit3
645 1733 781 1770 decem
812 1732 941 1770 tribus
972 1735 1078 1769 sorte
1111 1732 1240 1770 ductae
1257 1735 1366 1778 sunt3
1400 1746 1449 1769 ex
1474 1731 1524 1769 iis

81 1805 253 1855 scriptos
285 1804 462 1842 iuniores
494 1803 572 1842 duo
605 1804 762 1842 tribuni
793 1804 844 1842 ad
876 1804 1027 1842 bellum
1055 1804 1212 1842 duxere.
1261 1803 1401 1854 Coepta
1419 1804 1522 1841 inter
1542 1806 1563 1842 2

82 1889 148 1915 eos
180 1876 221 1914 in
251 1876 350 1914 urbe
381 1876 599 1914 certamina
631 1875 855 1926 cupiditate
886 1876 1023 1914 eadem
1048 1877 1205 1927 imperii
1230 1877 1355 1914 multo
1373 1877 1522 1926 impen-

81 1949 163 1986 sius
196 1949 236 1987 in
267 1949 408 1987 castris
440 1947 624 1994 accendi;
657 1948 762 1986 nihil
793 1948 943 1986 sentire
975 1948 1094 1996 idem,
1123 1962 1196 1999 pro
1214 1949 1409 1987 sententia
1426 1961 1523 1999 pug-

82 2034 194 2068 nare;
229 2034 300 2059 sua
325 2020 492 2058 consilia
508 2020 622 2067 velle,
656 2033 728 2058 sua¹
744 2020 913 2070 imperia
931 2021 1016 2059 sola
1032 2023 1121 2058 rata
1137 2034 1239 2067 esse;
1272 2024 1523 2059 contemnere

82 2093 124 2131 in
153 2093 279 2131 vicem
313 2096 355 2130 et
384 2093 596 2138 contemni,
628 2092 755 2130 donec
787 2092 1078 2142 castigantibus
1110 2093 1254 2143 legatis
1279 2094 1442 2132 tandem
1467 2094 1524 2131 ita
1542 2094 1565 2131 3

83 2169 355 2216 comparatum
387 2169 458 2211 est,
488 2168 532 2202 ut
565 2165 731 2203 alternis
763 2164 906 2203 diebus
935 2177 1127 2204 summam
1143 2165 1303 2216 imperii
1318 2165 1524 2204 haberent.

82 2238 182 2286 Quae
214 2251 335 2288 quum
367 2237 489 2275 allata
519 2235 689 2274 Romam
720 2240 863 2283 essent,
903 2236 1051 2275 dicitur
1082 2237 1130 2286 Q.
1162 2236 1373 2285 Servilius,
1404 2242 1520 2276 aetate
1539 2240 1562 2275 4

83 2312 122 2348 et
165 2322 240 2347 usu
282 2309 435 2356 doctus,
479 2313 662 2359 precatus
694 2310 744 2347 ab
787 2309 850 2347 dis
889 2309 1197 2358 immortalibus,
1242 2324 1290 2349 ne
1323 2310 1523 2348 discordia

82 2381 337 2420 tribunorum
362 2381 593 2419 damnosior
617 2381 677 2419 rei
694 2381 866 2432 publicae
883 2385 998 2429 esset,
1026 2395 1143 2432 quam
1161 2382 1213 2420 ad
1230 2381 1354 2421 Veios
1373 2383 1524 2426 fuisset.

85 2457 125 2491 et
153 2453 266 2492 velut
296 2453 403 2492 haud
430 2453 551 2491 dubia
569 2453 684 2491 clade
700 2453 944 2502 imminente,
976 2454 1172 2493 institisse
1190 2454 1287 2501 filio,
1319 2458 1363 2492 ut
1380 2454 1523 2491 milites

83 2525 276 2564 scriberet
306 2530 345 2564 et
375 2538 484 2564 arma
514 2528 688 2576 pararet.
735 2525 818 2565 Nec
848 2526 972 2565 falsus
1002 2530 1113 2565 vates
1144 2527 1231 2564 fuit.
1260 2510 1380 2564 'Nam
1398 2525 1522 2564 ductu
1540 2525 1563 2563 5

47 2630 53 2636 .
85 2596 131 2635 L.
162 2596 304 2648 Sergii,
349 2598 459 2636 cuius
491 2598 579 2636 dies
612 2597 774 2648 imperii
805 2602 903 2646 erat,
942 2599 1029 2637 loco
1072 2599 1211 2648 iniquo
1243 2598 1316 2635 sub
1349 2597 1521 2636 hostium

86 2670 237 2717 castris,
266 2683 400 2720 quum,
431 2670 525 2720 quia
542 2669 730 2708 simulato
747 2672 854 2708 metu
871 2674 1077 2720 receperat
1094 2683 1134 2708 se
1150 2669 1276 2708 hostis
1294 2669 1344 2708 ad
1361 2670 1520 2717 vallum,
