1821 2928
387 196 438 233 82
819 204 909 230 Liber
926 204 995 230 VH.
1032 205 1080 233 (A.
1098 213 1126 231 u.
1146 213 1171 231 c.
1190 206 1260 236 411.)

261 321 370 359 12in
401 320 502 357 mole
540 332 683 369 pugnae
721 319 829 356 sciat.
893 319 1041 363 „Facta
1078 333 1174 367 mea,
1211 334 1290 358 non
1329 321 1436 358 (licta
1464 335 1546 369 vos,
1577 321 1750 359 milites“

327 389 469 438 inquit,
495 387 631 436 ..sequi
656 387 756 426 volo.
778 400 848 425 nec
874 387 1126 436 disciplinam
1151 389 1279 435 modo,
1302 389 1370 426 sed
1394 390 1616 439 exemplum
1633 390 1754 428 etiam

327 471 350 494 a
388 471 448 494 me
485 460 629 506 petere.
702 455 791 493 Non
836 454 1077 492 factionibus
1120 469 1190 492 nec
1236 470 1306 506 per
1350 458 1542 495 coitiones
1585 458 1755 496 usitatas

326 525 546 570 nobilibus,
592 522 658 560 sed
708 523 780 560 hac
826 523 963 560 dextra
1007 523 1106 560 mihi
1152 527 1231 561 tres
1275 526 1500 564 consulatus
1547 539 1752 563 summam-

261 594 311 631 13
330 607 405 644 que
427 592 585 630 laudem
609 593 758 642 peperi.
818 592 925 638 Fuit,
957 604 1077 640 quum
1107 592 1180 628 hoo
1212 592 1291 630 dici
1319 597 1491 643 poterat:
1526 593 1753 640 „Patricius

329 662 434 699 enim
465 674 550 698 eras
581 664 619 697 et
649 673 670 697 a
701 660 983 698 liberatoribus
1013 660 1153 709 patriae
1184 664 1304 708 ortus,
1335 666 1374 699 et
1404 662 1539 700 eodem
1564 675 1666 699 anno
1696 662 1754 699 fa-

262 730 314 767 14
329 730 441 767 milia
472 729 547 766 ista
577 729 833 775 consulatum,
866 742 942 777 quo
973 729 1067 765 urbs
1097 729 1179 765 haec
1211 729 1409 767 consulem
1439 730 1619 776 habuit“;
1647 743 1752 767 nunc

328 799 405 836 iam
445 797 561 835 nobis
606 796 788 846 patribus
825 797 1017 846 vobisque
1061 796 1192 846 plebei
1235 797 1481 846 promiscuus
1526 798 1754 836 consulatus

327 870 448 916 patet,
478 878 550 902 nec
581 866 747 913 generis,
778 869 822 902 ut
845 868 946 911 ante,
978 864 1045 901 sed
1062 864 1225 901 virtutis
1250 868 1308 902 est
1324 866 1542 914 praemium.
1574 866 1752 904 Proinde

264 935 313 972 15
331 948 523 971 summum
553 933 737 983 quodque
769 938 953 982 spectate,
984 933 1141 979 milites,
1172 932 1301 970 decus.
1361 933 1462 980 Non,
1492 934 1526 971 si
1555 934 1654 971 mihi
1684 948 1752 972 no-

326 1016 417 1039 vum
448 1003 521 1039 hoc
553 1001 716 1039 Corvini
757 1014 971 1049 cognomen
1004 1001 1065 1037 (lis
1102 1001 1329 1038 auctoribus
1359 1002 1537 1039 homines
1575 1002 1754 1050 dedistis,

326 1070 629 1108 Publicolarum
667 1073 864 1107 vetustum
908 1069 1068 1106 familiae
1107 1073 1252 1106 nostrae
1299 1083 1515 1118 cognomen
1564 1071 1755 1108 memoria

261 1140 310 1176 16
329 1139 511 1183 excessit3
543 1151 694 1187 semper
726 1151 796 1186 ego
828 1139 983 1187 plebem
1000 1137 1219 1174 Romanam
1250 1138 1410 1175 militiae
1442 1138 1639 1189 domique,
1669 1139 1751 1189 pri-

326 1211 458 1253 vatus,
490 1207 529 1243 in
561 1206 858 1255 magistratibus
898 1206 1032 1255 parvis
1069 1206 1319 1255 magnisque,
1350 1219 1460 1256 aeque
1489 1206 1676 1244 tribunus
1707 1220 1751 1244 ac

328 1275 475 1321 consul,
507 1274 643 1312 eodem
672 1278 808 1311 tenore
840 1287 908 1323 per
940 1287 1072 1311 omncs
1104 1274 1288 1323 deinceps
1319 1274 1545 1312 consulatus
1575 1277 1664 1314 colo
1695 1278 1752 1312 at-

262 1345 311 1380 17
331 1357 404 1392 que
443 1343 558 1380 colui.
625 1343 757 1388 Nunc,
789 1342 894 1392 quod
919 1334 1066 1388 instat,
1107 1341 1169 1379 dis
1207 1342 1306 1379 bene
1344 1342 1572 1380 iuvantibus
1607 1356 1752 1380 novum

327 1415 446 1461 atque
478 1411 675 1459 integrum
707 1412 754 1448 de
787 1410 1034 1448 Samnitibus
1063 1409 1308 1459 triumphum
1347 1423 1499 1447 mecum
1528 1411 1689 1460 petite.“

440 1479 530 1516 Non
561 1479 657 1516 alias
689 1479 808 1516 militi
840 1478 1075 1515 familiarior
1107 1478 1187 1514 dux
1205 1478 1291 1525 fuit,
1323 1479 1452 1515 omnia
1477 1479 1581 1516 inter
1596 1478 1752 1516 infimos

286 1549 308 1584 2
328 1547 499 1584 militum
530 1547 636 1584 haud
667 1551 829 1595 gravate
860 1547 992 1583 munia
1023 1546 1216 1583 obeundo,
1275 1547 1324 1583 In
1355 1547 1450 1583 ludo
1466 1549 1658 1596 praeterea
1679 1547 1751 1583 mi—

327 1615 447 1661 litari,
479 1629 598 1664 quum
628 1615 850 1651 velocitatis
881 1614 1104 1662 viriumque
1135 1614 1238 1650 inter
1269 1627 1309 1651 se
1340 1615 1511 1664 aequales
1535 1614 1752 1652 certamina

326 1684 480 1729 ineunt,
518 1682 681 1720 comiter
718 1682 867 1727 facilis3
905 1682 1063 1718 vincere
1102 1694 1145 1718 ac
1183 1682 1292 1718 vinci
1335 1683 1451 1719 vultu
1497 1683 1635 1720 eodem
1678 1694 1750 1718 nec

288 1753 310 1789 3
329 1764 562 1801 quemquam
600 1750 804 1799 aspernari
835 1763 987 1799 parem,
1027 1749 1096 1798 qui
1127 1763 1166 1786 se
1197 1749 1370 1795 offerret3
1410 1750 1525 1787 factis
1556 1749 1752 1798 benignus

326 1833 397 1869 pro
428 1833 481 1865 re,
513 1818 632 1855 dictis
663 1817 768 1855 haud
791 1818 918 1854 minus
943 1817 1140 1855 libertatis
1163 1818 1304 1854 alienae
1329 1832 1446 1867 quam
1473 1830 1552 1855 suae
1577 1817 1749 1866 dignita-

324 1888 378 1924 tis
410 1899 567 1932 memor,
599 1890 647 1931 et,
680 1899 756 1934 quo
773 1886 876 1922 nihil
893 1886 1126 1935 popularius
1149 1889 1217 1932 est,
1249 1885 1393 1934 quibus
1410 1885 1565 1923 artibus
1579 1883 1753 1934 petierat

287 1955 601 2003 4magistratus,
640 1955 779 1991 iisdem
811 1954 984 2003 gerebat.
1051 1954 1193 2003 Itaque
1230 1953 1438 1991 universus
1469 1953 1662 1991 exercitus
1693 1952 1750 1989 in-

327 2021 511 2059 credibili
528 2022 736 2059 alacritate
752 2022 1069 2059 adhortationem
1086 2026 1317 2071 prosecutus
1341 2022 1453 2059 ducis
1477 2021 1616 2058 castris
1643 2033 1751 2069 egre-

289 2090 449 2127 5ditur.
509 2089 719 2136 Proelium,
757 2094 800 2126 ut
839 2090 944 2139 quod
982 2091 1150 2128 maxime
1187 2103 1378 2139 unquam,
1409 2089 1497 2139 pari
1527 2102 1596 2139 spe
1625 2088 1752 2126 utrin-

326 2172 413 2207 que,
444 2157 568 2206 aequis
604 2157 774 2203 viribus,
806 2172 893 2195 cum
931 2158 1077 2195 fiducia
1114 2158 1174 2195 sui
1207 2158 1290 2196 sine
1322 2160 1548 2207 contemptu
1577 2156 1753 2194 hostium

286 2228 308 2263 6
326 2226 574 2264 commissum
606 2229 674 2262 est.
735 2225 984 2263 Samnitibus
1014 2226 1199 2263 ferociam
1229 2227 1428 2275 augebant
1457 2239 1569 2262 novae
1592 2237 1655 2261 res
1685 2236 1752 2273 ge-

325 2298 394 2331 stae
425 2298 464 2331 et
494 2306 640 2343 paucos
678 2297 768 2330 ante
808 2295 891 2331 dies
931 2294 1130 2342 geminata
1166 2294 1353 2341 victoria,
1391 2292 1582 2330 Romanis
1610 2294 1754 2329 contra

325 2362 705 2412 quadringentorum
744 2375 933 2398 annorum
975 2362 1117 2399 decora
1162 2366 1201 2398 et
1237 2361 1406 2398 conditae
1452 2360 1544 2398 urbi
1589 2359 1752 2409 aequalis

289 2430 514 2476 't'victoria3
544 2429 724 2478 utrisque
753 2433 884 2465 tamen
915 2442 1040 2466 novus
1072 2429 1196 2466 hostis
1227 2443 1361 2466 curam
1381 2428 1566 2466 addebat.
1609 2427 1752 2475 Pugna

340 2497 489 2534 indicio
520 2497 606 2543 fuit,
638 2509 735 2545 quos
766 2497 956 2545 gesserint
986 2497 1152 2542 animos,
1189 2510 1357 2547 namque
1388 2497 1445 2534 ita
1481 2495 1754 2541 conflixerunt,

288 2567 313 2603 8
337 2569 381 2601 ut
417 2564 662 2614 aliquamdiu
700 2565 739 2600 in
783 2568 961 2601 neutram
1006 2569 1156 2613 partem
1203 2564 1439 2602 inclinarent
1473 2564 1586 2600 acies.
1650 2562 1752 2600 Tum

327 2633 461 2670 consul
497 2632 801 2682 trepidationem
839 2632 1092 2669 iniiciendam
1130 2636 1249 2678 ratus,
1288 2631 1445 2681 quando
1477 2631 1517 2668 vi
1547 2630 1643 2680 pelli
1672 2643 1753 2668 non
