1821 2928
354 190 436 226 240
769 201 858 227 Liber
875 201 912 226 X.
948 201 996 229 (A.
1015 209 1043 227 u.
1062 209 1087 227 c.
1106 204 1260 233 460—461.)

296 313 417 352 fuisse
435 314 485 351 ad
502 315 705 364 populum,
731 315 773 352 ni
790 315 921 362 sciret,
949 316 1145 366 mancipia
1168 318 1362 356 nobilium
1384 319 1567 358 tribunos
1589 320 1718 370 plebis

298 383 423 431 legem
455 383 738 432 impedituros;
769 385 1013 422 voluntatem
1045 386 1121 424 sibi
1153 399 1197 423 ac
1228 386 1403 424 favorem
1435 388 1718 428 consentientis

230 450 278 485 12
296 452 436 501 populi
467 465 538 501 pro
571 452 756 489 omnibus
788 452 904 490 iussis
945 467 1028 490 esse
1067 468 1111 491 ac
1150 455 1293 493 futura.
1367 455 1615 506 Posteroque
1652 456 1718 495 die

296 520 447 557 auxilio
464 520 714 558 tribunorum
737 521 864 570 plebis
882 521 1005 558 trium
1022 522 1210 560 adversus
1227 523 1550 562 intercessionem
1566 527 1718 574 septem

293 589 545 625 tribunorum
590 593 629 626 et
674 602 904 627 consensum
945 594 1102 627 senatus
1148 590 1371 628 celebrante
1416 592 1565 641 populo
1611 592 1718 631 diem

295 656 570 706 triumphavit.

231 721 278 758 13
409 725 462 762 Et
491 725 608 762 huius
625 726 719 762 anni
742 739 883 775 parum
913 729 1097 763 constans
1127 727 1316 764 memoria
1341 731 1409 765 est.
1468 728 1718 767 Postumium

294 797 432 831 auctor
464 797 523 829 est-
555 793 758 840 Claudius,
804 794 846 830 in
878 793 1040 832 Samnio
1079 794 1204 844 captis
1244 795 1400 845 aliquot
1442 797 1630 844 urbibus,
1675 797 1718 835 in

294 861 448 911 Apulia
478 862 608 898 fusum
638 862 909 911 fugatumque,
941 863 1115 900 saucium
1148 863 1277 912 ipsum
1309 877 1396 901 cum
1425 865 1564 914 paucis
1594 865 1718 903 Luce-

292 930 392 966 riam
424 929 687 979 compulsum3
732 930 783 968 ab
815 930 946 968 Atilio
986 931 1028 968 in
1058 931 1223 969 Etruria
1261 946 1324 969 res
1361 936 1504 982 gestas,
1550 946 1717 982 eumque

229 993 279 1029 14
293 998 571 1047 triumphasse.
631 998 779 1036 Fabius
810 999 924 1036 ambo
956 1000 1137 1037 consules
1170 1000 1212 1036 in
1242 999 1403 1038 Samnio
1443 1004 1481 1038 et
1511 1000 1562 1038 ad
1592 1000 1717 1038 Luce-

291 1067 392 1104 riam
422 1079 484 1103 res
515 1066 682 1115 gessisse
713 1067 863 1114 scribit,
893 1068 1200 1117 traductumque
1223 1068 1264 1105 in
1279 1068 1484 1106 Etruriam
1501 1068 1718 1106 exercitum

293 1134 378 1182 (sed
410 1135 458 1172 ab
489 1138 580 1172 utro
613 1135 784 1182 consule,
815 1149 894 1172 non
925 1135 1094 1184 adiicit),
1134 1139 1172 1173 et
1209 1136 1260 1173 ad
1289 1136 1499 1175 Luceriam
1529 1137 1717 1187 utrinque

227 1197 277 1234 15
294 1203 439 1240 multos
471 1203 632 1250 occisos,
679 1204 798 1252 inque
836 1218 880 1241 ea
911 1217 1045 1253 pugna
1075 1204 1183 1241 Iovis
1215 1203 1387 1242 Statoris
1418 1205 1542 1243 aedem
1572 1208 1716 1252 votam,

291 1275 336 1307 ut
365 1270 560 1309 Romulus
591 1276 682 1309 ante
712 1276 894 1319 voverat;
939 1273 1008 1309 sed
1039 1274 1173 1310 fanum
1209 1276 1380 1319 tantum,
1427 1273 1470 1310 id
1511 1277 1570 1310 est
1607 1273 1716 1311 locus

227 1334 275 1371 16
291 1339 442 1388 templo
474 1339 623 1387 effatus,
669 1341 819 1387 fuerat3
865 1344 1037 1378 ceterum
1067 1341 1141 1378 hoc
1173 1341 1329 1378 demum
1360 1354 1473 1388 anno,
1519 1343 1564 1377 ut
1593 1341 1716 1378 aedem

294 1407 413 1444 etiam
451 1407 539 1445 fieri
579 1411 736 1446 senatus
778 1408 945 1455 iuberet,
991 1409 1053 1446 bis
1099 1409 1278 1446 eiusdem
1322 1409 1407 1447 voti
1445 1409 1633 1447 damnata
1674 1423 1717 1447 re

293 1475 466 1524 publica,
496 1477 539 1513 in
568 1476 802 1525 religionem
832 1477 953 1514 venit.

162 1534 219 1582 38
405 1542 597 1594 Sequitur
641 1546 745 1582 hunc
791 1559 936 1582 annum
974 1549 1013 1582 et
1058 1545 1195 1583 consul
1228 1544 1410 1593 insigniS,
1454 1544 1500 1582 L.
1530 1544 1720 1594 Papirius

88 1595 275 1657 ἓζῃριξζζξέζ
295 1611 452 1659 Cursor,
484 1627 562 1661 qua
592 1616 758 1662 paterna
790 1614 928 1662 gloria,
961 1627 1039 1662 qua
1070 1627 1150 1659 sua,
1182 1616 1220 1650 et
1249 1613 1398 1650 bellum
1429 1613 1570 1662 ingens
1595 1613 1719 1651 victo-

291 1681 441 1730 riaque,
473 1684 662 1729 quantam
693 1681 740 1718 de
779 1680 1024 1718 Samnitibus
1062 1695 1176 1719 nemo
1217 1682 1268 1718 ad
1306 1695 1390 1718 eam
1431 1682 1534 1718 diem
1575 1684 1720 1731 praeter

252 1746 339 1785 2L.
370 1748 592 1797 Papirium,
624 1752 777 1798 patrem
809 1748 991 1794 consulis⁷
1024 1752 1245 1798 pepererat.
1304 1749 1357 1786 Et
1381 1749 1484 1785 forte
1501 1749 1639 1786 eodem
1655 1761 1718 1785 co-

292 1821 389 1854 natu
420 1820 692 1866 apparatuque
723 1817 829 1854 omni
862 1817 1064 1866 opulentia
1096 1817 1309 1864 insignium
1340 1829 1538 1853 armorum
1568 1816 1719 1854 bellum

292 1884 585 1922 adornaverant
615 1888 655 1922 et
686 1885 847 1922 deorum
880 1885 997 1922 etiam
1021 1885 1286 1922 adhibuerant
1311 1897 1416 1933 opes,
1446 1883 1529 1920 ritu
1547 1882 1718 1933 quodam

293 1953 529 1990 sacramenti
558 1957 715 1991 vetusto
747 1953 856 1990 velut
886 1953 1056 1991 initiatis
1087 1953 1292 1990 militibus.
1337 1952 1503 1989 Dilectu
1518 1965 1588 2001 per
1605 1964 1718 1989 omne

254 2017 277 2054 3
295 2020 499 2058 Samnium
529 2021 666 2059 habito
697 2035 798 2058 nova
829 2022 926 2070 lege,
956 2026 1010 2069 ut,
1052 2022 1119 2071 quj
1149 2021 1349 2058 iuniorum
1371 2033 1451 2056 non
1474 2019 1720 2057 convenisset

293 2089 344 2126 ad
375 2090 659 2138 imperatorum
691 2089 875 2136 edictum,
923 2090 1070 2139 quique
1100 2089 1256 2126 iniussu
1287 2088 1448 2133 abisset,
1479 2089 1599 2137 caput
1627 2085 1717 2124 Iovi

254 2153 530 2204 4sacraretur,
561 2157 757 2194 exercitus
789 2158 915 2195 omnis
927 2157 1190 2207 Aquiloniam
1222 2159 1280 2194 est
1302 2155 1487 2193 indictus.
1532 2154 1602 2192 Ad
1624 2167 1718 2204 qua-

293 2225 481 2273 draginta
511 2226 639 2262 millia
670 2226 858 2272 militum,
892 2226 998 2276 quod
1028 2225 1184 2263 roboris
1216 2224 1259 2261 in
1290 2223 1450 2261 Samnio
1483 2226 1584 2270 erat,
1626 2235 1716 2259 con-

255 2288 278 2325 5
294 2296 499 2330 venerunt.
558 2293 623 2330 Ibi
655 2294 794 2331 mediis
817 2295 899 2331 fere
922 2294 1063 2331 castris
1081 2294 1189 2331 locus
1214 2295 1272 2329 est
1297 2294 1518 2341 consaeptus
1541 2289 1718 2328 cratibus

292 2361 518 2410 pluteisque
550 2364 588 2398 et
618 2361 751 2398 linteis
783 2366 996 2408 contectus,
1027 2365 1167 2411 patens
1200 2361 1390 2398 ducentos
1413 2359 1583 2396 maxime
1598 2356 1718 2408 pedes

255 2426 277 2461 6
295 2429 336 2466 in
368 2443 501 2466 omnes
530 2429 682 2478 pariter
711 2433 855 2478 partes.
901 2431 965 2467 Ibi
993 2444 1039 2467 ex
1064 2430 1167 2467 libro
1191 2431 1324 2465 vetere
1341 2428 1463 2465 linteo
1480 2427 1582 2464 lecto
1599 2424 1716 2463 sacri-

293 2497 463 2542 ficatum,
496 2497 698 2534 sacerdote
731 2496 829 2534 Ovio
861 2498 1004 2534 Paccio
1037 2497 1219 2546 quodam,
1249 2496 1406 2533 homine
1437 2507 1579 2544 magno
1609 2496 1716 2539 natu,

295 2565 363 2614 qui
395 2579 434 2602 se
465 2565 506 2602 id
538 2579 689 2602 sacrum
720 2570 900 2614 repetere
937 2564 1162 2602 affirmabat
1200 2577 1247 2600 ex
1287 2566 1442 2600 vetusta
1479 2560 1717 2598 Samnitium

294 2633 500 2681 religione,
546 2647 623 2682 qua
661 2633 860 2682 quondam
896 2632 959 2669 usi
998 2633 1165 2669 maiores
1204 2644 1338 2668 eorum
1375 2629 1553 2675 fuissent,
1598 2641 1717 2678 quum
