<?xml version="1.0" encoding="UTF-8"?>
<!DOCTYPE html PUBLIC "-//W3C//DTD XHTML 1.0 Transitional//EN"
    "http://www.w3.org/TR/xhtml1/DTD/xhtml1-transitional.dtd">
<html xmlns="http://www.w3.org/1999/xhtml" xml:lang="en" lang="en">
 <head>
  <title>
</title>
<meta http-equiv="Content-Type" content="text/html;charset=utf-8" />
  <meta name='ocr-system' content='tesseract 3.04.00' />
  <meta name='ocr-capabilities' content='ocr_page ocr_carea ocr_par ocr_line ocrx_word'/>
</head>
<body>
  <div class='ocr_page' id='page_1' title='image "./historiarumroman01livyuoft_0182.png"; bbox 0 0 1821 2928; ppageno 0'>
   <div class='ocr_carea' id='block_1_1' title="bbox 290 147 1345 193">
    <p class='ocr_par' dir='ltr' id='par_1_1' title="bbox 290 147 1345 193">
     <span class='ocr_line' id='line_1_1' title="bbox 290 147 1345 193; baseline -0.007 -6"><span class='ocrx_word' id='word_1_1' title='bbox 290 149 368 189; x_wconf 87' lang='grc'><strong>156</strong></span> <span class='ocrx_word' id='word_1_2' title='bbox 786 147 900 183; x_wconf 90' lang='lat' dir='ltr'><strong>Liber</strong></span> <span class='ocrx_word' id='word_1_3' title='bbox 925 148 997 183; x_wconf 87' lang='lat'><strong>111.</strong></span> <span class='ocrx_word' id='word_1_4' title='bbox 1047 150 1108 193; x_wconf 81' lang='lat' dir='ltr'><strong>(A.</strong></span> <span class='ocrx_word' id='word_1_5' title='bbox 1133 159 1170 182; x_wconf 90' lang='lat' dir='ltr'><strong>u.</strong></span> <span class='ocrx_word' id='word_1_6' title='bbox 1209 147 1345 190; x_wconf 84' lang='lat' dir='ltr'><strong>c.303.)</strong></span> 
     </span>
    </p>
   </div>
   <div class='ocr_carea' id='block_1_2' title="bbox 175 272 1759 2766">
    <p class='ocr_par' dir='ltr' id='par_1_2' title="bbox 224 272 1717 2254">
     <span class='ocr_line' id='line_1_2' title="bbox 286 272 1716 326; baseline -0.001 -14"><span class='ocrx_word' id='word_1_7' title='bbox 286 274 405 312; x_wconf 90' lang='lat' dir='ltr'><strong>citius</strong></span> <span class='ocrx_word' id='word_1_8' title='bbox 449 275 560 324; x_wconf 84' lang='lat' dir='ltr'><strong>lapsa</strong></span> <span class='ocrx_word' id='word_1_9' title='bbox 601 287 662 312; x_wconf 87' lang='lat' dir='ltr'><strong>res</strong></span> <span class='ocrx_word' id='word_1_10' title='bbox 708 278 767 312; x_wconf 87' lang='lat' dir='ltr'><strong>est</strong></span> <span class='ocrx_word' id='word_1_11' title='bbox 806 276 1111 326; x_wconf 71' lang='lat' dir='ltr'>repetitumque,</span> <span class='ocrx_word' id='word_1_12' title='bbox 1160 275 1314 313; x_wconf 88' lang='lat' dir='ltr'><strong>duobus</strong></span> <span class='ocrx_word' id='word_1_13' title='bbox 1358 273 1419 311; x_wconf 92' lang='lat' dir='ltr'><strong>uti</strong></span> <span class='ocrx_word' id='word_1_14' title='bbox 1458 272 1716 311; x_wconf 81' lang='lat' dir='ltr'><strong>mandaretur</strong></span> 
     </span>
     <span class='ocr_line' id='line_1_3' title="bbox 245 343 1717 397; baseline -0.001 -14"><span class='ocrx_word' id='word_1_15' title='bbox 245 344 268 381; x_wconf 88' lang='lat'><strong>3</strong></span> <span class='ocrx_word' id='word_1_16' title='bbox 287 346 491 383; x_wconf 89' lang='lat' dir='ltr'><strong>consulum</strong></span> <span class='ocrx_word' id='word_1_17' title='bbox 551 359 693 383; x_wconf 89' lang='lat' dir='ltr'><strong>nomen</strong></span> <span class='ocrx_word' id='word_1_18' title='bbox 755 347 1053 397; x_wconf 81' lang='lat' dir='ltr'>imperiumque.</span> <span class='ocrx_word' id='word_1_19' title='bbox 1144 345 1377 385; x_wconf 87' lang='lat' dir='ltr'><strong>Decemviri</strong></span> <span class='ocrx_word' id='word_1_20' title='bbox 1432 345 1555 383; x_wconf 80' lang='lat' dir='ltr'><strong>creati</strong></span> <span class='ocrx_word' id='word_1_21' title='bbox 1607 343 1717 394; x_wconf 86' lang='lat' dir='ltr'><strong>App.</strong></span> 
     </span>
     <span class='ocr_line' id='line_1_4' title="bbox 287 415 1715 467; baseline -0.001 -12"><span class='ocrx_word' id='word_1_22' title='bbox 287 417 488 465; x_wconf 84' lang='lat' dir='ltr'><strong>Claudius,</strong></span> <span class='ocrx_word' id='word_1_23' title='bbox 528 417 574 457; x_wconf 90' lang='lat' dir='ltr'><strong>T.</strong></span> <span class='ocrx_word' id='word_1_24' title='bbox 609 416 822 466; x_wconf 84' lang='lat' dir='ltr'><strong>Genucius,</strong></span> <span class='ocrx_word' id='word_1_25' title='bbox 868 418 914 456; x_wconf 89' lang='lat' dir='ltr'><strong>P.</strong></span> <span class='ocrx_word' id='word_1_26' title='bbox 948 418 1109 466; x_wconf 90' lang='lat' dir='ltr'><strong>Sestius,</strong></span> <span class='ocrx_word' id='word_1_27' title='bbox 1155 418 1201 457; x_wconf 85' lang='lat' dir='ltr'><strong>L.</strong></span> <span class='ocrx_word' id='word_1_28' title='bbox 1234 417 1439 467; x_wconf 80' lang='lat' dir='ltr'><strong>Veturius,</strong></span> <span class='ocrx_word' id='word_1_29' title='bbox 1487 415 1530 455; x_wconf 85' lang='lat' dir='ltr'><strong>G.</strong></span> <span class='ocrx_word' id='word_1_30' title='bbox 1570 415 1715 466; x_wconf 84' lang='lat' dir='ltr'><strong>Iulius,</strong></span> 
     </span>
     <span class='ocr_line' id='line_1_5' title="bbox 285 485 1714 540; baseline 0 -15"><span class='ocrx_word' id='word_1_31' title='bbox 285 489 335 526; x_wconf 91' lang='lat' dir='ltr'><strong>A.</strong></span> <span class='ocrx_word' id='word_1_32' title='bbox 369 488 566 537; x_wconf 80' lang='lat' dir='ltr'><strong>Manlius,</strong></span> <span class='ocrx_word' id='word_1_33' title='bbox 613 489 659 528; x_wconf 90' lang='lat' dir='ltr'><strong>P.</strong></span> <span class='ocrx_word' id='word_1_34' title='bbox 692 489 915 540; x_wconf 82' lang='lat' dir='ltr'><strong>Sulpicius,</strong></span> <span class='ocrx_word' id='word_1_35' title='bbox 964 490 1010 529; x_wconf 89' lang='lat' dir='ltr'><strong>P.</strong></span> <span class='ocrx_word' id='word_1_36' title='bbox 1045 490 1258 540; x_wconf 72' lang='lat' dir='ltr'><strong>Curiatius,</strong></span> <span class='ocrx_word' id='word_1_37' title='bbox 1306 489 1352 528; x_wconf 79' lang='lat' dir='ltr'><strong>T.</strong></span> <span class='ocrx_word' id='word_1_38' title='bbox 1387 487 1600 539; x_wconf 78' lang='lat' dir='ltr'><strong>Romilius,</strong></span> <span class='ocrx_word' id='word_1_39' title='bbox 1646 485 1714 538; x_wconf 92' lang='lat' dir='ltr'><strong>Sp.</strong></span> 
     </span>
     <span class='ocr_line' id='line_1_6' title="bbox 244 559 1713 612; baseline 0.001 -16"><span class='ocrx_word' id='word_1_40' title='bbox 244 559 269 596; x_wconf 84' lang='lat'>4</span> <span class='ocrx_word' id='word_1_41' title='bbox 288 559 532 600; x_wconf 80' lang='lat' dir='ltr'><strong>Postumius,</strong></span> <span class='ocrx_word' id='word_1_42' title='bbox 601 561 769 600; x_wconf 86' lang='lat' dir='ltr'><strong>Claudio</strong></span> <span class='ocrx_word' id='word_1_43' title='bbox 801 567 840 600; x_wconf 88' lang='lat' dir='ltr'><strong>et</strong></span> <span class='ocrx_word' id='word_1_44' title='bbox 872 561 1065 609; x_wconf 81' lang='lat' dir='ltr'><strong>Genucio,</strong></span> <span class='ocrx_word' id='word_1_45' title='bbox 1106 562 1199 612; x_wconf 87' lang='lat' dir='ltr'><strong>quia</strong></span> <span class='ocrx_word' id='word_1_46' title='bbox 1231 560 1430 611; x_wconf 86' lang='lat' dir='ltr'><strong>designati</strong></span> <span class='ocrx_word' id='word_1_47' title='bbox 1460 559 1642 598; x_wconf 81' lang='lat' dir='ltr'><strong>consules</strong></span> <span class='ocrx_word' id='word_1_48' title='bbox 1671 560 1713 598; x_wconf 90' lang='lat' dir='ltr'><strong>in</strong></span> 
     </span>
     <span class='ocr_line' id='line_1_7' title="bbox 286 630 1712 683; baseline -0.001 -13"><span class='ocrx_word' id='word_1_49' title='bbox 286 645 374 670; x_wconf 87' lang='lat' dir='ltr'><strong>eum</strong></span> <span class='ocrx_word' id='word_1_50' title='bbox 405 646 548 670; x_wconf 89' lang='lat' dir='ltr'><strong>annum</strong></span> <span class='ocrx_word' id='word_1_51' title='bbox 579 633 749 679; x_wconf 86' lang='lat' dir='ltr'><strong>fuerant,</strong></span> <span class='ocrx_word' id='word_1_52' title='bbox 796 647 867 683; x_wconf 87' lang='lat' dir='ltr'><strong>pro</strong></span> <span class='ocrx_word' id='word_1_53' title='bbox 907 633 1057 671; x_wconf 86' lang='lat' dir='ltr'><strong>honore</strong></span> <span class='ocrx_word' id='word_1_54' title='bbox 1100 634 1224 671; x_wconf 87' lang='lat' dir='ltr'><strong>honos</strong></span> <span class='ocrx_word' id='word_1_55' title='bbox 1255 633 1451 681; x_wconf 83' lang='lat' dir='ltr'><strong>redditus,</strong></span> <span class='ocrx_word' id='word_1_56' title='bbox 1498 635 1539 670; x_wconf 88' lang='lat' dir='ltr'><strong>et</strong></span> <span class='ocrx_word' id='word_1_57' title='bbox 1569 630 1712 677; x_wconf 86' lang='lat' dir='ltr'><strong>Sestio,</strong></span> 
     </span>
     <span class='ocr_line' id='line_1_8' title="bbox 288 701 1714 755; baseline -0.001 -13"><span class='ocrx_word' id='word_1_58' title='bbox 288 705 403 742; x_wconf 84' lang='lat' dir='ltr'><strong>alteri</strong></span> <span class='ocrx_word' id='word_1_59' title='bbox 436 705 639 743; x_wconf 85' lang='lat' dir='ltr'><strong>consulum</strong></span> <span class='ocrx_word' id='word_1_60' title='bbox 671 706 817 755; x_wconf 85' lang='lat' dir='ltr'><strong>prioris</strong></span> <span class='ocrx_word' id='word_1_61' title='bbox 849 706 954 754; x_wconf 77' lang='lat' dir='ltr'><strong>anni,</strong></span> <span class='ocrx_word' id='word_1_62' title='bbox 988 705 1095 755; x_wconf 88' lang='lat' dir='ltr'><strong>quod</strong></span> <span class='ocrx_word' id='word_1_63' title='bbox 1116 719 1199 743; x_wconf 87' lang='lat' dir='ltr'><strong>eam</strong></span> <span class='ocrx_word' id='word_1_64' title='bbox 1222 718 1305 743; x_wconf 88' lang='lat' dir='ltr'><strong>rem</strong></span> <span class='ocrx_word' id='word_1_65' title='bbox 1332 705 1486 754; x_wconf 83' lang='lat' dir='ltr'><strong>collega</strong></span> <span class='ocrx_word' id='word_1_66' title='bbox 1509 703 1636 742; x_wconf 87' lang='lat' dir='ltr'><strong>invito</strong></span> <span class='ocrx_word' id='word_1_67' title='bbox 1664 701 1714 740; x_wconf 85' lang='lat' dir='ltr'><strong>ad</strong></span> 
     </span>
     <span class='ocr_line' id='line_1_9' title="bbox 245 775 1716 827; baseline -0.001 -14"><span class='ocrx_word' id='word_1_68' title='bbox 245 777 268 814; x_wconf 89' lang='lat'>5</span> <span class='ocrx_word' id='word_1_69' title='bbox 286 779 420 826; x_wconf 83' lang='lat' dir='ltr'><strong>patres</strong></span> <span class='ocrx_word' id='word_1_70' title='bbox 447 777 670 815; x_wconf 86' lang='lat' dir='ltr'><strong>rettulerat.</strong></span> <span class='ocrx_word' id='word_1_71' title='bbox 730 778 806 815; x_wconf 85' lang='lat' dir='ltr'><strong>His</strong></span> <span class='ocrx_word' id='word_1_72' title='bbox 830 778 1002 827; x_wconf 84' lang='lat' dir='ltr'><strong>proximi</strong></span> <span class='ocrx_word' id='word_1_73' title='bbox 1026 777 1153 815; x_wconf 88' lang='lat' dir='ltr'><strong>habiti</strong></span> <span class='ocrx_word' id='word_1_74' title='bbox 1177 778 1299 826; x_wconf 87' lang='lat' dir='ltr'><strong>legati</strong></span> <span class='ocrx_word' id='word_1_75' title='bbox 1323 780 1416 824; x_wconf 88' lang='lat' dir='ltr'><strong>tres,</strong></span> <span class='ocrx_word' id='word_1_76' title='bbox 1447 776 1515 826; x_wconf 89' lang='lat' dir='ltr'><strong>qui</strong></span> <span class='ocrx_word' id='word_1_77' title='bbox 1533 775 1716 814; x_wconf 77' lang='lat' dir='ltr'><strong>Athenas</strong></span> 
     </span>
     <span class='ocr_line' id='line_1_10' title="bbox 291 847 1716 899; baseline -0.001 -14"><span class='ocrx_word' id='word_1_78' title='bbox 291 848 433 896; x_wconf 87' lang='lat' dir='ltr'><strong>ierant,</strong></span> <span class='ocrx_word' id='word_1_79' title='bbox 477 848 594 886; x_wconf 87' lang='lat' dir='ltr'><strong>simul</strong></span> <span class='ocrx_word' id='word_1_80' title='bbox 636 855 680 887; x_wconf 90' lang='lat' dir='ltr'><strong>ut</strong></span> <span class='ocrx_word' id='word_1_81' title='bbox 717 863 790 899; x_wconf 87' lang='lat' dir='ltr'><strong>pro</strong></span> <span class='ocrx_word' id='word_1_82' title='bbox 822 850 1023 898; x_wconf 80' lang='lat' dir='ltr'><strong>legatione</strong></span> <span class='ocrx_word' id='word_1_83' title='bbox 1055 855 1136 887; x_wconf 85' lang='lat' dir='ltr'><strong>tam</strong></span> <span class='ocrx_word' id='word_1_84' title='bbox 1168 850 1389 899; x_wconf 86' lang='lat' dir='ltr'><strong>longinqua</strong></span> <span class='ocrx_word' id='word_1_85' title='bbox 1418 847 1582 898; x_wconf 85' lang='lat' dir='ltr'><strong>praemio</strong></span> <span class='ocrx_word' id='word_1_86' title='bbox 1614 849 1716 885; x_wconf 85' lang='lat' dir='ltr'><strong>esset</strong></span> 
     </span>
     <span class='ocr_line' id='line_1_11' title="bbox 290 919 1714 971; baseline -0.002 -12"><span class='ocrx_word' id='word_1_87' title='bbox 290 923 426 968; x_wconf 87' lang='lat' dir='ltr'><strong>honos,</strong></span> <span class='ocrx_word' id='word_1_88' title='bbox 456 921 575 958; x_wconf 89' lang='lat' dir='ltr'><strong>simul</strong></span> <span class='ocrx_word' id='word_1_89' title='bbox 607 922 759 971; x_wconf 85' lang='lat' dir='ltr'><strong>peritos</strong></span> <span class='ocrx_word' id='word_1_90' title='bbox 791 922 923 970; x_wconf 89' lang='lat' dir='ltr'><strong>legum</strong></span> <span class='ocrx_word' id='word_1_91' title='bbox 955 922 1254 971; x_wconf 85' lang='lat' dir='ltr'><strong>peregrinarum</strong></span> <span class='ocrx_word' id='word_1_92' title='bbox 1295 920 1343 958; x_wconf 88' lang='lat' dir='ltr'><strong>ad</strong></span> <span class='ocrx_word' id='word_1_93' title='bbox 1376 919 1714 958; x_wconf 81' lang='lat' dir='ltr'><strong>condendanova</strong></span> 
     </span>
     <span class='ocr_line' id='line_1_12' title="bbox 244 989 1712 1044; baseline -0.003 -12"><span class='ocrx_word' id='word_1_94' title='bbox 244 999 267 1036; x_wconf 88' lang='grc'><strong>6</strong></span> <span class='ocrx_word' id='word_1_95' title='bbox 286 995 373 1032; x_wconf 89' lang='lat' dir='ltr'><strong>iura</strong></span> <span class='ocrx_word' id='word_1_96' title='bbox 388 994 478 1030; x_wconf 89' lang='lat' dir='ltr'><strong>usui</strong></span> <span class='ocrx_word' id='word_1_97' title='bbox 495 993 579 1030; x_wconf 81' lang='lat' dir='ltr'><strong>fore</strong></span> <span class='ocrx_word' id='word_1_98' title='bbox 597 993 824 1032; x_wconf 86' lang='lat' dir='ltr'><strong>credebant.</strong></span> <span class='ocrx_word' id='word_1_99' title='bbox 887 992 1130 1044; x_wconf 88' lang='lat' dir='ltr'><strong>Supplevere</strong></span> <span class='ocrx_word' id='word_1_100' title='bbox 1147 993 1266 1031; x_wconf 89' lang='lat' dir='ltr'><strong>ceteri</strong></span> <span class='ocrx_word' id='word_1_101' title='bbox 1282 1005 1502 1031; x_wconf 90' lang='lat' dir='ltr'><strong>numerum.</strong></span> <span class='ocrx_word' id='word_1_102' title='bbox 1561 989 1712 1029; x_wconf 80' lang='lat' dir='ltr'><strong>Graves</strong></span> 
     </span>
     <span class='ocr_line' id='line_1_13' title="bbox 287 1062 1711 1116; baseline -0.003 -12"><span class='ocrx_word' id='word_1_103' title='bbox 287 1079 443 1116; x_wconf 90' lang='lat' dir='ltr'><strong>quoque</strong></span> <span class='ocrx_word' id='word_1_104' title='bbox 474 1068 589 1102; x_wconf 86' lang='lat' dir='ltr'><strong>aetate</strong></span> <span class='ocrx_word' id='word_1_105' title='bbox 621 1065 765 1103; x_wconf 86' lang='lat' dir='ltr'><strong>electos</strong></span> <span class='ocrx_word' id='word_1_106' title='bbox 797 1066 1024 1103; x_wconf 90' lang='lat' dir='ltr'><strong>novissimis</strong></span> <span class='ocrx_word' id='word_1_107' title='bbox 1056 1065 1254 1115; x_wconf 84' lang='lat' dir='ltr'><strong>suffragiis</strong></span> <span class='ocrx_word' id='word_1_108' title='bbox 1284 1065 1426 1111; x_wconf 89' lang='lat' dir='ltr'><strong>ferunt,</strong></span> <span class='ocrx_word' id='word_1_109' title='bbox 1472 1076 1550 1114; x_wconf 94' lang='lat' dir='ltr'><strong>quo</strong></span> <span class='ocrx_word' id='word_1_110' title='bbox 1581 1062 1711 1100; x_wconf 88' lang='lat' dir='ltr'><strong>minus</strong></span> 
     </span>
     <span class='ocr_line' id='line_1_14' title="bbox 242 1133 1716 1186; baseline -0.003 -10"><span class='ocrx_word' id='word_1_111' title='bbox 242 1134 264 1171; x_wconf 84' lang='lat'><strong>7</strong></span> <span class='ocrx_word' id='word_1_112' title='bbox 282 1138 468 1176; x_wconf 87' lang='lat' dir='ltr'><strong>ferociter</strong></span> <span class='ocrx_word' id='word_1_113' title='bbox 499 1137 668 1174; x_wconf 87' lang='lat' dir='ltr'><strong>aliorum</strong></span> <span class='ocrx_word' id='word_1_114' title='bbox 700 1138 808 1175; x_wconf 87' lang='lat' dir='ltr'><strong>scitis</strong></span> <span class='ocrx_word' id='word_1_115' title='bbox 839 1138 1156 1176; x_wconf 75' lang='lat' dir='ltr'><strong>adversarentur.</strong></span> <span class='ocrx_word' id='word_1_116' title='bbox 1215 1136 1413 1186; x_wconf 84' lang='lat' dir='ltr'><strong>Regimen</strong></span> <span class='ocrx_word' id='word_1_117' title='bbox 1442 1135 1566 1174; x_wconf 84' lang='lat' dir='ltr'><strong>totius</strong></span> <span class='ocrx_word' id='word_1_118' title='bbox 1592 1133 1716 1183; x_wconf 87' lang='lat' dir='ltr'><strong>magi-</strong></span> 
     </span>
     <span class='ocr_line' id='line_1_15' title="bbox 283 1205 1715 1259; baseline -0.002 -13"><span class='ocrx_word' id='word_1_119' title='bbox 283 1213 430 1247; x_wconf 75' lang='lat' dir='ltr'><strong>stratus</strong></span> <span class='ocrx_word' id='word_1_120' title='bbox 462 1222 583 1259; x_wconf 86' lang='lat' dir='ltr'><strong>penes</strong></span> <span class='ocrx_word' id='word_1_121' title='bbox 599 1209 779 1259; x_wconf 87' lang='lat' dir='ltr'><strong>Appium</strong></span> <span class='ocrx_word' id='word_1_122' title='bbox 812 1214 895 1247; x_wconf 87' lang='lat' dir='ltr'><strong>erat</strong></span> <span class='ocrx_word' id='word_1_123' title='bbox 926 1210 1062 1247; x_wconf 85' lang='lat' dir='ltr'><strong>favore</strong></span> <span class='ocrx_word' id='word_1_124' title='bbox 1093 1209 1234 1259; x_wconf 86' lang='lat' dir='ltr'><strong>plebis,</strong></span> <span class='ocrx_word' id='word_1_125' title='bbox 1265 1208 1444 1258; x_wconf 84' lang='lat' dir='ltr'><strong>adeoque</strong></span> <span class='ocrx_word' id='word_1_126' title='bbox 1470 1219 1615 1245; x_wconf 88' lang='lat' dir='ltr'><strong>novum</strong></span> <span class='ocrx_word' id='word_1_127' title='bbox 1637 1205 1715 1244; x_wconf 83' lang='lat' dir='ltr'><strong>sibi</strong></span> 
     </span>
     <span class='ocr_line' id='line_1_16' title="bbox 282 1280 1715 1332; baseline -0.003 -13"><span class='ocrx_word' id='word_1_128' title='bbox 282 1282 487 1332; x_wconf 85' lang='lat' dir='ltr'><strong>ingenium</strong></span> <span class='ocrx_word' id='word_1_129' title='bbox 518 1280 714 1328; x_wconf 88' lang='lat' dir='ltr'><strong>induerat,</strong></span> <span class='ocrx_word' id='word_1_130' title='bbox 743 1285 788 1319; x_wconf 92' lang='lat' dir='ltr'><strong>ut</strong></span> <span class='ocrx_word' id='word_1_131' title='bbox 819 1281 1018 1331; x_wconf 79' lang='lat' dir='ltr'><strong>plebicola</strong></span> <span class='ocrx_word' id='word_1_132' title='bbox 1043 1284 1205 1331; x_wconf 90' lang='lat' dir='ltr'><strong>repente</strong></span> <span class='ocrx_word' id='word_1_133' title='bbox 1232 1281 1438 1330; x_wconf 90' lang='lat' dir='ltr'><strong>omnisque</strong></span> <span class='ocrx_word' id='word_1_134' title='bbox 1465 1291 1571 1318; x_wconf 85' lang='lat' dir='ltr'><strong>aurae</strong></span> <span class='ocrx_word' id='word_1_135' title='bbox 1590 1289 1715 1328; x_wconf 91' lang='lat' dir='ltr'><strong>popu-</strong></span> 
     </span>
     <span class='ocr_line' id='line_1_17' title="bbox 282 1349 1710 1403; baseline -0.004 -11"><span class='ocrx_word' id='word_1_136' title='bbox 282 1355 378 1392; x_wconf 87' lang='lat' dir='ltr'><strong>laris</strong></span> <span class='ocrx_word' id='word_1_137' title='bbox 409 1356 590 1403; x_wconf 86' lang='lat' dir='ltr'><strong>captator</strong></span> <span class='ocrx_word' id='word_1_138' title='bbox 621 1352 807 1391; x_wconf 84' lang='lat' dir='ltr'><strong>evaderet</strong></span> <span class='ocrx_word' id='word_1_139' title='bbox 838 1366 910 1403; x_wconf 90' lang='lat' dir='ltr'><strong>pro</strong></span> <span class='ocrx_word' id='word_1_140' title='bbox 952 1353 1057 1391; x_wconf 87' lang='lat' dir='ltr'><strong>truci</strong></span> <span class='ocrx_word' id='word_1_141' title='bbox 1088 1366 1271 1402; x_wconf 83' lang='lat' dir='ltr'><strong>saevoque</strong></span> <span class='ocrx_word' id='word_1_142' title='bbox 1303 1352 1540 1390; x_wconf 79' lang='lat' dir='ltr'><strong>insectatore</strong></span> <span class='ocrx_word' id='word_1_143' title='bbox 1569 1349 1710 1400; x_wconf 90' lang='lat' dir='ltr'><strong>plebis.</strong></span> 
     </span>
     <span class='ocr_line' id='line_1_18' title="bbox 244 1424 1713 1475; baseline -0.005 -9"><span class='ocrx_word' id='word_1_144' title='bbox 244 1429 268 1466; x_wconf 87' lang='lat'>8</span> <span class='ocrx_word' id='word_1_145' title='bbox 286 1426 455 1466; x_wconf 89' lang='lat' dir='ltr'><strong>Decimo</strong></span> <span class='ocrx_word' id='word_1_146' title='bbox 488 1424 552 1462; x_wconf 87' lang='lat' dir='ltr'><strong>die</strong></span> <span class='ocrx_word' id='word_1_147' title='bbox 575 1425 636 1462; x_wconf 90' lang='lat' dir='ltr'><strong>ius</strong></span> <span class='ocrx_word' id='word_1_148' title='bbox 661 1425 810 1475; x_wconf 89' lang='lat' dir='ltr'><strong>populo</strong></span> <span class='ocrx_word' id='word_1_149' title='bbox 837 1425 985 1474; x_wconf 85' lang='lat' dir='ltr'><strong>singuli</strong></span> <span class='ocrx_word' id='word_1_150' title='bbox 1010 1424 1241 1463; x_wconf 86' lang='lat' dir='ltr'><strong>reddebant.</strong></span> <span class='ocrx_word' id='word_1_151' title='bbox 1302 1424 1361 1462; x_wconf 89' lang='lat' dir='ltr'><strong>Eo</strong></span> <span class='ocrx_word' id='word_1_152' title='bbox 1389 1424 1454 1461; x_wconf 88' lang='lat' dir='ltr'><strong>die</strong></span> <span class='ocrx_word' id='word_1_153' title='bbox 1478 1435 1599 1473; x_wconf 89' lang='lat' dir='ltr'><strong>penes</strong></span> <span class='ocrx_word' id='word_1_154' title='bbox 1615 1433 1713 1471; x_wconf 86' lang='lat' dir='ltr'><strong>prae·</strong></span> 
     </span>
     <span class='ocr_line' id='line_1_19' title="bbox 277 1492 1716 1544; baseline -0.004 -8"><span class='ocrx_word' id='word_1_155' title='bbox 277 1500 423 1536; x_wconf 88' lang='lat' dir='ltr'><strong>fectum</strong></span> <span class='ocrx_word' id='word_1_156' title='bbox 462 1497 560 1534; x_wconf 90' lang='lat' dir='ltr'><strong>iuris</strong></span> <span class='ocrx_word' id='word_1_157' title='bbox 600 1497 726 1534; x_wconf 88' lang='lat' dir='ltr'><strong>fasces</strong></span> <span class='ocrx_word' id='word_1_158' title='bbox 759 1496 968 1534; x_wconf 89' lang='lat' dir='ltr'><strong>duodecim</strong></span> <span class='ocrx_word' id='word_1_159' title='bbox 1000 1500 1131 1543; x_wconf 86' lang='lat' dir='ltr'><strong>erant;</strong></span> <span class='ocrx_word' id='word_1_160' title='bbox 1178 1496 1342 1544; x_wconf 89' lang='lat' dir='ltr'><strong>collegis</strong></span> <span class='ocrx_word' id='word_1_161' title='bbox 1382 1507 1524 1533; x_wconf 89' lang='lat' dir='ltr'><strong>novem</strong></span> <span class='ocrx_word' id='word_1_162' title='bbox 1564 1492 1716 1542; x_wconf 82' lang='lat' dir='ltr'><strong>singuli</strong></span> 
     </span>
     <span class='ocr_line' id='line_1_20' title="bbox 277 1564 1716 1619; baseline -0.005 -10"><span class='ocrx_word' id='word_1_163' title='bbox 277 1570 435 1609; x_wconf 85' lang='lat' dir='ltr'><strong>accensi</strong></span> <span class='ocrx_word' id='word_1_164' title='bbox 467 1568 725 1619; x_wconf 79' lang='lat' dir='ltr'><strong>apparebant.</strong></span> <span class='ocrx_word' id='word_1_165' title='bbox 802 1568 856 1606; x_wconf 86' lang='lat' dir='ltr'><strong>Et</strong></span> <span class='ocrx_word' id='word_1_166' title='bbox 887 1568 927 1606; x_wconf 87' lang='lat' dir='ltr'><strong>in</strong></span> <span class='ocrx_word' id='word_1_167' title='bbox 958 1569 1077 1607; x_wconf 84' lang='lat' dir='ltr'><strong>unica</strong></span> <span class='ocrx_word' id='word_1_168' title='bbox 1108 1568 1320 1606; x_wconf 87' lang='lat' dir='ltr'><strong>concordia</strong></span> <span class='ocrx_word' id='word_1_169' title='bbox 1351 1567 1456 1605; x_wconf 84' lang='lat' dir='ltr'><strong>inter</strong></span> <span class='ocrx_word' id='word_1_170' title='bbox 1486 1566 1606 1617; x_wconf 78' lang='lat' dir='ltr'><strong>ipsos,</strong></span> <span class='ocrx_word' id='word_1_171' title='bbox 1644 1564 1716 1615; x_wconf 90' lang='lat' dir='ltr'><strong>qui</strong></span> 
     </span>
     <span class='ocr_line' id='line_1_21' title="bbox 287 1637 1714 1690; baseline -0.004 -10"><span class='ocrx_word' id='word_1_172' title='bbox 287 1654 499 1680; x_wconf 84' lang='lat' dir='ltr'><strong>consensus</strong></span> <span class='ocrx_word' id='word_1_173' title='bbox 545 1640 713 1690; x_wconf 83' lang='lat' dir='ltr'><strong>privatis</strong></span> <span class='ocrx_word' id='word_1_174' title='bbox 760 1640 961 1678; x_wconf 89' lang='lat' dir='ltr'><strong>interdum</strong></span> <span class='ocrx_word' id='word_1_175' title='bbox 1007 1640 1166 1678; x_wconf 90' lang='lat' dir='ltr'><strong>inutilis</strong></span> <span class='ocrx_word' id='word_1_176' title='bbox 1213 1643 1284 1689; x_wconf 73' lang='lat' dir='ltr'><strong>est,</strong></span> <span class='ocrx_word' id='word_1_177' title='bbox 1333 1652 1485 1678; x_wconf 85' lang='lat' dir='ltr'><strong>summa</strong></span> <span class='ocrx_word' id='word_1_178' title='bbox 1525 1637 1714 1676; x_wconf 85' lang='lat' dir='ltr'><strong>adversus</strong></span> 
     </span>
     <span class='ocr_line' id='line_1_22' title="bbox 244 1708 1714 1763; baseline -0.005 -10"><span class='ocrx_word' id='word_1_179' title='bbox 244 1723 267 1761; x_wconf 82' lang='grc'>9</span> <span class='ocrx_word' id='word_1_180' title='bbox 287 1715 386 1753; x_wconf 87' lang='lat' dir='ltr'><strong>alios</strong></span> <span class='ocrx_word' id='word_1_181' title='bbox 413 1713 578 1763; x_wconf 78' lang='lat' dir='ltr'><strong>aequitas</strong></span> <span class='ocrx_word' id='word_1_182' title='bbox 597 1715 690 1749; x_wconf 84' lang='lat' dir='ltr'><strong>erat.</strong></span> <span class='ocrx_word' id='word_1_183' title='bbox 754 1711 1045 1750; x_wconf 81' lang='lat' dir='ltr'><strong>Moderationis</strong></span> <span class='ocrx_word' id='word_1_184' title='bbox 1071 1725 1208 1749; x_wconf 88' lang='lat' dir='ltr'><strong>eorum</strong></span> <span class='ocrx_word' id='word_1_185' title='bbox 1231 1714 1507 1761; x_wconf 85' lang='lat' dir='ltr'><strong>argumentum</strong></span> <span class='ocrx_word' id='word_1_186' title='bbox 1533 1708 1714 1759; x_wconf 80' lang='lat' dir='ltr'><strong>exemplo</strong></span> 
     </span>
     <span class='ocr_line' id='line_1_23' title="bbox 285 1779 1712 1834; baseline -0.005 -10"><span class='ocrx_word' id='word_1_187' title='bbox 285 1787 402 1824; x_wconf 85' lang='lat' dir='ltr'><strong>unius</strong></span> <span class='ocrx_word' id='word_1_188' title='bbox 432 1785 490 1822; x_wconf 89' lang='lat' dir='ltr'><strong>rei</strong></span> <span class='ocrx_word' id='word_1_189' title='bbox 521 1786 681 1821; x_wconf 86' lang='lat' dir='ltr'><strong>notasse</strong></span> <span class='ocrx_word' id='word_1_190' title='bbox 713 1784 807 1821; x_wconf 84' lang='lat' dir='ltr'><strong>satis</strong></span> <span class='ocrx_word' id='word_1_191' title='bbox 840 1784 930 1822; x_wconf 87' lang='lat' dir='ltr'><strong>erit.</strong></span> <span class='ocrx_word' id='word_1_192' title='bbox 992 1783 1121 1830; x_wconf 79' lang='lat' dir='ltr'><strong>Quum</strong></span> <span class='ocrx_word' id='word_1_193' title='bbox 1153 1784 1237 1821; x_wconf 86' lang='lat' dir='ltr'><strong>sine</strong></span> <span class='ocrx_word' id='word_1_194' title='bbox 1267 1782 1555 1834; x_wconf 84' lang='lat' dir='ltr'><strong>provocatione</strong></span> <span class='ocrx_word' id='word_1_195' title='bbox 1587 1779 1712 1818; x_wconf 88' lang='lat' dir='ltr'><strong>creati</strong></span> 
     </span>
     <span class='ocr_line' id='line_1_24' title="bbox 285 1851 1712 1906; baseline -0.004 -11"><span class='ocrx_word' id='word_1_196' title='bbox 285 1860 427 1905; x_wconf 86' lang='lat' dir='ltr'><strong>essent,</strong></span> <span class='ocrx_word' id='word_1_197' title='bbox 458 1856 612 1894; x_wconf 90' lang='lat' dir='ltr'><strong>defosso</strong></span> <span class='ocrx_word' id='word_1_198' title='bbox 644 1855 835 1893; x_wconf 87' lang='lat' dir='ltr'><strong>cadavere</strong></span> <span class='ocrx_word' id='word_1_199' title='bbox 853 1855 958 1894; x_wconf 90' lang='lat' dir='ltr'><strong>domi</strong></span> <span class='ocrx_word' id='word_1_200' title='bbox 977 1855 1083 1906; x_wconf 88' lang='lat' dir='ltr'><strong>apud</strong></span> <span class='ocrx_word' id='word_1_201' title='bbox 1099 1855 1148 1895; x_wconf 91' lang='lat' dir='ltr'><strong>P.</strong></span> <span class='ocrx_word' id='word_1_202' title='bbox 1168 1853 1355 1901; x_wconf 86' lang='lat' dir='ltr'><strong>Sestium,</strong></span> <span class='ocrx_word' id='word_1_203' title='bbox 1384 1853 1566 1904; x_wconf 86' lang='lat' dir='ltr'><strong>patriciae</strong></span> <span class='ocrx_word' id='word_1_204' title='bbox 1583 1851 1712 1902; x_wconf 84' lang='lat' dir='ltr'><strong>gentis</strong></span> 
     </span>
     <span class='ocr_line' id='line_1_25' title="bbox 224 1923 1714 1978; baseline -0.003 -13"><span class='ocrx_word' id='word_1_205' title='bbox 224 1927 274 1966; x_wconf 89' lang='lat'><strong>10</strong></span> <span class='ocrx_word' id='word_1_206' title='bbox 290 1931 431 1976; x_wconf 79' lang='lat' dir='ltr'><strong>virum,</strong></span> <span class='ocrx_word' id='word_1_207' title='bbox 462 1929 622 1966; x_wconf 89' lang='lat' dir='ltr'><strong>invento</strong></span> <span class='ocrx_word' id='word_1_208' title='bbox 653 1928 889 1978; x_wconf 84' lang='lat' dir='ltr'><strong>prolatoque</strong></span> <span class='ocrx_word' id='word_1_209' title='bbox 916 1928 957 1965; x_wconf 91' lang='lat' dir='ltr'><strong>in</strong></span> <span class='ocrx_word' id='word_1_210' title='bbox 984 1929 1219 1977; x_wconf 88' lang='lat' dir='ltr'><strong>contionem,</strong></span> <span class='ocrx_word' id='word_1_211' title='bbox 1253 1927 1296 1964; x_wconf 92' lang='lat' dir='ltr'><strong>in</strong></span> <span class='ocrx_word' id='word_1_212' title='bbox 1318 1939 1360 1964; x_wconf 92' lang='lat' dir='ltr'><strong>re</strong></span> <span class='ocrx_word' id='word_1_213' title='bbox 1374 1926 1490 1963; x_wconf 85' lang='lat' dir='ltr'><strong>iuxta</strong></span> <span class='ocrx_word' id='word_1_214' title='bbox 1504 1923 1714 1962; x_wconf 78' lang='lat' dir='ltr'><strong>manifesta</strong></span> 
     </span>
     <span class='ocr_line' id='line_1_26' title="bbox 285 1998 1715 2051; baseline -0.005 -12"><span class='ocrx_word' id='word_1_215' title='bbox 285 2006 403 2051; x_wconf 80' lang='lat' dir='ltr'><strong>atque</strong></span> <span class='ocrx_word' id='word_1_216' title='bbox 435 2001 561 2039; x_wconf 86' lang='lat' dir='ltr'><strong>atroci</strong></span> <span class='ocrx_word' id='word_1_217' title='bbox 589 1999 633 2039; x_wconf 82' lang='lat' dir='ltr'><strong>C.</strong></span> <span class='ocrx_word' id='word_1_218' title='bbox 659 1999 787 2038; x_wconf 90' lang='lat' dir='ltr'><strong>Iulius</strong></span> <span class='ocrx_word' id='word_1_219' title='bbox 813 1999 1011 2038; x_wconf 88' lang='lat' dir='ltr'><strong>decemvir</strong></span> <span class='ocrx_word' id='word_1_220' title='bbox 1032 2000 1136 2037; x_wconf 90' lang='lat' dir='ltr'><strong>diem</strong></span> <span class='ocrx_word' id='word_1_221' title='bbox 1164 1998 1293 2037; x_wconf 91' lang='lat' dir='ltr'><strong>Sestio</strong></span> <span class='ocrx_word' id='word_1_222' title='bbox 1317 1998 1423 2036; x_wconf 85' lang='lat' dir='ltr'><strong>dixit</strong></span> <span class='ocrx_word' id='word_1_223' title='bbox 1445 2000 1486 2036; x_wconf 89' lang='lat' dir='ltr'><strong>et</strong></span> <span class='ocrx_word' id='word_1_224' title='bbox 1508 1998 1715 2035; x_wconf 85' lang='lat' dir='ltr'><strong>accusator</strong></span> 
     </span>
     <span class='ocr_line' id='line_1_27' title="bbox 284 2067 1713 2123; baseline -0.005 -12"><span class='ocrx_word' id='word_1_225' title='bbox 284 2073 334 2111; x_wconf 87' lang='lat' dir='ltr'><strong>ad</strong></span> <span class='ocrx_word' id='word_1_226' title='bbox 357 2073 546 2123; x_wconf 90' lang='lat' dir='ltr'><strong>populum</strong></span> <span class='ocrx_word' id='word_1_227' title='bbox 573 2072 739 2119; x_wconf 86' lang='lat' dir='ltr'><strong>exstitit,</strong></span> <span class='ocrx_word' id='word_1_228' title='bbox 770 2073 882 2110; x_wconf 86' lang='lat' dir='ltr'><strong>cuius</strong></span> <span class='ocrx_word' id='word_1_229' title='bbox 898 2072 957 2110; x_wconf 90' lang='lat' dir='ltr'><strong>rei</strong></span> <span class='ocrx_word' id='word_1_230' title='bbox 975 2071 1096 2110; x_wconf 87' lang='lat' dir='ltr'><strong>iudex</strong></span> <span class='ocrx_word' id='word_1_231' title='bbox 1114 2071 1320 2121; x_wconf 89' lang='lat' dir='ltr'><strong>legitimus</strong></span> <span class='ocrx_word' id='word_1_232' title='bbox 1337 2072 1434 2117; x_wconf 86' lang='lat' dir='ltr'><strong>erat,</strong></span> <span class='ocrx_word' id='word_1_233' title='bbox 1466 2067 1713 2116; x_wconf 86' lang='lat' dir='ltr'><strong>decessitque</strong></span> 
     </span>
     <span class='ocr_line' id='line_1_28' title="bbox 284 2137 1714 2194; baseline -0.005 -12"><span class='ocrx_word' id='word_1_234' title='bbox 284 2146 370 2183; x_wconf 90' lang='lat' dir='ltr'><strong>iure</strong></span> <span class='ocrx_word' id='word_1_235' title='bbox 409 2157 490 2191; x_wconf 87' lang='lat' dir='ltr'><strong>suo,</strong></span> <span class='ocrx_word' id='word_1_236' title='bbox 535 2147 579 2181; x_wconf 87' lang='lat' dir='ltr'><strong>ut</strong></span> <span class='ocrx_word' id='word_1_237' title='bbox 625 2143 826 2194; x_wconf 86' lang='lat' dir='ltr'><strong>demptum</strong></span> <span class='ocrx_word' id='word_1_238' title='bbox 872 2144 920 2181; x_wconf 90' lang='lat' dir='ltr'><strong>de</strong></span> <span class='ocrx_word' id='word_1_239' title='bbox 965 2144 1005 2182; x_wconf 91' lang='lat' dir='ltr'><strong>vi</strong></span> <span class='ocrx_word' id='word_1_240' title='bbox 1050 2144 1307 2193; x_wconf 87' lang='lat' dir='ltr'><strong>magistratus</strong></span> <span class='ocrx_word' id='word_1_241' title='bbox 1351 2141 1492 2192; x_wconf 90' lang='lat' dir='ltr'><strong>populi</strong></span> <span class='ocrx_word' id='word_1_242' title='bbox 1531 2137 1714 2177; x_wconf 85' lang='lat' dir='ltr'><strong>libertati</strong></span> 
     </span>
     <span class='ocr_line' id='line_1_29' title="bbox 285 2216 485 2254; baseline -0.01 0"><span class='ocrx_word' id='word_1_243' title='bbox 285 2216 485 2254; x_wconf 86' lang='lat' dir='ltr'><strong>adiiceret.</strong></span> 
     </span>
    </p>

    <p class='ocr_par' dir='ltr' id='par_1_3' title="bbox 175 2274 1759 2482">
     <span class='ocr_line' id='line_1_30' title="bbox 175 2274 1712 2338; baseline -0.003 -15"><span class='ocrx_word' id='word_1_244' title='bbox 175 2274 232 2323; x_wconf 79' lang='grc'><strong>34</strong></span> <span class='ocrx_word' id='word_1_245' title='bbox 404 2287 535 2335; x_wconf 80' lang='lat' dir='ltr'><strong>Quum</strong></span> <span class='ocrx_word' id='word_1_246' title='bbox 566 2292 794 2338; x_wconf 88' lang='lat' dir='ltr'><strong>promptum</strong></span> <span class='ocrx_word' id='word_1_247' title='bbox 826 2288 900 2325; x_wconf 87' lang='lat' dir='ltr'><strong>hoc</strong></span> <span class='ocrx_word' id='word_1_248' title='bbox 931 2287 992 2324; x_wconf 90' lang='lat' dir='ltr'><strong>ius</strong></span> <span class='ocrx_word' id='word_1_249' title='bbox 1021 2287 1132 2325; x_wconf 81' lang='lat' dir='ltr'><strong>velut</strong></span> <span class='ocrx_word' id='word_1_250' title='bbox 1169 2299 1218 2325; x_wconf 84' lang='lat' dir='ltr'><strong>ex</strong></span> <span class='ocrx_word' id='word_1_251' title='bbox 1249 2285 1409 2324; x_wconf 87' lang='lat' dir='ltr'><strong>oraculo</strong></span> <span class='ocrx_word' id='word_1_252' title='bbox 1439 2284 1712 2332; x_wconf 87' lang='lat' dir='ltr'><strong>incorruptum</strong></span> 
     </span>
     <span class='ocr_line' id='line_1_31' title="bbox 287 2349 1759 2412; baseline -0.005 -15"><span class='ocrx_word' id='word_1_253' title='bbox 287 2361 437 2411; x_wconf 87' lang='lat' dir='ltr'><strong>pariter</strong></span> <span class='ocrx_word' id='word_1_254' title='bbox 469 2359 516 2396; x_wconf 88' lang='lat' dir='ltr'><strong>ab</strong></span> <span class='ocrx_word' id='word_1_255' title='bbox 549 2359 598 2396; x_wconf 87' lang='lat' dir='ltr'><strong>iis</strong></span> <span class='ocrx_word' id='word_1_256' title='bbox 631 2359 770 2396; x_wconf 88' lang='lat' dir='ltr'><strong>summi</strong></span> <span class='ocrx_word' id='word_1_257' title='bbox 796 2359 999 2412; x_wconf 83' lang='lat' dir='ltr'><strong>infimique</strong></span> <span class='ocrx_word' id='word_1_258' title='bbox 1024 2358 1185 2408; x_wconf 75' lang='lat' dir='ltr'><strong>ferrent⁷</strong></span> <span class='ocrx_word' id='word_1_259' title='bbox 1216 2361 1299 2396; x_wconf 87' lang='lat' dir='ltr'><strong>tum</strong></span> <span class='ocrx_word' id='word_1_260' title='bbox 1328 2357 1482 2405; x_wconf 87' lang='lat' dir='ltr'><strong>legibus</strong></span> <span class='ocrx_word' id='word_1_261' title='bbox 1498 2351 1714 2392; x_wconf 88' lang='lat' dir='ltr'><strong>condendis</strong></span> <span class='ocrx_word' id='word_1_262' title='bbox 1755 2349 1759 2352; x_wconf 44' lang='lat'><strong>⁴</strong></span> 
     </span>
     <span class='ocr_line' id='line_1_32' title="bbox 290 2424 1715 2482; baseline -0.005 -13"><span class='ocrx_word' id='word_1_263' title='bbox 290 2445 411 2482; x_wconf 86' lang='lat' dir='ltr'><strong>opera</strong></span> <span class='ocrx_word' id='word_1_264' title='bbox 441 2431 629 2476; x_wconf 86' lang='lat' dir='ltr'><strong>dabatur;</strong></span> <span class='ocrx_word' id='word_1_265' title='bbox 670 2431 904 2480; x_wconf 88' lang='lat' dir='ltr'><strong>ingentique</strong></span> <span class='ocrx_word' id='word_1_266' title='bbox 934 2430 1138 2468; x_wconf 90' lang='lat' dir='ltr'><strong>hominum</strong></span> <span class='ocrx_word' id='word_1_267' title='bbox 1169 2428 1468 2480; x_wconf 83' lang='lat' dir='ltr'><strong>exspectatione</strong></span> <span class='ocrx_word' id='word_1_268' title='bbox 1495 2424 1715 2477; x_wconf 85' lang='lat' dir='ltr'><strong>propositis</strong></span> 
     </span>
    </p>

    <p class='ocr_par' dir='ltr' id='par_1_4' title="bbox 247 2493 1716 2766">
     <span class='ocr_line' id='line_1_33' title="bbox 251 2493 1715 2551; baseline -0.007 -9"><span class='ocrx_word' id='word_1_269' title='bbox 251 2505 275 2541; x_wconf 79' lang='lat'>2</span> <span class='ocrx_word' id='word_1_270' title='bbox 294 2505 429 2542; x_wconf 89' lang='lat' dir='ltr'><strong>decem</strong></span> <span class='ocrx_word' id='word_1_271' title='bbox 458 2502 617 2548; x_wconf 86' lang='lat' dir='ltr'><strong>tabulis,</strong></span> <span class='ocrx_word' id='word_1_272' title='bbox 649 2502 840 2551; x_wconf 91' lang='lat' dir='ltr'><strong>populum</strong></span> <span class='ocrx_word' id='word_1_273' title='bbox 871 2502 921 2539; x_wconf 88' lang='lat' dir='ltr'><strong>ad</strong></span> <span class='ocrx_word' id='word_1_274' title='bbox 953 2502 1178 2540; x_wconf 85' lang='lat' dir='ltr'><strong>contionem</strong></span> <span class='ocrx_word' id='word_1_275' title='bbox 1204 2501 1499 2539; x_wconf 85' lang='lat' dir='ltr'><strong>advocaverunt</strong></span> <span class='ocrx_word' id='word_1_276' title='bbox 1528 2500 1578 2545; x_wconf 84' lang='lat' dir='ltr'><strong>et,</strong></span> <span class='ocrx_word' id='word_1_277' title='bbox 1607 2493 1715 2546; x_wconf 90' lang='lat' dir='ltr'><strong>quod</strong></span> 
     </span>
     <span class='ocr_line' id='line_1_34' title="bbox 290 2559 1713 2624; baseline -0.006 -12"><span class='ocrx_word' id='word_1_278' title='bbox 290 2575 449 2624; x_wconf 86' lang='lat' dir='ltr'><strong>bonum,</strong></span> <span class='ocrx_word' id='word_1_279' title='bbox 482 2574 652 2612; x_wconf 82' lang='lat' dir='ltr'><strong>faustum</strong></span> <span class='ocrx_word' id='word_1_280' title='bbox 685 2573 861 2622; x_wconf 84' lang='lat' dir='ltr'><strong>felixque</strong></span> <span class='ocrx_word' id='word_1_281' title='bbox 891 2574 951 2610; x_wconf 87' lang='lat' dir='ltr'><strong>rei</strong></span> <span class='ocrx_word' id='word_1_282' title='bbox 983 2573 1166 2622; x_wconf 79' lang='lat' dir='ltr'><strong>publicae⁷</strong></span> <span class='ocrx_word' id='word_1_283' title='bbox 1198 2573 1299 2622; x_wconf 89' lang='lat' dir='ltr'><strong>ipsis</strong></span> <span class='ocrx_word' id='word_1_284' title='bbox 1329 2559 1713 2619; x_wconf 80' lang='lat' dir='ltr'><strong>liberisque&#39;eorum</strong></span> 
     </span>
     <span class='ocr_line' id='line_1_35' title="bbox 247 2640 1713 2696; baseline -0.007 -11"><span class='ocrx_word' id='word_1_285' title='bbox 247 2652 271 2690; x_wconf 88' lang='lat'><strong>3</strong></span> <span class='ocrx_word' id='word_1_286' title='bbox 290 2650 405 2696; x_wconf 81' lang='lat' dir='ltr'><strong>esset,</strong></span> <span class='ocrx_word' id='word_1_287' title='bbox 451 2647 509 2684; x_wconf 89' lang='lat' dir='ltr'><strong>ire</strong></span> <span class='ocrx_word' id='word_1_288' title='bbox 550 2649 589 2684; x_wconf 88' lang='lat' dir='ltr'><strong>et</strong></span> <span class='ocrx_word' id='word_1_289' title='bbox 619 2646 752 2694; x_wconf 88' lang='lat' dir='ltr'><strong>legere</strong></span> <span class='ocrx_word' id='word_1_290' title='bbox 782 2644 888 2693; x_wconf 83' lang='lat' dir='ltr'><strong>leges</strong></span> <span class='ocrx_word' id='word_1_291' title='bbox 919 2644 1143 2693; x_wconf 87' lang='lat' dir='ltr'><strong>propositas</strong></span> <span class='ocrx_word' id='word_1_292' title='bbox 1176 2644 1337 2681; x_wconf 83' lang='lat' dir='ltr'><strong>iussere.</strong></span> <span class='ocrx_word' id='word_1_293' title='bbox 1413 2640 1477 2690; x_wconf 82' lang='lat' dir='ltr'><strong>Se,</strong></span> <span class='ocrx_word' id='word_1_294' title='bbox 1524 2640 1713 2689; x_wconf 77' lang='lat' dir='ltr'><strong>quantum</strong></span> 
     </span>
     <span class='ocr_line' id='line_1_36' title="bbox 286 2708 1716 2766; baseline -0.006 -10"><span class='ocrx_word' id='word_1_295' title='bbox 286 2719 421 2757; x_wconf 89' lang='lat' dir='ltr'><strong>decem</strong></span> <span class='ocrx_word' id='word_1_296' title='bbox 451 2718 656 2756; x_wconf 88' lang='lat' dir='ltr'><strong>hominum</strong></span> <span class='ocrx_word' id='word_1_297' title='bbox 688 2715 862 2766; x_wconf 87' lang='lat' dir='ltr'><strong>ingeniis</strong></span> <span class='ocrx_word' id='word_1_298' title='bbox 886 2714 1089 2765; x_wconf 85' lang='lat' dir='ltr'><strong>provideri</strong></span> <span class='ocrx_word' id='word_1_299' title='bbox 1112 2714 1298 2765; x_wconf 89' lang='lat' dir='ltr'><strong>potuerit,</strong></span> <span class='ocrx_word' id='word_1_300' title='bbox 1327 2711 1524 2758; x_wconf 89' lang='lat' dir='ltr'><strong>omnibus,</strong></span> <span class='ocrx_word' id='word_1_301' title='bbox 1554 2708 1716 2749; x_wconf 79' lang='lat' dir='ltr'><strong>summis</strong></span> 
     </span>
    </p>
   </div>
  </div>
 </body>
</html>
