1821 2928
402 238 484 276 228
844 247 933 272 Liber
950 246 987 272 x.
1024 246 1072 274 (A.
1091 254 1120 272 u.
1139 253 1163 272 c.
1182 247 1253 276 45⁹.)

308 365 329 401 7
346 367 464 408 stem;
494 362 616 401 biduo
631 361 737 399 nihil
754 361 918 410 dignum
935 359 1045 398 dictu
1061 363 1207 407 actum3
1237 361 1354 411 pauci
1369 361 1557 412 utrinque
1572 361 1761 409 cecidere,

346 431 550 481 magisque
582 430 727 468 irritati
764 433 854 467 sunt
891 428 941 466 ad
982 429 1129 466 iustum
1168 433 1365 467 certamen
1403 430 1525 468 animi
1564 443 1680 480 quam
1710 431 1761 468 ad

346 500 557 538 discrimen
585 512 735 536 summa
764 511 896 535 rerum
927 497 1110 535 adducta.
1183 496 1320 535 Tertio
1358 498 1422 536 die
1462 499 1691 536 descensum
1719 498 1762 536 in

305 568 329 605 8
346 581 526 617 campum
555 567 736 604 omnibus
767 566 890 616 copiis
921 570 990 603 est.
1049 565 1179 612 Quum
1218 565 1419 603 instruetae
1459 567 1561 604 acies
1601 570 1762 614 starent,

345 649 460 674 cerva
483 635 640 684 fugiens
665 635 800 685 lupum
827 647 846 671 e
872 633 1072 674 montibus
1097 636 1233 671 exacta
1258 646 1328 683 per
1354 647 1510 684 campos
1535 635 1638 673 inter
1664 634 1762 673 duas

345 704 449 742 acies
465 703 656 749 decurrit3
686 702 779 740 inde
795 701 958 739 diversae
975 702 1079 747 ferae,
1103 715 1218 738 cerva
1239 701 1289 739 ad
1306 700 1457 749 Gallos,
1481 702 1600 752 lupus
1615 703 1667 741 ad
1680 702 1760 741 Ro-

344 785 479 811 manos
505 784 662 809 cursum
687 770 860 808 deflexit.
921 770 1035 819 Lupo
1063 769 1155 806 data
1181 769 1286 806 inter
1312 770 1470 808 ordines
1493 771 1576 817 via3
1605 784 1762 809 cervam

305 840 328 877 9
346 839 457 878 Galli
487 839 693 878 confixere.
751 838 852 875 Tum
883 851 930 875 ex
961 837 1230 885 antesignanis
1259 837 1463 875 Romanus
1487 838 1601 876 miles
1634 839 1760 888 „Illac

344 909 462 958 fuga“
481 908 613 957 inquit
633 910 697 957 „et
712 907 837 944 caedes
853 905 986 951 vertit,
1020 905 1090 942 ubi
1107 918 1255 942 sacram
1270 905 1415 942 Dianae
1431 905 1555 943 feram
1569 906 1762 945 iacentem

344 976 510 1021 videtis3
542 976 633 1013 hinc
661 976 788 1012 victor
810 974 981 1012 Martius
1012 974 1144 1023 lupus,
1173 973 1327 1021 integer
1355 977 1393 1011 et
1419 973 1604 1023 intactus,
1633 976 1763 1024 gentis

280 1045 330 1082 10
345 1058 416 1082 nos
446 1043 605 1081 Martiae
645 1046 683 1080 et
723 1041 943 1080 conditoris
981 1041 1106 1078 nostri
1142 1041 1380 1078 admonuit.“
1456 1041 1610 1080 Dextro
1641 1056 1765 1082 cornu

347 1111 467 1160 Galli,
498 1112 658 1149 sinistro
689 1109 884 1148 Samnites
915 1109 1188 1147 constiterunt.
1247 1110 1454 1148 Adversus
1490 1109 1686 1149 Samnites
1716 1111 1764 1159 Q.

346 1180 495 1218 Fabius
525 1179 694 1229 primam
725 1193 769 1216 ac
799 1178 956 1216 tertiam
989 1177 1184 1225 legionem
1209 1191 1281 1227 pro
1308 1177 1445 1216 dextro
1462 1191 1595 1226 cornu,
1627 1178 1763 1217 adver-

345 1262 409 1286 sus
441 1246 579 1285 Gallos
609 1260 681 1296 pro
712 1247 871 1284 sinistro
901 1245 1052 1283 Decius
1084 1246 1261 1295 quintam
1299 1250 1338 1283 et
1375 1251 1525 1284 sextam
1556 1247 1764 1294 inm-axin

281 1318 326 1354 11
347 1314 519 1354 secunda
556 1319 595 1352 et
632 1319 773 1364 quarta
814 1328 900 1352 cum
932 1314 977 1350 L.
1009 1313 1224 1352 Volumnio
1262 1315 1496 1364 proconsule
1532 1315 1573 1352 in
1603 1313 1764 1354 Samnio

345 1384 509 1433 gerebat
538 1384 698 1421 bellum.

457 1451 596 1488 Primo
647 1463 841 1488 concursu
894 1449 993 1487 adeo
1049 1449 1173 1499 aequis
1216 1450 1369 1488 viribus
1419 1453 1531 1499 gesta
1580 1463 1643 1488 res
1697 1456 1765 1497 est,

345 1523 408 1566 ut,
464 1519 497 1557 si
541 1518 745 1556 affuissent
787 1517 948 1555 Etrusci
994 1521 1031 1555 et
1076 1517 1240 1565 Umbri,
1285 1521 1353 1555 aut
1397 1518 1440 1555 in
1483 1518 1570 1555 acie
1612 1521 1681 1555 aut
1723 1518 1765 1555 in

346 1588 495 1633 castris,
540 1599 773 1635 quocunque
819 1599 858 1623 se
897 1586 1165 1632 inclinassent,
1210 1586 1443 1636 accipienda
1472 1586 1602 1624 clades
1631 1586 1765 1624 fuerit.

214 1652 272 1699 28
352 1655 535 1693 Ceterum
566 1667 790 1704 quanquam
820 1655 1037 1691 communis
1068 1654 1195 1691 adhuc
1221 1655 1331 1692 Mars
1355 1655 1452 1692 belli
1483 1658 1568 1692 erat
1596 1654 1765 1692 necdum

346 1723 558 1760 discrimen
572 1722 730 1759 fortuna
740 1721 898 1766 fecerat,
931 1734 1008 1769 qua
1030 1721 1170 1759 datura
1186 1722 1291 1759 vires
1317 1727 1427 1769 esset,
1458 1717 1764 1772 haudquaquam

305 1792 328 1828 2
347 1791 490 1829 similis
520 1803 655 1840 pugna
684 1790 724 1826 in
755 1789 893 1826 dextro
927 1788 1106 1838 laevoque
1144 1802 1266 1826 cornu
1296 1794 1390 1827 erat.
1451 1790 1621 1828 Romani
1659 1789 1764 1839 apud

344 1859 515 1897 Fabium
545 1859 731 1896 arcebant
760 1856 886 1904 magis
920 1869 1038 1905 quam
1069 1857 1291 1894 inferebant
1319 1870 1504 1907 pugnam,
1533 1857 1763 1895 extraheba-

306 1928 489 1977 3turque
521 1927 561 1964 in
592 1940 709 1976 quam
738 1925 907 1962 maxime
939 1937 1070 1962 serum
1103 1924 1182 1961 diei
1212 1930 1425 1971 certamen,
1465 1925 1559 1975 quia
1589 1925 1648 1962 ita
1676 1938 1763 1975 per-

346 2009 503 2034 suasum
534 1999 618 2032 erat
649 1995 750 2040 duci,
781 1998 819 2030 et
850 1991 1050 2030 Samnites
1081 1996 1118 2029 et
1135 1990 1273 2031 Gallos
1288 1994 1415 2043 primo
1439 1994 1589 2043 impetu
1611 1993 1764 2031 feroces

306 2063 441 2109 4esse‚
473 2077 571 2113 quos
601 2062 785 2100 sustineri
817 2060 910 2098 satis
942 2061 1009 2098 sit:
1041 2060 1220 2108 longiore
1250 2061 1464 2099 certamine
1494 2061 1639 2099 sensim
1668 2061 1763 2098 resi-

346 2131 437 2168 dere
468 2130 705 2168 Samnitium
735 2130 897 2178 animos,
929 2130 1137 2169 Gallorum
1169 2130 1327 2180 quidem
1357 2128 1475 2166 etiam
1498 2142 1674 2178 corpora,
1704 2128 1763 2165 in-

344 2198 651 2238 tolerantissima
682 2198 829 2236 laboris
862 2204 980 2249 atque
1018 2205 1152 2248 aestus.
1198 2199 1339 2244 fluere,
1383 2197 1588 2247 primaque
1628 2208 1763 2234 eorum

346 2267 487 2317 proelia
516 2266 605 2315 plus
635 2279 751 2315 quam
781 2267 968 2313 virorum,
1000 2272 1199 2317 postrema
1228 2267 1356 2303 minus
1386 2277 1505 2314 quam
1527 2263 1762 2302 feminarum

306 2335 440 2372 5esse.
498 2334 547 2370 In
579 2334 620 2371 id
648 2337 803 2383 tempus
835 2334 978 2383 igitur,
1024 2348 1101 2384 quo
1130 2335 1236 2371 vinci
1273 2334 1426 2371 solebat
1454 2332 1599 2379 hostis,
1643 2344 1762 2381 quam

306 2404 327 2440 6
346 2402 620 2451 integerrimas
649 2401 751 2438 vires
781 2402 901 2439 militi
933 2404 1125 2440 servabat.
1179 2402 1369 2440 Ferocior
1399 2400 1550 2438 Decius
1583 2404 1623 2436 et
1646 2402 1762 2437 aetate

346 2475 384 2507 et
398 2470 535 2518 vigore
551 2469 683 2515 animi,
713 2474 1061 2519 quantumcunque
1076 2470 1220 2507 virium
1235 2470 1386 2515 habuit,
1402 2467 1615 2505 certamine
1629 2466 1760 2516 primo

347 2538 491 2575 effudit.
536 2537 590 2574 Et
620 2536 712 2586 quja
742 2536 888 2574 lentior
918 2537 1129 2575 videbatur
1143 2537 1339 2587 pedestris
1365 2548 1510 2586 pugna,
1540 2534 1761 2584 equitatum

306 2607 327 2640 7
346 2606 388 2643 in
417 2618 590 2654 pugnam
620 2604 802 2647 concitat,
833 2614 871 2641 et
895 2605 978 2654 ipse
1002 2606 1225 2642 fortissimae
1241 2606 1424 2642 iuvenum
1445 2606 1584 2639 turmae
1605 2601 1758 2639 immix-
