1821 2928
477 93 591 128 Liber
616 93 683 127 IV.
734 94 794 136 (A.
822 93 886 128 Cb.
912 93 1122 137 423-422.)
1435 99 1514 135 235

76 223 218 274 proelio
260 236 304 260 ac
344 223 412 262 via
442 225 636 260 nocturna
667 235 869 272 excepere.
930 222 1058 260 Paulo
1089 226 1180 272 post
1210 223 1251 259 in
1282 223 1421 260 urbem
1453 227 1511 261 est
1530 225 1553 261 9

80 296 284 345 ingressus
330 295 479 341 consul,
524 307 602 332 non
649 293 699 332 ab
746 307 786 331 se
831 294 959 344 magis
1000 294 1114 331 enixe
1145 307 1329 332 amovens
1361 296 1517 346 culpam

79 379 197 417 quam
229 366 490 416 Tempanium
522 366 676 404 meritis
707 365 897 406 laudibus
923 366 1066 404 ferens.
1112 367 1264 405 Maestae
1290 367 1448 405 civitati
1464 369 1513 405 ab
1535 369 1586 406 10

78 452 122 476 re
163 439 265 476 male
297 441 408 487 gesta
439 442 478 475 et
509 438 622 476 iratae
655 438 824 476 ducibus
855 438 909 476 M.
942 438 1173 476 Postumius
1204 452 1296 477 reus
1327 440 1517 486 obiectus,

81 511 149 561 qui
194 510 382 548 tribunus
427 510 601 548 militum
646 523 719 561 pro
767 510 928 548 consule
959 510 1010 547 ad
1042 510 1165 548 Veios
1197 512 1336 557 fuerat,
1383 511 1515 549 decem

80 583 262 621 millibus
295 583 383 620 aeris
415 583 551 632 gravis
584 583 806 621 damnatur.
867 582 912 619 T.
929 582 1164 630 Quinctium
1197 583 1390 632 collegam
1421 584 1516 629 eius,
1539 585 1584 621 11

80 656 174 705 quia
206 658 245 693 et
275 655 318 692 in
335 654 496 693 Volscis
526 656 661 694 consul
693 654 874 705 auspicio
900 654 1112 692 dictatoris
1129 654 1333 693 Postumii
1351 655 1518 693 Tuberti

82 731 120 765 et
165 728 216 766 ad
247 727 423 766 Fidenas
469 727 623 776 legatus
670 727 878 765 dictatoris
919 727 1086 765 alterius
1116 726 1237 765 Mam.
1269 727 1424 765 AEmilii
1455 741 1518 766 res

81 812 271 850 prospere
288 803 477 849 gesserat,
504 802 630 837 totam
657 799 815 849 culpam
832 798 918 836 eius
934 799 1128 850 temporis
1145 799 1187 836 in
1202 800 1517 850 praedamnatum

81 871 275 921 collegam
312 872 618 909 transferentem
650 884 785 909 omnes
814 870 948 909 tribus
980 872 1250 910 absolverunt.
1311 872 1516 910 Profuisse
1538 872 1587 909 12

81 943 117 981 ei
134 943 366 982 Cincinnati
391 943 519 994 patris
544 943 734 981 memoria
756 943 915 990 dicitur,
940 943 1181 981 venerabilis
1198 944 1289 991 viri,
1315 947 1354 981 et
1371 948 1519 981 exactae

81 1016 158 1053 iam
176 1015 307 1054 aetatis
324 1015 576 1066 Capitolinus
594 1014 819 1063 Quinctius,
850 1015 1088 1066 suppliciter
1106 1028 1233 1063 orans,
1259 1028 1309 1053 ne
1326 1029 1380 1062 se,
1407 1016 1521 1053 brevi

81 1088 237 1138 reliquo
268 1088 364 1127 vitae
395 1088 538 1138 spatio,
568 1092 649 1126 tam
674 1089 830 1126 tristem
847 1089 1031 1126 nuntium
1047 1089 1152 1127 ferre
1170 1088 1220 1126 ad
1238 1087 1521 1126 Cincinnatum

82 1163 325 1209 paterentur.

196 1231 319 1270 Plebs
334 1233 518 1271 tribunos
534 1233 646 1283 plebi
662 1233 844 1271 absentes
857 1232 1225 1282 Sex.Tempanium,
1243 1231 1297 1269 M.
1309 1231 1519 1277 Asellium,
1594 1227 1651 1276 42

82 1303 142 1342 Ti.
173 1303 410 1351 Antistium,
457 1303 524 1355 Sp.
555 1304 715 1343 Icilium
754 1305 860 1350 fecit,
907 1318 1006 1354 quos
1045 1308 1084 1341 et
1114 1318 1186 1354 pro
1219 1303 1521 1341 centurionibus

81 1376 158 1413 sibi
195 1377 461 1426 praefecerant
489 1375 710 1426 Tempanio
749 1380 910 1414 auctore
942 1377 1107 1427 equites.
1169 1375 1353 1423 Senatus,
1398 1375 1561 1426 quum2

83 1447 176 1485 odio
196 1446 425 1498 Sempronii
457 1449 667 1487 consulare
698 1462 840 1486 nomen
873 1448 1102 1495 offenderet,
1133 1449 1316 1487 tribunos
1350 1448 1520 1486 militum
1538 1445 1727 1517 {baffi}

84 1519 285 1558 consulari
316 1524 512 1570 potestate
544 1521 671 1559 creari
696 1521 824 1559 iussit.
872 1520 1007 1558 Creati
1034 1524 1124 1558 sunt
1144 1520 1189 1558 L.
1207 1520 1385 1558 Manlius
1403 1519 1519 1570 Capi·
1569 1510 1575 1517 ⁸
1639 1510 1646 1516 ’
1687 1510 1701 1516 ”

82 1591 245 1639 tolinus,
277 1592 325 1640 Q.
343 1592 547 1632 Antonius
578 1592 785 1640 Merenda,
817 1592 860 1630 L.
879 1592 1070 1643 Papirius
1093 1592 1357 1642 Mugillanus.
1402 1592 1519 1630 Prin·
1540 1593 1562 1630 3

84 1663 191 1714 cipio
223 1665 359 1702 statim
391 1666 485 1703 anni
510 1665 556 1703 L.
573 1665 814 1703 Hortensius
845 1665 1032 1703 tribunus
1059 1665 1191 1715 plebis
1209 1665 1251 1703 C.
1271 1663 1522 1715 Sempronio,

84 1736 238 1774 consuli
269 1738 364 1774 anni
388 1737 548 1787 prioris,
580 1737 684 1775 diem
704 1738 815 1775 dixit.
864 1737 990 1784 Quem
1009 1750 1129 1788 quum
1148 1741 1338 1788 quattuor
1356 1737 1522 1786 collegae

86 1808 335 1858 inspectante
380 1810 530 1860 populo
560 1809 743 1848 Romano
782 1813 954 1857 orarent,
999 1823 1048 1847 ne
1090 1810 1370 1860 imperatorem
1410 1822 1522 1847 suum

85 1881 306 1927 innoxium,
352 1882 393 1919 in
441 1894 519 1931 quo
558 1881 659 1918 nihil
699 1886 845 1932 praeter
875 1883 1076 1920 fortunam
1107 1881 1346 1932 reprehendi
1379 1885 1522 1931 posset,

83 1957 259 2000 vexaret,
292 1966 398 2003 aegre
424 1953 668 1991 Hortensius
699 1954 796 2004 pati,
827 1954 1091 1992 tentationem
1122 1967 1208 1992 eam
1239 1953 1404 1991 credens
1436 1952 1562 1991 esse4

84 2025 393 2075 perseverantiae
425 2038 517 2072 suae,
546 2038 619 2063 nec
650 2026 838 2075 precibus
868 2025 1135 2072 tribunorum,
1167 2038 1256 2076 quae
1282 2025 1323 2063 in
1349 2025 1522 2075 speciem

86 2097 203 2135 modo
235 2097 444 2145 iactentur,
474 2097 543 2136 sed
575 2098 728 2135 auxilio
760 2097 957 2136 confidere
988 2111 1110 2136 reum.
1171 2097 1314 2148 Itaque
1332 2097 1449 2135 modo
1467 2097 1516 2135 ad
1540 2095 1563 2133 5

87 2182 176 2207 eum
207 2183 433 2216 conversus,
464 2169 534 2207 ubi
566 2169 629 2208 illi
652 2170 814 2220 patricii
831 2170 1011 2220 spiritus,
1043 2169 1114 2207 ubi
1131 2170 1325 2208 subnixus
1342 2174 1381 2207 et
1397 2169 1523 2207 fidens

88 2242 327 2280 innocentiae
359 2242 515 2280 animus
538 2246 653 2289 esset,
684 2242 906 2292 quaerebat:
939 2243 1012 2280 sub
1037 2243 1259 2281 tribunicia
1274 2242 1416 2280 umbra
1432 2255 1522 2280 con-

87 2314 257 2352 sularem
289 2314 417 2352 virum
450 2314 678 2361 delituisse;
709 2314 824 2352 modo
856 2315 907 2353 ad
939 2314 1134 2364 collegas:
1170 2314 1281 2361 „Vos
1313 2317 1456 2360 autem,
1487 2313 1520 2350 si
1541 2312 1564 2349 6

86 2399 197 2424 reum
229 2398 390 2437 perago,
421 2385 518 2436 quid
549 2386 678 2423 acturi
710 2385 837 2424 estis?
897 2386 965 2424 An
998 2387 1177 2437 erepturi
1210 2386 1272 2425 ius
1302 2386 1454 2436 populo
1487 2389 1525 2422 et

88 2458 265 2496 eversuri
294 2458 551 2496 tribuniciam
583 2457 873 2508 potestate-ww
923 2458 1055 2506 Quum
1082 2458 1145 2496 illi
1163 2462 1202 2496 et
1218 2458 1267 2496 de
1285 2456 1521 2508 Sempronio
1540 2456 1563 2494 7

89 2534 128 2568 et
157 2529 206 2568 de
237 2530 422 2568 omnibus
453 2543 644 2568 summam
675 2530 814 2581 populi
837 2530 1010 2569 Romani
1040 2533 1278 2581 potestatem
1311 2541 1395 2566 esse
1419 2528 1522 2566 dice-

89 2606 189 2649 rent,
219 2615 291 2640 nec
321 2615 362 2641 se
392 2601 587 2640 iudicium
618 2602 758 2652 populi
788 2602 931 2641 tollere
963 2606 1032 2640 aut
1062 2602 1163 2640 velle
1190 2604 1259 2639 aut
1285 2613 1411 2650 posse,
1443 2600 1524 2646 sed,

89 2673 124 2710 si
153 2686 291 2724 preces
321 2687 401 2712 suae
431 2687 504 2724 pro
536 2675 787 2724 imperatore,
820 2675 889 2724 qui
906 2674 983 2712 sibi
1001 2674 1177 2724 parentis
1195 2675 1297 2711 esset
1313 2672 1414 2719 loco,
1444 2685 1524 2710 non
