1821 2928
755 138 872 174 Liber
896 138 927 174 I.
1538 142 1561 179 9

119 268 226 307 inter
248 267 370 305 rudes
386 266 532 304 artium
548 266 740 314 homines,
764 266 1036 305 venerabilior
1054 266 1270 305 divinitate
1288 265 1445 304 credita
1463 264 1562 304 Car-

120 342 264 378 mentae
295 338 445 385 matris,
483 351 602 389 quam
633 338 871 388 fatiloquam
902 341 995 376 ante
1026 337 1193 387 Sibyllae
1225 339 1266 376 in
1297 338 1461 375 Italiam
1494 337 1562 375 ad-

116 414 281 451 ventum
313 411 469 448 miratae
501 423 555 448 eae
586 413 725 460 gentes
756 410 928 450 fuerant.
975 409 1017 447 Is
1049 414 1132 447 tum
1150 409 1341 448 Euander
1366 413 1602 450 eonem-sue

120 487 328 536 pastorum
358 482 649 533 trepidantium
681 483 787 521 circa
818 483 1013 521 advenam
1045 482 1266 520 manifestae
1296 496 1407 520 reum
1441 482 1562 520 caedis

118 556 275 595 excitus
313 558 525 606 postquam
563 555 718 593 facinus
749 554 1018 605 facinorisque
1049 567 1209 592 causam
1241 554 1411 605 audivit,
1445 555 1562 592 habi·

115 631 203 666 tum
248 628 496 677 formamque
540 627 620 665 viri
658 627 911 677 aliquantum
943 626 1179 677 ampliorem
1211 627 1562 678 augustioremque

114 700 291 738 humana
314 700 472 737 intuens
499 699 666 749 rogitat,
699 700 768 750 qui
792 699 854 737 vir
878 703 992 738 esset.
1054 698 1139 737 Ubi
1162 712 1304 736 nomen
1328 703 1562 749 patremque
1583 697 1635 735 10

121 786 167 811 ac
196 772 372 823 patriam
403 771 572 822 accepit,
608 771 732 818 „Iove
763 775 868 818 nate,
900 771 1113 820 Hercules,
1147 771 1280 808 salve“
1309 771 1464 821 inquit;
1499 775 1563 818 „te

117 843 217 882 mihi
247 848 384 891 mater,
416 843 597 881 veridica
622 844 822 895 interpres
846 843 975 892 deum,
1007 847 1218 882 aucturum
1243 843 1463 880 caelestium
1491 857 1563 880 nu-

118 929 271 954 merum
303 916 462 962 cecinit,
508 916 666 966 tibique
698 930 807 954 aram
837 915 902 954 hic
935 916 1111 954 dicatum
1142 916 1203 963 iri,
1249 929 1367 965 quam
1399 915 1563 966 opulen-

114 989 275 1027 tissima
306 988 402 1026 olim
426 988 467 1026 in
493 989 610 1026 terris
636 1002 733 1038 gens
756 989 971 1027 maximam
994 992 1110 1026 vocet
1133 993 1285 1038 tuoque
1308 988 1391 1025 ritu
1418 988 1559 1026 colat.“

116 1060 276 1099 Dextra
306 1060 504 1098 Hercules
546 1060 640 1098 data
672 1061 856 1111 accipere
886 1074 927 1098 se
962 1074 1077 1098 omen
1109 1061 1448 1111 impleturumque
1480 1061 1564 1098 fata
1584 1061 1632 1098 11

116 1147 187 1171 ara
218 1133 380 1171 condita
411 1147 456 1171 ac
489 1133 622 1170 dicata
647 1134 718 1173 ait.
765 1133 833 1171 Ibi
859 1137 942 1172 tum
969 1134 1142 1183 primum
1169 1133 1268 1172 bove
1286 1133 1430 1171 eximia
1448 1136 1565 1183 capta
1584 1134 1635 1171 12

116 1205 168 1244 de
199 1219 320 1255 grege
353 1219 508 1243 sacrum
525 1205 710 1252 Herculi,
743 1205 939 1244 adhibitis
972 1205 1022 1243 ad
1053 1205 1320 1243 ministerium
1340 1206 1562 1255 dapemque

117 1278 287 1316 Potitiis
319 1292 365 1316 ac
389 1277 584 1325 Pinariis,
616 1291 704 1328 quae
730 1281 816 1315 tum
840 1278 1004 1315 familiae
1032 1278 1201 1315 maxime
1227 1278 1378 1315 inclitae
1403 1290 1449 1314 ea
1475 1277 1564 1314 loca

117 1350 360 1396 incolebant,
404 1350 565 1387 factum.
627 1350 752 1387 Forte
784 1350 841 1388 ita
872 1350 1016 1396 evenit,
1061 1354 1105 1386 ut
1135 1349 1282 1387 Potitii
1324 1350 1374 1387 ad
1406 1353 1562 1400 tempus
1585 1351 1635 1389 13

117 1425 265 1473 praesto
297 1426 431 1460 essent
461 1422 589 1471 iisque
622 1426 714 1459 exta
737 1424 1047 1472 apponerentur,
1080 1421 1253 1469 Pinarii,
1289 1423 1391 1459 extis
1416 1422 1562 1469 adesis,

117 1493 169 1532 ad
201 1497 372 1531 ceteram
404 1493 592 1532 venirent
624 1493 779 1544 dapem.
838 1494 941 1531 Inde
972 1494 1203 1531 institutum
1233 1494 1393 1544 mansit,
1436 1495 1562 1532 donec

115 1565 327 1603 Pinarium
351 1578 476 1614 genus
503 1565 591 1611 fuit,
623 1579 671 1602 ne
698 1566 800 1603 extis
825 1566 1078 1604 sollemnium
1101 1569 1369 1604 vescerentur.
1414 1565 1563 1604 Potitii
1584 1566 1636 1605 14

115 1638 166 1676 ab
183 1637 374 1676 Euandro
407 1637 540 1674 edocti
571 1637 774 1676 antistites
806 1638 908 1676 sacri
935 1638 1018 1676 eius
1043 1652 1116 1688 per
1141 1638 1288 1676 multas
1315 1641 1453 1676 aetates
1477 1639 1563 1676 fue-

114 1714 222 1759 runt,
247 1710 383 1756 donec,
409 1709 561 1747 tradito
586 1710 713 1748 servis
737 1710 913 1760 publicis
940 1711 1126 1748 sollemni
1143 1710 1308 1748 familiae
1325 1710 1561 1757 ministerio,

113 1795 240 1833 genus
287 1795 402 1819 omne
434 1781 682 1820 Potitiorum
729 1783 894 1820 interiit.
955 1782 1055 1820 Haec
1100 1786 1186 1820 tum
1217 1796 1331 1820 sacra
1361 1782 1558 1821 Romulus
1582 1782 1632 1821 15

114 1867 194 1892 una
240 1867 290 1892 ex
323 1854 506 1892 omnibus
537 1855 751 1905 peregrina
783 1855 969 1905 suscepit,
1016 1855 1094 1893 iam
1125 1858 1209 1892 tum
1242 1855 1561 1893 immortalitatis

114 1926 266 1964 virtute
297 1930 436 1976 partae,
466 1926 517 1964 ad
549 1940 669 1977 quam
702 1940 789 1964 eum
821 1940 892 1965 sua
923 1927 1006 1965 fata
1037 1926 1249 1973 ducebant,
1281 1927 1424 1964 fautor.

232 1995 372 2036 Rebus
419 1998 568 2037 divinis
598 1999 677 2037 rite
708 1999 964 2050 perpetratis,
1008 2002 1230 2049 vocataque
1263 1999 1313 2036 ad
1346 1999 1560 2037 concilium
1645 1998 1671 2046 8

117 2071 392 2117 multitudine,
425 2084 514 2120 quae
547 2071 769 2110 coalescere
802 2072 843 2109 in
874 2071 1016 2122 populi
1046 2071 1167 2109 unius
1199 2085 1343 2122 corpus
1374 2071 1489 2109 nulla
1519 2084 1563 2108 re

115 2146 384 2194 praeterquam
410 2143 569 2193 legibus
597 2147 769 2193 poterat,
802 2144 891 2182 iura
915 2143 1045 2191 dedit3
1078 2156 1167 2194 quae
1193 2144 1250 2182 ita
1267 2147 1405 2182 sancta
1422 2143 1563 2193 generi
1579 2144 1603 2180 2

115 2215 323 2254 hominum
348 2215 499 2264 agresti
522 2216 606 2254 fore
628 2220 754 2266 ratus,
786 2216 820 2254 si
851 2230 893 2254 se
924 2216 1009 2266 ipse
1035 2215 1307 2253 venerabilem
1332 2215 1562 2264 insignibus

117 2287 279 2339 imperii
296 2287 468 2336 fecisset,
487 2301 608 2338 quum
626 2291 758 2327 cetero
775 2288 918 2326 habitu
935 2302 975 2326 se
985 2289 1270 2337 augustiorem,
1286 2292 1370 2325 tum
1388 2287 1561 2325 maxime

114 2360 330 2399 lictoribus
353 2359 561 2397 duodecim
588 2361 758 2411 sumptis
781 2361 891 2401 fecit.
938 2360 1028 2399 Alii
1044 2361 1095 2399 ab
1112 2373 1277 2398 numero
1295 2359 1440 2410 avium,
1473 2372 1561 2409 quae
1579 2361 1602 2399 3

115 2432 287 2482 augurio
317 2444 486 2481 regnum
516 2433 815 2482 portenderant,
846 2446 935 2471 eum
966 2436 1145 2470 secutum
1167 2445 1375 2470 numerum
1401 2433 1563 2482 putant3

116 2518 179 2542 me
210 2504 319 2542 haud
350 2504 519 2554 paenitet
550 2518 686 2543 eorum
709 2506 916 2544 sententiae
942 2519 1039 2556 esse,
1073 2505 1221 2555 quibus
1246 2508 1285 2542 et
1309 2503 1563 2554 apparitores

117 2577 194 2615 hoc
226 2589 351 2627 genus
384 2575 434 2613 ab
453 2575 635 2615 Etruscis
666 2577 861 2625 finitimis,
892 2577 999 2615 unde
1030 2577 1131 2615 sella
1147 2576 1310 2622 curulis,
1344 2573 1450 2612 unde
1467 2577 1564 2624 toga.

116 2651 312 2699 praetexta
334 2651 495 2699 sumpta
518 2652 589 2697 est,
613 2649 653 2689 et
675 2662 883 2688 numerum
909 2662 1068 2700 quoque
1087 2649 1219 2699 ipsum
1236 2647 1400 2684 ductum
1417 2646 1562 2696 placet,
