1821 2928
352 187 428 223 100
780 195 868 219 hiber
889 195 971 219 vm.
1009 195 1055 223 (A.
1077 203 1104 220 u.
1124 203 1148 221 c.
1169 197 1240 224 414.)

246 314 266 348 7
286 323 418 348 omnes
449 312 669 346 vocemur&
734 309 855 345 Forte
888 309 943 345 ita
976 309 1143 355 accidit,
1175 313 1215 346 ut
1248 322 1383 358 parem
1416 310 1571 348 ferociae
1602 310 1721 348 huius

291 383 329 416 et·
360 377 532 415 Romani
576 376 775 413 consulem
821 375 865 412 T.
895 376 1092 412 Manlium
1136 377 1338 423 haberent,
1384 377 1453 426 qui
1499 377 1598 415 adeo
1643 390 1721 415 non

290 446 420 484 tenuit
451 445 563 489 iram,
594 447 648 489 ut,
679 444 712 480 si
742 447 853 481 tanta
885 443 1086 481 dementia
1111 448 1244 493 patres
1268 445 1517 494 conscriptos
1540 446 1721 495 cepisset,

289 518 333 550 ut
363 513 413 551 ab
445 511 583 549 Setino
615 512 775 548 homine
808 512 914 560 leges
945 512 1190 560 acciperent,
1221 512 1358 559 gladio
1389 512 1562 550 cinctum
1593 513 1634 550 in
1664 527 1720 551 se-

291 586 425 619 natum
471 584 681 617 venturum
719 593 758 616 se
791 592 872 616 esse
910 579 1040 628 palam
1082 579 1233 617 diceret
1279 584 1328 626 et,
1374 593 1648 630 quemcunque
1679 581 1721 618 in

250 650 274 685 8
292 649 403 687 curia
434 648 624 685 Latinum
654 647 831 692 vidisset,
862 661 931 684 sua
948 660 1066 684 manu
1094 647 1432 696 interempturum.
1490 649 1543 686 Et
1560 662 1721 687 conver-

290 731 355 754 sus
385 716 434 753 ad
467 715 722 753 simulacrum
754 715 861 752 Iovis
896 714 1045 760 ,,Α11(11,
1090 714 1293 764 Iuppiter.
1340 716 1421 752 haec
1453 716 1627 754 scelera‘·‘
1662 717 1719 754 in-

291 786 394 835 quit;
429 784 602 830 „audita
633 784 701 820 Ius
719 784 887 832 Fasque.
946 783 1190 830 Peregrinos
1216 783 1394 820 consules
1411 787 1450 820 et
1466 784 1720 833 peregrinum

293 858 471 891 senatum
502 852 542 888 in
573 856 654 897 tuo,
684 851 881 900 Iuppiter,
912 854 1107 899 augurato
1137 851 1299 900 templo,
1330 854 1470 900 captus
1493 851 1578 900 ipse
1603 854 1722 901 atque

251 922 272 957 9
291 933 514 971 oppressus,
544 919 700 956 visurus
732 918 803 957 es‘?
849 919 1013 956 Haecine
1045 918 1193 955 foedera
1225 918 1378 964 Tullus,
1409 918 1611 957 Romanus
1642 933 1721 965 rex,

290 1003 376 1027 cum
409 986 595 1031 Albanis,
626 986 809 1035 patribus
841 987 993 1026 vestris.
1024 986 1174 1031 Latini,
1206 986 1288 1023 haec
1315 986 1359 1022 L.
1386 985 1631 1035 Tarquinius
1654 1000 1720 1024 vo-

225 1057 273 1092 10
290 1057 439 1094 hiscum
472 1058 608 1104 postea
639 1055 761 1091 fecit?
806 1054 895 1091 Non
927 1053 1035 1089 venit
1069 1053 1110 1090 111
1142 1058 1310 1091 mentem
1342 1067 1476 1103 pugna
1506 1054 1612 1104 apud
1643 1054 1720 1092 Re-

290 1125 430 1173 gillum
449 1122 610 1160 lacum?
642 1121 759 1159 Adeo
777 1126 814 1158 et
831 1121 1003 1158 cladium
1030 1125 1207 1159 veterum
1232 1126 1453 1159 vestrarum
1476 1126 1515 1159 et
1537 1122 1720 1160 benefici-

290 1206 400 1230 orum
432 1195 656 1228 nostrorum
687 1203 782 1238 erga
811 1202 880 1226 vos
911 1189 1030 1226 obliti
1063 1189 1212 1226 estis?·*

405 1259 535 1306 Quum
567 1257 740 1295 consulis
777 1271 911 1294 vocem
943 1257 1152 1294 subsecuta
1175 1262 1332 1306 patrum
1359 1257 1585 1306 indignatio
1609 1261 1722 1304 esset,

288 1328 474 1378 proditur
490 1326 701 1371 memoriae,
733 1325 922 1362 adversus
939 1326 1117 1362 crebram
1134 1325 1453 1374 implorationem
1470 1326 1597 1372 deum,
1623 1338 1721 1375 quos

289 1400 407 1433 testes
437 1394 628 1432 foederum
652 1393 796 1442 saepius
820 1393 1060 1430 invocabant
1088 1393 1279 1439 consules,
1309 1406 1444 1430 vocem
1460 1392 1592 1430 Annii
1615 1406 1721 1442 sper-

249 1464 270 1498 2
291 1465 421 1501 11611115
452 1462 611 1499 numina
630 1461 739 1498 Iovis
756 1461 929 1498 Romani
961 1461 1151 1497 auditam.
1213 1460 1338 1506 Certe,
1366 1474 1487 1510 quum
1504 1464 1720 1498 commotus

293 1532 349 1568 ira
380 1545 419 1568 se
452 1546 470 1567 a
504 1529 702 1566 vestibulo
735 1529 875 1578 templi
906 1529 1029 1566 citato
1062 1528 1190 1577 gradu
1220 1528 1456 1577 proriperet,
1487 1529 1621 1578 lapsus
1651 1542 1721 1578 per

288 1599 446 1647 gradus.
477 1597 608 1646 capite
640 1597 816 1644 gnaviter
847 1597 1005 1641 offenso,
1036 1596 1231 1645 impactus
1263 1597 1343 1633 imo
1374 1596 1432 1633 ita
1455 1599 1515 1633 est
1539 1609 1647 1643 saxo,
1678 1600 1722 1633 ut

249 1667 499 1716 3sopiretur.
572 1654 855 1701 Exanimatum
895 1668 1075 1700 auctores
1117 1664 1304 1711 quoniam
1345 1677 1424 1701 non
1455 1677 1589 1701 omnes
1619 1667 1721 1710 sunt,

289 1734 384 1771 mihi
417 1746 572 1782 quoque
605 1732 645 1768 in
679 1731 829 1768 incerto
861 1732 1041 1768 relictum
1067 1732 1128 1777 sit,
1159 1731 1261 1767 sicut
1286 1731 1389 1768 inter
1412 1731 1605 1768 foederum
1627 1744 1719 1780 rup-

287 1808 416 1840 torum
439 1800 694 1838 testationem
712 1799 866 1845 ingenti
882 1800 1040 1847 fragore
1064 1799 1150 1835 caeli
1175 1798 1392 1847 procellam
1420 1798 1598 1844 effusam;
1629 1812 1719 1836 nam

288 1875 325 1908 et
355 1883 447 1907 vera
480 1881 562 1905 essc-
594 1871 631 1904 et
663 1870 753 1916 apte
785 1866 834 1903 ad
865 1866 1227 1916 repraesentandam
1254 1866 1353 1903 iram
1377 1866 1493 1903 deum
1515 1866 1608 1904 ficta
1631 1879 1719 1915 pos-

249 1937 391 1976 4sunt.
464 1936 692 1985 Torquatus
730 1935 870 1971 missus
910 1935 959 1972 ab
999 1938 1138 1972 senatu
1176 1934 1226 1971 ad
1266 1934 1526 1972 dimittendos
1556 1935 1720 1983 legatos,

287 2018 407 2056 quum
440 2005 631 2041 iacentem
658 2002 838 2040 Annium
868 2001 1045 2047 vidisset,
1077 2002 1281 2048 exclamat,
1312 2002 1368 2039 ita
1398 2006 1443 2039 ut
1471 2001 1620 2052 populo
1652 2015 1719 2051 pa-

250 2071 498 2121 5tribusque
529 2071 668 2108 audita
697 2084 773 2107 vox
803 2069 954 2119 pariter
984 2069 1051 2106 sit:
1088 2069 1222 2116 „Bene
1252 2069 1391 2115 habet;
1423 2070 1465 2107 di
1496 2069 1609 2119 pium
1639 2082 1719 2106 mo-

287 2154 378 2178 vere
408 2139 568 2176 bellum.
627 2139 700 2175 Est
731 2138 884 2174 caeleste
916 2151 1076 2183 numen;
1115 2151 1166 2183 es,
1195 2151 1336 2187 magne
1367 2137 1573 2186 Iuppiter3
1613 2136 1718 2174 haud

287 2209 433 2245 frustra
470 2210 509 2243 te
556 2209 709 2255 patrem
748 2205 865 2242 deum
901 2205 1184 2254 hominumque
1225 2205 1298 2242 hac
1337 2204 1428 2242 sede
1466 2203 1720 2241 sacravimus.

248 2276 271 2312 6
291 2274 398 2322 Quid
429 2274 603 2319 cessatis,
634 2273 812 2319 Quirites
842 2285 988 2322 vosque
1020 2275 1153 2321 patres
1184 2272 1415 2321 conscripti,
1445 2284 1552 2309 arma
1578 2284 1718 2320 capere

288 2343 372 2380 deis
403 2341 606 2379 ducibus?
638 2340 704 2377 Sic
735 2343 880 2377 stratas
911 2340 1088 2387 legiones
1119 2339 1356 2377 Latinorum
1383 2339 1499 2385 dabo,
1530 2337 1717 2388 quemad-

248 2411 270 2445 7
291 2410 447 2447 modum
479 2409 655 2457 legatum
687 2408 879 2445 iacentem
918 2407 1098 2444 videtis.²‘
1161 2407 1339 2445 Assensu
1375 2406 1516 2456 populi
1552 2409 1717 2455 excepta

287 2490 363 2514 vox
394 2476 567 2514 consulis
597 2479 751 2512 tantum
783 2475 939 2512 ardoris
969 2475 1112 2512 animis
1143 2474 1257 2519 fecit,
1302 2477 1346 2510 ut
1376 2473 1528 2522 legatos
1558 2472 1716 2522 profici-

287 2547 437 2581 scentes
469 2557 563 2581 cura
592 2543 897 2591 magistratuum
922 2542 1058 2590 magis,
1089 2542 1158 2591 qui
1184 2542 1293 2579 iussu
1317 2540 1489 2578 consulis
1505 2553 1715 2589 proseque-

288 2610 444 2657 bantur,
474 2624 591 2660 quam
624 2611 682 2648 ius
713 2610 890 2659 gentium
922 2609 971 2646 ab
999 2610 1056 2647 ira
1082 2609 1310 2658 impetuque
1334 2608 1538 2644 hominum
1553 2610 1718 2657 tegeret.
