<?xml version="1.0" encoding="UTF-8"?>
<!DOCTYPE html PUBLIC "-//W3C//DTD XHTML 1.0 Transitional//EN"
    "http://www.w3.org/TR/xhtml1/DTD/xhtml1-transitional.dtd">
<html xmlns="http://www.w3.org/1999/xhtml" xml:lang="en" lang="en">
 <head>
  <title>
</title>
<meta http-equiv="Content-Type" content="text/html;charset=utf-8" />
  <meta name='ocr-system' content='tesseract 3.04.00' />
  <meta name='ocr-capabilities' content='ocr_page ocr_carea ocr_par ocr_line ocrx_word'/>
</head>
<body>
  <div class='ocr_page' id='page_1' title='image "./historiarumroman01livyuoft_0396.png"; bbox 0 0 1821 2928; ppageno 0'>
   <div class='ocr_carea' id='block_1_1' title="bbox 383 168 1256 207">
    <p class='ocr_par' dir='ltr' id='par_1_1' title="bbox 383 168 1256 207">
     <span class='ocr_line' id='line_1_1' title="bbox 383 168 1256 207; baseline -0.002 -3"><span class='ocrx_word' id='word_1_1' title='bbox 383 168 434 204; x_wconf 79' lang='lat'>42</span> <span class='ocrx_word' id='word_1_2' title='bbox 832 178 921 203; x_wconf 78' lang='lat' dir='ltr'>Liber</span> <span class='ocrx_word' id='word_1_3' title='bbox 938 178 990 202; x_wconf 81' lang='lat' dir='ltr'>vl.</span> <span class='ocrx_word' id='word_1_4' title='bbox 1027 177 1074 206; x_wconf 76' lang='lat' dir='ltr'>(A.</span> <span class='ocrx_word' id='word_1_5' title='bbox 1094 185 1122 203; x_wconf 85' lang='lat' dir='ltr'>u.</span> <span class='ocrx_word' id='word_1_6' title='bbox 1143 185 1167 203; x_wconf 73' lang='grc' dir='ltr'>ο.</span> <span class='ocrx_word' id='word_1_7' title='bbox 1187 178 1256 207; x_wconf 79' lang='lat'>380.)</span> 
     </span>
    </p>
   </div>
   <div class='ocr_carea' id='block_1_2' title="bbox 194 289 1762 2641">
    <p class='ocr_par' dir='ltr' id='par_1_2' title="bbox 194 289 1762 2641">
     <span class='ocr_line' id='line_1_2' title="bbox 326 289 1755 340; baseline -0.001 -13"><span class='ocrx_word' id='word_1_8' title='bbox 326 291 478 340; x_wconf 85' lang='lat' dir='ltr'>pinqua</span> <span class='ocrx_word' id='word_1_9' title='bbox 516 291 753 339; x_wconf 82' lang='lat' dir='ltr'>cognatione</span> <span class='ocrx_word' id='word_1_10' title='bbox 786 291 939 329; x_wconf 87' lang='lat' dir='ltr'>Licinii</span> <span class='ocrx_word' id='word_1_11' title='bbox 979 305 1018 328; x_wconf 89' lang='lat' dir='ltr'>se</span> <span class='ocrx_word' id='word_1_12' title='bbox 1050 292 1156 340; x_wconf 87' lang='lat' dir='ltr'>apud</span> <span class='ocrx_word' id='word_1_13' title='bbox 1192 293 1326 340; x_wconf 88' lang='lat' dir='ltr'>patres</span> <span class='ocrx_word' id='word_1_14' title='bbox 1359 301 1546 327; x_wconf 84' lang='lat' dir='ltr'>excusare</span> <span class='ocrx_word' id='word_1_15' title='bbox 1579 289 1755 336; x_wconf 86' lang='lat' dir='ltr'>solitum,</span> 
     </span>
     <span class='ocr_line' id='line_1_3' title="bbox 326 356 1752 409; baseline -0.001 -15"><span class='ocrx_word' id='word_1_16' title='bbox 326 359 444 394; x_wconf 81' lang='lat' dir='ltr'>simul</span> <span class='ocrx_word' id='word_1_17' title='bbox 475 362 696 406; x_wconf 78' lang='lat' dir='ltr'>negantem,</span> <span class='ocrx_word' id='word_1_18' title='bbox 735 360 917 408; x_wconf 78' lang='lat' dir='ltr'>magistri</span> <span class='ocrx_word' id='word_1_19' title='bbox 951 360 1130 409; x_wconf 88' lang='lat' dir='ltr'>equitum</span> <span class='ocrx_word' id='word_1_20' title='bbox 1160 358 1287 395; x_wconf 89' lang='lat' dir='ltr'>maius</span> <span class='ocrx_word' id='word_1_21' title='bbox 1319 370 1437 406; x_wconf 90' lang='lat' dir='ltr'>quam</span> <span class='ocrx_word' id='word_1_22' title='bbox 1473 356 1631 394; x_wconf 90' lang='lat' dir='ltr'>tribuni</span> <span class='ocrx_word' id='word_1_23' title='bbox 1663 369 1752 394; x_wconf 91' lang='lat' dir='ltr'>con-</span> 
     </span>
     <span class='ocr_line' id='line_1_4' title="bbox 287 425 1755 475; baseline -0.001 -13"><span class='ocrx_word' id='word_1_24' title='bbox 287 426 308 462; x_wconf 84' lang='lat'>5</span> <span class='ocrx_word' id='word_1_25' title='bbox 327 426 471 462; x_wconf 85' lang='lat' dir='ltr'>sularis</span> <span class='ocrx_word' id='word_1_26' title='bbox 503 426 715 475; x_wconf 88' lang='lat' dir='ltr'>imperium</span> <span class='ocrx_word' id='word_1_27' title='bbox 739 440 831 464; x_wconf 85' lang='lat' dir='ltr'>esse.</span> <span class='ocrx_word' id='word_1_28' title='bbox 878 427 1062 464; x_wconf 88' lang='lat' dir='ltr'>Licinius</span> <span class='ocrx_word' id='word_1_29' title='bbox 1080 425 1332 475; x_wconf 78' lang='lat' dir='ltr'>Sextiusque,</span> <span class='ocrx_word' id='word_1_30' title='bbox 1363 438 1483 474; x_wconf 89' lang='lat' dir='ltr'>quum</span> <span class='ocrx_word' id='word_1_31' title='bbox 1498 425 1755 462; x_wconf 75' lang='lat' dir='ltr'>tribunorum</span> 
     </span>
     <span class='ocr_line' id='line_1_5' title="bbox 325 493 1756 542; baseline -0.001 -13"><span class='ocrx_word' id='word_1_32' title='bbox 325 493 436 542; x_wconf 89' lang='lat' dir='ltr'>plebi</span> <span class='ocrx_word' id='word_1_33' title='bbox 469 494 731 530; x_wconf 88' lang='lat' dir='ltr'>creandorum</span> <span class='ocrx_word' id='word_1_34' title='bbox 769 494 925 532; x_wconf 85' lang='lat' dir='ltr'>indicta</span> <span class='ocrx_word' id='word_1_35' title='bbox 964 494 1127 532; x_wconf 85' lang='lat' dir='ltr'>comitia</span> <span class='ocrx_word' id='word_1_36' title='bbox 1165 496 1305 540; x_wconf 77' lang='lat' dir='ltr'>essent,</span> <span class='ocrx_word' id='word_1_37' title='bbox 1351 493 1409 530; x_wconf 87' lang='lat' dir='ltr'>ita</span> <span class='ocrx_word' id='word_1_38' title='bbox 1440 506 1479 530; x_wconf 89' lang='lat' dir='ltr'>se</span> <span class='ocrx_word' id='word_1_39' title='bbox 1517 504 1665 541; x_wconf 81' lang='lat' dir='ltr'>gerere,</span> <span class='ocrx_word' id='word_1_40' title='bbox 1710 494 1756 528; x_wconf 88' lang='lat' dir='ltr'>ut</span> 
     </span>
     <span class='ocr_line' id='line_1_6' title="bbox 326 560 1755 609; baseline -0.001 -12"><span class='ocrx_word' id='word_1_41' title='bbox 326 562 520 609; x_wconf 82' lang='lat' dir='ltr'>negando,</span> <span class='ocrx_word' id='word_1_42' title='bbox 552 561 632 598; x_wconf 91' lang='lat' dir='ltr'>iam</span> <span class='ocrx_word' id='word_1_43' title='bbox 663 561 743 598; x_wconf 82' lang='lat' dir='ltr'>sibi</span> <span class='ocrx_word' id='word_1_44' title='bbox 767 563 871 599; x_wconf 82' lang='lat' dir='ltr'>velle</span> <span class='ocrx_word' id='word_1_45' title='bbox 904 562 1132 599; x_wconf 85' lang='lat' dir='ltr'>continuari</span> <span class='ocrx_word' id='word_1_46' title='bbox 1162 562 1365 608; x_wconf 88' lang='lat' dir='ltr'>honorem,</span> <span class='ocrx_word' id='word_1_47' title='bbox 1396 560 1587 598; x_wconf 85' lang='lat' dir='ltr'>acerrime</span> <span class='ocrx_word' id='word_1_48' title='bbox 1618 572 1755 597; x_wconf 83' lang='lat' dir='ltr'>acoen-</span> 
     </span>
     <span class='ocr_line' id='line_1_7' title="bbox 287 627 1755 678; baseline -0.001 -13"><span class='ocrx_word' id='word_1_49' title='bbox 287 630 308 665; x_wconf 88' lang='grc'>6</span> <span class='ocrx_word' id='word_1_50' title='bbox 329 629 469 666; x_wconf 89' lang='lat' dir='ltr'>derent</span> <span class='ocrx_word' id='word_1_51' title='bbox 500 629 550 665; x_wconf 89' lang='lat' dir='ltr'>ad</span> <span class='ocrx_word' id='word_1_52' title='bbox 582 629 636 675; x_wconf 90' lang='lat' dir='ltr'>id,</span> <span class='ocrx_word' id='word_1_53' title='bbox 667 629 773 678; x_wconf 91' lang='lat' dir='ltr'>quod</span> <span class='ocrx_word' id='word_1_54' title='bbox 807 629 1098 666; x_wconf 85' lang='lat' dir='ltr'>dissimulando</span> <span class='ocrx_word' id='word_1_55' title='bbox 1130 629 1329 678; x_wconf 87' lang='lat' dir='ltr'>petebant,</span> <span class='ocrx_word' id='word_1_56' title='bbox 1367 628 1536 678; x_wconf 87' lang='lat' dir='ltr'>plebem.</span> <span class='ocrx_word' id='word_1_57' title='bbox 1594 627 1755 665; x_wconf 87' lang='lat' dir='ltr'>Nonum</span> 
     </span>
     <span class='ocr_line' id='line_1_8' title="bbox 326 694 1755 746; baseline -0.001 -13"><span class='ocrx_word' id='word_1_58' title='bbox 326 710 366 733; x_wconf 88' lang='lat' dir='ltr'>se</span> <span class='ocrx_word' id='word_1_59' title='bbox 398 710 543 734; x_wconf 87' lang='lat' dir='ltr'>annum</span> <span class='ocrx_word' id='word_1_60' title='bbox 576 697 654 746; x_wconf 85' lang='lat' dir='ltr'>iam</span> <span class='ocrx_word' id='word_1_61' title='bbox 685 697 797 733; x_wconf 89' lang='lat' dir='ltr'>velut</span> <span class='ocrx_word' id='word_1_62' title='bbox 830 697 870 735; x_wconf 92' lang='lat' dir='ltr'>in</span> <span class='ocrx_word' id='word_1_63' title='bbox 903 698 986 734; x_wconf 90' lang='lat' dir='ltr'>acie</span> <span class='ocrx_word' id='word_1_64' title='bbox 1019 696 1206 734; x_wconf 81' lang='lat' dir='ltr'>adversus</span> <span class='ocrx_word' id='word_1_65' title='bbox 1238 696 1450 745; x_wconf 74' lang='lat' dir='ltr'>optimates</span> <span class='ocrx_word' id='word_1_66' title='bbox 1473 695 1650 733; x_wconf 86' lang='lat' dir='ltr'>maximo</span> <span class='ocrx_word' id='word_1_67' title='bbox 1673 694 1755 744; x_wconf 90' lang='lat' dir='ltr'>pri-</span> 
     </span>
     <span class='ocr_line' id='line_1_9' title="bbox 324 762 1755 814; baseline -0.002 -13"><span class='ocrx_word' id='word_1_68' title='bbox 324 765 449 802; x_wconf 85' lang='lat' dir='ltr'>vatim</span> <span class='ocrx_word' id='word_1_69' title='bbox 480 765 673 814; x_wconf 86' lang='lat' dir='ltr'>periculo,</span> <span class='ocrx_word' id='word_1_70' title='bbox 704 764 816 800; x_wconf 91' lang='lat' dir='ltr'>nullo</span> <span class='ocrx_word' id='word_1_71' title='bbox 848 764 1010 813; x_wconf 88' lang='lat' dir='ltr'>publice</span> <span class='ocrx_word' id='word_1_72' title='bbox 1035 765 1300 801; x_wconf 87' lang='lat' dir='ltr'>emolumento</span> <span class='ocrx_word' id='word_1_73' title='bbox 1332 767 1448 801; x_wconf 86' lang='lat' dir='ltr'>stare.</span> <span class='ocrx_word' id='word_1_74' title='bbox 1494 762 1755 800; x_wconf 79' lang='lat' dir='ltr'>consenuisse</span> 
     </span>
     <span class='ocr_line' id='line_1_10' title="bbox 328 829 1756 881; baseline -0.002 -12"><span class='ocrx_word' id='word_1_75' title='bbox 328 833 406 869; x_wconf 91' lang='lat' dir='ltr'>iam</span> <span class='ocrx_word' id='word_1_76' title='bbox 438 846 569 869; x_wconf 89' lang='lat' dir='ltr'>secum</span> <span class='ocrx_word' id='word_1_77' title='bbox 601 835 641 868; x_wconf 91' lang='lat' dir='ltr'>et</span> <span class='ocrx_word' id='word_1_78' title='bbox 670 832 901 880; x_wconf 83' lang='lat' dir='ltr'>rogationes</span> <span class='ocrx_word' id='word_1_79' title='bbox 932 832 1205 881; x_wconf 87' lang='lat' dir='ltr'>promulgatas</span> <span class='ocrx_word' id='word_1_80' title='bbox 1229 835 1268 869; x_wconf 89' lang='lat' dir='ltr'>et</span> <span class='ocrx_word' id='word_1_81' title='bbox 1289 832 1372 869; x_wconf 85' lang='lat' dir='ltr'>vim</span> <span class='ocrx_word' id='word_1_82' title='bbox 1395 844 1549 868; x_wconf 90' lang='lat' dir='ltr'>omnem</span> <span class='ocrx_word' id='word_1_83' title='bbox 1579 829 1756 867; x_wconf 90' lang='lat' dir='ltr'>tribuni-</span> 
     </span>
     <span class='ocr_line' id='line_1_11' title="bbox 290 898 1757 949; baseline -0.002 -12"><span class='ocrx_word' id='word_1_84' title='bbox 290 901 310 936; x_wconf 85' lang='lat'>7</span> <span class='ocrx_word' id='word_1_85' title='bbox 329 900 400 937; x_wconf 83' lang='lat' dir='ltr'>ciae</span> <span class='ocrx_word' id='word_1_86' title='bbox 431 900 652 949; x_wconf 84' lang='lat' dir='ltr'>potestatis.</span> <span class='ocrx_word' id='word_1_87' title='bbox 699 900 837 936; x_wconf 90' lang='lat' dir='ltr'>Primo</span> <span class='ocrx_word' id='word_1_88' title='bbox 871 900 1156 937; x_wconf 84' lang='lat' dir='ltr'>intercessione</span> <span class='ocrx_word' id='word_1_89' title='bbox 1181 900 1424 948; x_wconf 84' lang='lat' dir='ltr'>collegarum</span> <span class='ocrx_word' id='word_1_90' title='bbox 1455 899 1499 935; x_wconf 92' lang='lat' dir='ltr'>in</span> <span class='ocrx_word' id='word_1_91' title='bbox 1528 898 1636 946; x_wconf 82' lang='lat' dir='ltr'>leges</span> <span class='ocrx_word' id='word_1_92' title='bbox 1667 911 1757 934; x_wconf 83' lang='lat' dir='ltr'>suas</span> 
     </span>
     <span class='ocr_line' id='line_1_12' title="bbox 325 964 1756 1017; baseline -0.002 -13"><span class='ocrx_word' id='word_1_93' title='bbox 325 972 545 1017; x_wconf 86' lang='lat' dir='ltr'>pugnatum</span> <span class='ocrx_word' id='word_1_94' title='bbox 577 981 672 1014; x_wconf 86' lang='lat' dir='ltr'>esse,</span> <span class='ocrx_word' id='word_1_95' title='bbox 704 967 849 1003; x_wconf 78' lang='lat' dir='ltr'>deinde</span> <span class='ocrx_word' id='word_1_96' title='bbox 881 968 1135 1015; x_wconf 79' lang='lat' dir='ltr'>ablegatione</span> <span class='ocrx_word' id='word_1_97' title='bbox 1167 967 1389 1004; x_wconf 89' lang='lat' dir='ltr'>iuventutis</span> <span class='ocrx_word' id='word_1_98' title='bbox 1419 966 1471 1004; x_wconf 88' lang='lat' dir='ltr'>ad</span> <span class='ocrx_word' id='word_1_99' title='bbox 1501 964 1756 1003; x_wconf 84' lang='lat' dir='ltr'>Veliternum</span> 
     </span>
     <span class='ocr_line' id='line_1_13' title="bbox 287 1033 1756 1084; baseline -0.002 -12"><span class='ocrx_word' id='word_1_100' title='bbox 287 1035 496 1082; x_wconf 71' lang='lat' dir='ltr'>Sbellum3</span> <span class='ocrx_word' id='word_1_101' title='bbox 528 1040 726 1084; x_wconf 86' lang='lat' dir='ltr'>postremo</span> <span class='ocrx_word' id='word_1_102' title='bbox 758 1035 1017 1072; x_wconf 86' lang='lat' dir='ltr'>dictatorium</span> <span class='ocrx_word' id='word_1_103' title='bbox 1048 1036 1197 1072; x_wconf 86' lang='lat' dir='ltr'>fulmen</span> <span class='ocrx_word' id='word_1_104' title='bbox 1229 1035 1271 1072; x_wconf 90' lang='lat' dir='ltr'>in</span> <span class='ocrx_word' id='word_1_105' title='bbox 1301 1048 1342 1071; x_wconf 90' lang='lat' dir='ltr'>se</span> <span class='ocrx_word' id='word_1_106' title='bbox 1373 1034 1624 1071; x_wconf 89' lang='lat' dir='ltr'>intentatum.</span> <span class='ocrx_word' id='word_1_107' title='bbox 1669 1033 1756 1070; x_wconf 86' lang='lat' dir='ltr'>Iam</span> 
     </span>
     <span class='ocr_line' id='line_1_14' title="bbox 325 1100 1758 1151; baseline -0.002 -12"><span class='ocrx_word' id='word_1_108' title='bbox 325 1116 395 1139; x_wconf 91' lang='lat' dir='ltr'>nec</span> <span class='ocrx_word' id='word_1_109' title='bbox 428 1103 602 1151; x_wconf 86' lang='lat' dir='ltr'>collegas</span> <span class='ocrx_word' id='word_1_110' title='bbox 632 1117 702 1140; x_wconf 83' lang='lat' dir='ltr'>nec</span> <span class='ocrx_word' id='word_1_111' title='bbox 735 1103 885 1140; x_wconf 89' lang='lat' dir='ltr'>bellum</span> <span class='ocrx_word' id='word_1_112' title='bbox 925 1117 994 1139; x_wconf 86' lang='lat' dir='ltr'>nec</span> <span class='ocrx_word' id='word_1_113' title='bbox 1027 1103 1266 1140; x_wconf 87' lang='lat' dir='ltr'>dictatorem</span> <span class='ocrx_word' id='word_1_114' title='bbox 1298 1102 1468 1148; x_wconf 84' lang='lat' dir='ltr'>obstare,</span> <span class='ocrx_word' id='word_1_115' title='bbox 1505 1101 1655 1150; x_wconf 90' lang='lat' dir='ltr'>quippe</span> <span class='ocrx_word' id='word_1_116' title='bbox 1687 1100 1758 1149; x_wconf 91' lang='lat' dir='ltr'>qui</span> 
     </span>
     <span class='ocr_line' id='line_1_15' title="bbox 327 1168 1757 1220; baseline -0.002 -13"><span class='ocrx_word' id='word_1_117' title='bbox 327 1171 448 1208; x_wconf 84' lang='lat' dir='ltr'>etiam</span> <span class='ocrx_word' id='word_1_118' title='bbox 480 1185 594 1208; x_wconf 87' lang='lat' dir='ltr'>omen</span> <span class='ocrx_word' id='word_1_119' title='bbox 634 1171 794 1220; x_wconf 89' lang='lat' dir='ltr'>plebeio</span> <span class='ocrx_word' id='word_1_120' title='bbox 827 1172 980 1209; x_wconf 89' lang='lat' dir='ltr'>consuli</span> <span class='ocrx_word' id='word_1_121' title='bbox 1021 1171 1212 1219; x_wconf 86' lang='lat' dir='ltr'>magistro</span> <span class='ocrx_word' id='word_1_122' title='bbox 1247 1170 1426 1219; x_wconf 89' lang='lat' dir='ltr'>equitum</span> <span class='ocrx_word' id='word_1_123' title='bbox 1458 1183 1506 1206; x_wconf 84' lang='lat' dir='ltr'>ex</span> <span class='ocrx_word' id='word_1_124' title='bbox 1547 1168 1665 1218; x_wconf 88' lang='lat' dir='ltr'>plebe</span> <span class='ocrx_word' id='word_1_125' title='bbox 1697 1168 1757 1205; x_wconf 88' lang='lat' dir='ltr'>di-</span> 
     </span>
     <span class='ocr_line' id='line_1_16' title="bbox 327 1236 1759 1288; baseline -0.001 -13"><span class='ocrx_word' id='word_1_126' title='bbox 327 1239 450 1275; x_wconf 92' lang='lat' dir='ltr'>cendo</span> <span class='ocrx_word' id='word_1_127' title='bbox 495 1239 668 1285; x_wconf 79' lang='lat' dir='ltr'>dederit3</span> <span class='ocrx_word' id='word_1_128' title='bbox 715 1252 754 1276; x_wconf 90' lang='lat' dir='ltr'>se</span> <span class='ocrx_word' id='word_1_129' title='bbox 797 1239 923 1288; x_wconf 86' lang='lat' dir='ltr'>ipsam</span> <span class='ocrx_word' id='word_1_130' title='bbox 964 1238 1122 1287; x_wconf 88' lang='lat' dir='ltr'>plebem</span> <span class='ocrx_word' id='word_1_131' title='bbox 1164 1242 1203 1275; x_wconf 88' lang='lat' dir='ltr'>et·</span> <span class='ocrx_word' id='word_1_132' title='bbox 1243 1237 1448 1275; x_wconf 87' lang='lat' dir='ltr'>commoda</span> <span class='ocrx_word' id='word_1_133' title='bbox 1487 1236 1636 1274; x_wconf 88' lang='lat' dir='ltr'>morari</span> <span class='ocrx_word' id='word_1_134' title='bbox 1677 1249 1759 1274; x_wconf 86' lang='lat' dir='ltr'>sua.</span> 
     </span>
     <span class='ocr_line' id='line_1_17' title="bbox 290 1303 1758 1352; baseline -0.001 -10"><span class='ocrx_word' id='word_1_135' title='bbox 290 1306 523 1344; x_wconf 78' lang='lat' dir='ltr'>9Liberam</span> <span class='ocrx_word' id='word_1_136' title='bbox 562 1307 702 1344; x_wconf 89' lang='lat' dir='ltr'>urbem</span> <span class='ocrx_word' id='word_1_137' title='bbox 743 1320 786 1343; x_wconf 88' lang='lat' dir='ltr'>ac</span> <span class='ocrx_word' id='word_1_138' title='bbox 829 1307 957 1344; x_wconf 80' lang='lat' dir='ltr'>forum</span> <span class='ocrx_word' id='word_1_139' title='bbox 990 1320 1012 1343; x_wconf 86' lang='lat' dir='ltr'>a</span> <span class='ocrx_word' id='word_1_140' title='bbox 1043 1305 1321 1351; x_wconf 85' lang='lat' dir='ltr'>creditoribus,</span> <span class='ocrx_word' id='word_1_141' title='bbox 1367 1304 1517 1341; x_wconf 89' lang='lat' dir='ltr'>liberos</span> <span class='ocrx_word' id='word_1_142' title='bbox 1558 1317 1675 1352; x_wconf 84' lang='lat' dir='ltr'>agros</span> <span class='ocrx_word' id='word_1_143' title='bbox 1707 1303 1758 1341; x_wconf 89' lang='lat' dir='ltr'>ab</span> 
     </span>
     <span class='ocr_line' id='line_1_18' title="bbox 262 1371 1758 1423; baseline -0.002 -13"><span class='ocrx_word' id='word_1_144' title='bbox 262 1375 312 1411; x_wconf 90' lang='grc'>10</span> <span class='ocrx_word' id='word_1_145' title='bbox 330 1374 492 1411; x_wconf 85' lang='lat' dir='ltr'>iniustis</span> <span class='ocrx_word' id='word_1_146' title='bbox 522 1374 818 1423; x_wconf 84' lang='lat' dir='ltr'>possessoribus</span> <span class='ocrx_word' id='word_1_147' title='bbox 849 1375 1061 1423; x_wconf 85' lang='lat' dir='ltr'>extemplo,</span> <span class='ocrx_word' id='word_1_148' title='bbox 1092 1375 1125 1411; x_wconf 91' lang='lat' dir='ltr'>si</span> <span class='ocrx_word' id='word_1_149' title='bbox 1156 1373 1267 1419; x_wconf 84' lang='lat' dir='ltr'>velit,</span> <span class='ocrx_word' id='word_1_150' title='bbox 1297 1372 1444 1409; x_wconf 88' lang='lat' dir='ltr'>habere</span> <span class='ocrx_word' id='word_1_151' title='bbox 1475 1385 1600 1421; x_wconf 89' lang='lat' dir='ltr'>posse.</span> <span class='ocrx_word' id='word_1_152' title='bbox 1659 1371 1758 1418; x_wconf 76' lang='lat' dir='ltr'>Quae</span> 
     </span>
     <span class='ocr_line' id='line_1_19' title="bbox 328 1439 1759 1491; baseline -0.002 -13"><span class='ocrx_word' id='word_1_153' title='bbox 328 1455 489 1479; x_wconf 89' lang='lat' dir='ltr'>munera</span> <span class='ocrx_word' id='word_1_154' title='bbox 531 1444 690 1491; x_wconf 86' lang='lat' dir='ltr'>quando</span> <span class='ocrx_word' id='word_1_155' title='bbox 730 1442 892 1480; x_wconf 88' lang='lat' dir='ltr'>tandem</span> <span class='ocrx_word' id='word_1_156' title='bbox 933 1442 1030 1479; x_wconf 84' lang='lat' dir='ltr'>satis</span> <span class='ocrx_word' id='word_1_157' title='bbox 1071 1445 1184 1489; x_wconf 85' lang='lat' dir='ltr'>grato</span> <span class='ocrx_word' id='word_1_158' title='bbox 1226 1441 1357 1478; x_wconf 88' lang='lat' dir='ltr'>animo</span> <span class='ocrx_word' id='word_1_159' title='bbox 1399 1440 1683 1486; x_wconf 86' lang='lat' dir='ltr'>aestimaturos,</span> <span class='ocrx_word' id='word_1_160' title='bbox 1724 1439 1759 1476; x_wconf 87' lang='lat' dir='ltr'>si</span> 
     </span>
     <span class='ocr_line' id='line_1_20' title="bbox 329 1506 1759 1559; baseline -0.002 -13"><span class='ocrx_word' id='word_1_161' title='bbox 329 1510 434 1547; x_wconf 86' lang='lat' dir='ltr'>inter</span> <span class='ocrx_word' id='word_1_162' title='bbox 465 1510 720 1559; x_wconf 85' lang='lat' dir='ltr'>accipiendas</span> <span class='ocrx_word' id='word_1_163' title='bbox 751 1510 799 1546; x_wconf 90' lang='lat' dir='ltr'>de</span> <span class='ocrx_word' id='word_1_164' title='bbox 831 1510 913 1547; x_wconf 90' lang='lat' dir='ltr'>suis</span> <span class='ocrx_word' id='word_1_165' title='bbox 944 1510 1162 1547; x_wconf 88' lang='lat' dir='ltr'>commodis</span> <span class='ocrx_word' id='word_1_166' title='bbox 1193 1508 1424 1557; x_wconf 82' lang='lat' dir='ltr'>rogationes</span> <span class='ocrx_word' id='word_1_167' title='bbox 1455 1521 1564 1557; x_wconf 89' lang='lat' dir='ltr'>spem</span> <span class='ocrx_word' id='word_1_168' title='bbox 1595 1506 1759 1544; x_wconf 88' lang='lat' dir='ltr'>honoris</span> 
     </span>
     <span class='ocr_line' id='line_1_21' title="bbox 328 1574 1759 1625; baseline -0.002 -11"><span class='ocrx_word' id='word_1_169' title='bbox 328 1578 527 1615; x_wconf 85' lang='lat' dir='ltr'>latoribus</span> <span class='ocrx_word' id='word_1_170' title='bbox 552 1592 687 1615; x_wconf 87' lang='lat' dir='ltr'>earum</span> <span class='ocrx_word' id='word_1_171' title='bbox 719 1578 930 1614; x_wconf 74' lang='lat' dir='ltr'>incidant?</span> <span class='ocrx_word' id='word_1_172' title='bbox 975 1578 1065 1614; x_wconf 92' lang='lat' dir='ltr'>Non</span> <span class='ocrx_word' id='word_1_173' title='bbox 1089 1591 1172 1614; x_wconf 91' lang='lat' dir='ltr'>esse</span> <span class='ocrx_word' id='word_1_174' title='bbox 1196 1576 1401 1613; x_wconf 86' lang='lat' dir='ltr'>modestiae</span> <span class='ocrx_word' id='word_1_175' title='bbox 1424 1576 1566 1625; x_wconf 90' lang='lat' dir='ltr'>populi</span> <span class='ocrx_word' id='word_1_176' title='bbox 1583 1574 1759 1612; x_wconf 84' lang='lat' dir='ltr'>Romani</span> 
     </span>
     <span class='ocr_line' id='line_1_22' title="bbox 329 1643 1759 1695; baseline -0.002 -14"><span class='ocrx_word' id='word_1_177' title='bbox 329 1646 371 1682; x_wconf 90' lang='lat' dir='ltr'>id</span> <span class='ocrx_word' id='word_1_178' title='bbox 401 1646 616 1695; x_wconf 83' lang='lat' dir='ltr'>postulare,</span> <span class='ocrx_word' id='word_1_179' title='bbox 647 1649 691 1682; x_wconf 87' lang='lat' dir='ltr'>ut</span> <span class='ocrx_word' id='word_1_180' title='bbox 722 1646 806 1694; x_wconf 86' lang='lat' dir='ltr'>ipse</span> <span class='ocrx_word' id='word_1_181' title='bbox 838 1646 970 1681; x_wconf 82' lang='lat' dir='ltr'>fenore</span> <span class='ocrx_word' id='word_1_182' title='bbox 1003 1645 1157 1681; x_wconf 87' lang='lat' dir='ltr'>levetur</span> <span class='ocrx_word' id='word_1_183' title='bbox 1188 1648 1226 1681; x_wconf 90' lang='lat' dir='ltr'>et</span> <span class='ocrx_word' id='word_1_184' title='bbox 1258 1644 1300 1680; x_wconf 88' lang='lat' dir='ltr'>in</span> <span class='ocrx_word' id='word_1_185' title='bbox 1330 1656 1469 1691; x_wconf 84' lang='lat' dir='ltr'>agrum</span> <span class='ocrx_word' id='word_1_186' title='bbox 1501 1643 1653 1679; x_wconf 86' lang='lat' dir='ltr'>iniuria</span> <span class='ocrx_word' id='word_1_187' title='bbox 1669 1655 1759 1691; x_wconf 90' lang='lat' dir='ltr'>pos-</span> 
     </span>
     <span class='ocr_line' id='line_1_23' title="bbox 328 1709 1760 1762; baseline -0.003 -12"><span class='ocrx_word' id='word_1_188' title='bbox 328 1726 476 1751; x_wconf 87' lang='lat' dir='ltr'>sessum</span> <span class='ocrx_word' id='word_1_189' title='bbox 508 1727 530 1750; x_wconf 90' lang='lat' dir='ltr'>a</span> <span class='ocrx_word' id='word_1_190' title='bbox 560 1713 793 1762; x_wconf 87' lang='lat' dir='ltr'>potentibus</span> <span class='ocrx_word' id='word_1_191' title='bbox 835 1713 1057 1758; x_wconf 83' lang='lat' dir='ltr'>inducatur,</span> <span class='ocrx_word' id='word_1_192' title='bbox 1097 1725 1168 1761; x_wconf 88' lang='lat' dir='ltr'>per</span> <span class='ocrx_word' id='word_1_193' title='bbox 1200 1725 1297 1760; x_wconf 90' lang='lat' dir='ltr'>quos</span> <span class='ocrx_word' id='word_1_194' title='bbox 1337 1724 1383 1748; x_wconf 88' lang='lat' dir='ltr'>ea</span> <span class='ocrx_word' id='word_1_195' title='bbox 1423 1713 1655 1747; x_wconf 88' lang='lat' dir='ltr'>consecutus</span> <span class='ocrx_word' id='word_1_196' title='bbox 1695 1709 1760 1755; x_wconf 85' lang='lat' dir='ltr'>sit,</span> 
     </span>
     <span class='ocr_line' id='line_1_24' title="bbox 330 1778 1758 1827; baseline -0.002 -10"><span class='ocrx_word' id='word_1_197' title='bbox 330 1794 440 1817; x_wconf 87' lang='lat' dir='ltr'>senes</span> <span class='ocrx_word' id='word_1_198' title='bbox 470 1780 713 1818; x_wconf 87' lang='lat' dir='ltr'>tribunicios</span> <span class='ocrx_word' id='word_1_199' title='bbox 744 1794 822 1818; x_wconf 92' lang='lat' dir='ltr'>non</span> <span class='ocrx_word' id='word_1_200' title='bbox 855 1781 938 1817; x_wconf 89' lang='lat' dir='ltr'>sine</span> <span class='ocrx_word' id='word_1_201' title='bbox 963 1780 1112 1817; x_wconf 88' lang='lat' dir='ltr'>honore</span> <span class='ocrx_word' id='word_1_202' title='bbox 1137 1783 1305 1825; x_wconf 82' lang='lat' dir='ltr'>tantum,</span> <span class='ocrx_word' id='word_1_203' title='bbox 1336 1778 1405 1816; x_wconf 89' lang='lat' dir='ltr'>sed</span> <span class='ocrx_word' id='word_1_204' title='bbox 1431 1778 1552 1816; x_wconf 88' lang='lat' dir='ltr'>etiam</span> <span class='ocrx_word' id='word_1_205' title='bbox 1578 1778 1663 1815; x_wconf 86' lang='lat' dir='ltr'>sine</span> <span class='ocrx_word' id='word_1_206' title='bbox 1690 1790 1758 1827; x_wconf 88' lang='lat' dir='ltr'>spe</span> 
     </span>
     <span class='ocr_line' id='line_1_25' title="bbox 262 1845 1760 1898; baseline -0.003 -13"><span class='ocrx_word' id='word_1_207' title='bbox 262 1850 309 1885; x_wconf 91' lang='grc'>11</span> <span class='ocrx_word' id='word_1_208' title='bbox 329 1849 493 1886; x_wconf 87' lang='lat' dir='ltr'>honoris</span> <span class='ocrx_word' id='word_1_209' title='bbox 538 1849 755 1898; x_wconf 87' lang='lat' dir='ltr'>relinquat.</span> <span class='ocrx_word' id='word_1_210' title='bbox 821 1848 1001 1885; x_wconf 86' lang='lat' dir='ltr'>Proinde</span> <span class='ocrx_word' id='word_1_211' title='bbox 1047 1847 1125 1897; x_wconf 90' lang='lat' dir='ltr'>ipsi</span> <span class='ocrx_word' id='word_1_212' title='bbox 1170 1847 1342 1896; x_wconf 88' lang='lat' dir='ltr'>primum</span> <span class='ocrx_word' id='word_1_213' title='bbox 1388 1848 1608 1883; x_wconf 82' lang='lat' dir='ltr'>statuerent</span> <span class='ocrx_word' id='word_1_214' title='bbox 1652 1845 1760 1894; x_wconf 87' lang='lat' dir='ltr'>apud</span> 
     </span>
     <span class='ocr_line' id='line_1_26' title="bbox 328 1913 1762 1965; baseline -0.003 -12"><span class='ocrx_word' id='word_1_215' title='bbox 328 1917 491 1962; x_wconf 60' lang='lat' dir='ltr'>animm,</span> <span class='ocrx_word' id='word_1_216' title='bbox 533 1917 631 1965; x_wconf 91' lang='lat' dir='ltr'>quid</span> <span class='ocrx_word' id='word_1_217' title='bbox 661 1917 823 1962; x_wconf 82' lang='lat' dir='ltr'>vellent,</span> <span class='ocrx_word' id='word_1_218' title='bbox 856 1915 1000 1953; x_wconf 87' lang='lat' dir='ltr'>deinde</span> <span class='ocrx_word' id='word_1_219' title='bbox 1032 1915 1207 1953; x_wconf 87' lang='lat' dir='ltr'>comitiis</span> <span class='ocrx_word' id='word_1_220' title='bbox 1244 1914 1478 1951; x_wconf 88' lang='lat' dir='ltr'>tribuniciis</span> <span class='ocrx_word' id='word_1_221' title='bbox 1510 1913 1762 1950; x_wconf 84' lang='lat' dir='ltr'>declararent</span> 
     </span>
     <span class='ocr_line' id='line_1_27' title="bbox 327 1980 1760 2032; baseline -0.002 -12"><span class='ocrx_word' id='word_1_222' title='bbox 327 1984 585 2021; x_wconf 84' lang='lat' dir='ltr'>voluntatem.</span> <span class='ocrx_word' id='word_1_223' title='bbox 633 1983 677 2021; x_wconf 81' lang='lat' dir='ltr'>Si</span> <span class='ocrx_word' id='word_1_224' title='bbox 710 1984 920 2021; x_wconf 91' lang='lat' dir='ltr'>coniuncte</span> <span class='ocrx_word' id='word_1_225' title='bbox 952 1983 1047 2020; x_wconf 88' lang='lat' dir='ltr'>ferri</span> <span class='ocrx_word' id='word_1_226' title='bbox 1074 1983 1123 2020; x_wconf 89' lang='lat' dir='ltr'>ab</span> <span class='ocrx_word' id='word_1_227' title='bbox 1156 1996 1195 2020; x_wconf 90' lang='lat' dir='ltr'>se</span> <span class='ocrx_word' id='word_1_228' title='bbox 1226 1982 1500 2032; x_wconf 84' lang='lat' dir='ltr'>promulgatas</span> <span class='ocrx_word' id='word_1_229' title='bbox 1529 1980 1760 2029; x_wconf 82' lang='lat' dir='ltr'>rogationes</span> 
     </span>
     <span class='ocr_line' id='line_1_28' title="bbox 327 2048 1759 2101; baseline -0.003 -12"><span class='ocrx_word' id='word_1_230' title='bbox 327 2052 487 2097; x_wconf 83' lang='lat' dir='ltr'>vellent,</span> <span class='ocrx_word' id='word_1_231' title='bbox 519 2065 612 2099; x_wconf 84' lang='lat' dir='ltr'>esse,</span> <span class='ocrx_word' id='word_1_232' title='bbox 644 2052 751 2101; x_wconf 88' lang='lat' dir='ltr'>quod</span> <span class='ocrx_word' id='word_1_233' title='bbox 776 2052 932 2088; x_wconf 90' lang='lat' dir='ltr'>eosdem</span> <span class='ocrx_word' id='word_1_234' title='bbox 963 2051 1172 2087; x_wconf 85' lang='lat' dir='ltr'>reficerent</span> <span class='ocrx_word' id='word_1_235' title='bbox 1192 2050 1380 2087; x_wconf 87' lang='lat' dir='ltr'>tribunos</span> <span class='ocrx_word' id='word_1_236' title='bbox 1402 2049 1552 2098; x_wconf 83' lang='lat' dir='ltr'>plebis3</span> <span class='ocrx_word' id='word_1_237' title='bbox 1583 2048 1759 2098; x_wconf 86' lang='lat' dir='ltr'>perlatu-</span> 
     </span>
     <span class='ocr_line' id='line_1_29' title="bbox 264 2115 1760 2168; baseline -0.002 -13"><span class='ocrx_word' id='word_1_238' title='bbox 264 2120 312 2155; x_wconf 80' lang='lat'>12</span> <span class='ocrx_word' id='word_1_239' title='bbox 330 2133 395 2156; x_wconf 89' lang='lat' dir='ltr'>ros</span> <span class='ocrx_word' id='word_1_240' title='bbox 437 2119 554 2165; x_wconf 89' lang='lat' dir='ltr'>enim,</span> <span class='ocrx_word' id='word_1_241' title='bbox 594 2132 681 2168; x_wconf 86' lang='lat' dir='ltr'>quae</span> <span class='ocrx_word' id='word_1_242' title='bbox 721 2119 1085 2168; x_wconf 77' lang='lat' dir='ltr'>promulgaverint3</span> <span class='ocrx_word' id='word_1_243' title='bbox 1131 2119 1204 2165; x_wconf 86' lang='lat' dir='ltr'>sin,</span> <span class='ocrx_word' id='word_1_244' title='bbox 1246 2117 1352 2167; x_wconf 89' lang='lat' dir='ltr'>quod</span> <span class='ocrx_word' id='word_1_245' title='bbox 1384 2117 1527 2166; x_wconf 87' lang='lat' dir='ltr'>cuique</span> <span class='ocrx_word' id='word_1_246' title='bbox 1566 2115 1760 2166; x_wconf 84' lang='lat' dir='ltr'>privatim</span> 
     </span>
     <span class='ocr_line' id='line_1_30' title="bbox 329 2183 1759 2236; baseline -0.002 -13"><span class='ocrx_word' id='word_1_247' title='bbox 329 2200 427 2236; x_wconf 89' lang='lat' dir='ltr'>opus</span> <span class='ocrx_word' id='word_1_248' title='bbox 466 2187 529 2233; x_wconf 86' lang='lat' dir='ltr'>sit,</span> <span class='ocrx_word' id='word_1_249' title='bbox 570 2187 612 2223; x_wconf 92' lang='lat' dir='ltr'>id</span> <span class='ocrx_word' id='word_1_250' title='bbox 653 2187 768 2224; x_wconf 89' lang='lat' dir='ltr'>modo</span> <span class='ocrx_word' id='word_1_251' title='bbox 801 2187 930 2236; x_wconf 85' lang='lat' dir='ltr'>accipi</span> <span class='ocrx_word' id='word_1_252' title='bbox 971 2186 1110 2232; x_wconf 84' lang='lat' dir='ltr'>velint,</span> <span class='ocrx_word' id='word_1_253' title='bbox 1151 2199 1249 2235; x_wconf 90' lang='lat' dir='ltr'>opus</span> <span class='ocrx_word' id='word_1_254' title='bbox 1289 2198 1371 2222; x_wconf 88' lang='lat' dir='ltr'>esse</span> <span class='ocrx_word' id='word_1_255' title='bbox 1411 2184 1516 2222; x_wconf 91' lang='lat' dir='ltr'>nihil</span> <span class='ocrx_word' id='word_1_256' title='bbox 1557 2183 1759 2221; x_wconf 84' lang='lat' dir='ltr'>invidiosa</span> 
     </span>
     <span class='ocr_line' id='line_1_31' title="bbox 329 2252 1759 2301; baseline -0.001 -11"><span class='ocrx_word' id='word_1_257' title='bbox 329 2254 629 2291; x_wconf 84' lang='lat' dir='ltr'>continuatione</span> <span class='ocrx_word' id='word_1_258' title='bbox 660 2254 841 2300; x_wconf 86' lang='lat' dir='ltr'>honoris;</span> <span class='ocrx_word' id='word_1_259' title='bbox 886 2268 957 2291; x_wconf 90' lang='lat' dir='ltr'>nec</span> <span class='ocrx_word' id='word_1_260' title='bbox 989 2268 1028 2291; x_wconf 86' lang='lat' dir='ltr'>se</span> <span class='ocrx_word' id='word_1_261' title='bbox 1058 2254 1309 2291; x_wconf 77' lang='lat' dir='ltr'>‘tribunatum</span> <span class='ocrx_word' id='word_1_262' title='bbox 1340 2265 1411 2290; x_wconf 87' lang='lat' dir='ltr'>nec</span> <span class='ocrx_word' id='word_1_263' title='bbox 1450 2252 1543 2290; x_wconf 86' lang='lat' dir='ltr'>illos</span> <span class='ocrx_word' id='word_1_264' title='bbox 1575 2265 1632 2299; x_wconf 86' lang='lat' dir='ltr'>ea,</span> <span class='ocrx_word' id='word_1_265' title='bbox 1671 2264 1759 2301; x_wconf 87' lang='lat' dir='ltr'>quae</span> 
     </span>
     <span class='ocr_line' id='line_1_32' title="bbox 328 2321 953 2371; baseline 0 -13"><span class='ocrx_word' id='word_1_266' title='bbox 328 2322 581 2371; x_wconf 84' lang='lat' dir='ltr'>promulgata</span> <span class='ocrx_word' id='word_1_267' title='bbox 611 2322 703 2367; x_wconf 89' lang='lat' dir='ltr'>sint,</span> <span class='ocrx_word' id='word_1_268' title='bbox 733 2321 953 2359; x_wconf 87' lang='lat' dir='ltr'>habituros.</span> 
     </span>
     <span class='ocr_line' id='line_1_33' title="bbox 194 2385 1758 2435; baseline -0.003 -8"><span class='ocrx_word' id='word_1_269' title='bbox 194 2385 252 2431; x_wconf 82' lang='lat'>40</span> <span class='ocrx_word' id='word_1_270' title='bbox 448 2389 656 2427; x_wconf 80' lang='lat' dir='ltr'>Adversus</span> <span class='ocrx_word' id='word_1_271' title='bbox 695 2392 775 2426; x_wconf 87' lang='lat' dir='ltr'>tam</span> <span class='ocrx_word' id='word_1_272' title='bbox 819 2388 1059 2426; x_wconf 81' lang='lat' dir='ltr'>obstinatam</span> <span class='ocrx_word' id='word_1_273' title='bbox 1092 2388 1313 2426; x_wconf 83' lang='lat' dir='ltr'>orationem</span> <span class='ocrx_word' id='word_1_274' title='bbox 1351 2387 1606 2425; x_wconf 79' lang='lat' dir='ltr'>tribunorum</span> <span class='ocrx_word' id='word_1_275' title='bbox 1637 2399 1758 2435; x_wconf 89' lang='lat' dir='ltr'>quum</span> 
     </span>
     <span class='ocr_line' id='line_1_34' title="bbox 329 2455 1759 2506; baseline -0.003 -12"><span class='ocrx_word' id='word_1_276' title='bbox 329 2470 409 2506; x_wconf 86' lang='lat' dir='ltr'>prae</span> <span class='ocrx_word' id='word_1_277' title='bbox 441 2457 686 2506; x_wconf 87' lang='lat' dir='ltr'>indignitate</span> <span class='ocrx_word' id='word_1_278' title='bbox 701 2470 833 2494; x_wconf 88' lang='lat' dir='ltr'>rerum</span> <span class='ocrx_word' id='word_1_279' title='bbox 853 2460 991 2504; x_wconf 84' lang='lat' dir='ltr'>stupor</span> <span class='ocrx_word' id='word_1_280' title='bbox 1008 2457 1291 2505; x_wconf 88' lang='lat' dir='ltr'>silentiumque</span> <span class='ocrx_word' id='word_1_281' title='bbox 1315 2455 1409 2492; x_wconf 90' lang='lat' dir='ltr'>inde</span> <span class='ocrx_word' id='word_1_282' title='bbox 1426 2458 1577 2492; x_wconf 86' lang='lat' dir='ltr'>ceteros</span> <span class='ocrx_word' id='word_1_283' title='bbox 1600 2457 1759 2503; x_wconf 87' lang='lat' dir='ltr'>patrum</span> 
     </span>
     <span class='ocr_line' id='line_1_35' title="bbox 287 2521 1758 2574; baseline -0.002 -13"><span class='ocrx_word' id='word_1_284' title='bbox 287 2525 310 2561; x_wconf 83' lang='lat'>2</span> <span class='ocrx_word' id='word_1_285' title='bbox 330 2525 545 2572; x_wconf 87' lang='lat' dir='ltr'>defixisset,</span> <span class='ocrx_word' id='word_1_286' title='bbox 569 2525 676 2574; x_wconf 88' lang='lat' dir='ltr'>App.</span> <span class='ocrx_word' id='word_1_287' title='bbox 701 2523 897 2561; x_wconf 87' lang='lat' dir='ltr'>Claudius</span> <span class='ocrx_word' id='word_1_288' title='bbox 915 2523 1090 2571; x_wconf 76' lang='lat' dir='ltr'>Crassus,</span> <span class='ocrx_word' id='word_1_289' title='bbox 1106 2537 1229 2573; x_wconf 89' lang='lat' dir='ltr'>nepos</span> <span class='ocrx_word' id='word_1_290' title='bbox 1246 2523 1473 2570; x_wconf 77' lang='lat' dir='ltr'>decemviri,</span> <span class='ocrx_word' id='word_1_291' title='bbox 1498 2522 1648 2560; x_wconf 85' lang='lat' dir='ltr'>dicitur</span> <span class='ocrx_word' id='word_1_292' title='bbox 1665 2521 1758 2559; x_wconf 87' lang='lat' dir='ltr'>odio</span> 
     </span>
     <span class='ocr_line' id='line_1_36' title="bbox 328 2588 1757 2641; baseline -0.003 -12"><span class='ocrx_word' id='word_1_293' title='bbox 328 2592 456 2640; x_wconf 86' lang='lat' dir='ltr'>magis</span> <span class='ocrx_word' id='word_1_294' title='bbox 487 2592 628 2641; x_wconf 86' lang='lat' dir='ltr'>iraque</span> <span class='ocrx_word' id='word_1_295' title='bbox 659 2604 775 2641; x_wconf 88' lang='lat' dir='ltr'>quam</span> <span class='ocrx_word' id='word_1_296' title='bbox 806 2604 873 2640; x_wconf 89' lang='lat' dir='ltr'>spe</span> <span class='ocrx_word' id='word_1_297' title='bbox 906 2590 955 2627; x_wconf 85' lang='lat' dir='ltr'>ad</span> <span class='ocrx_word' id='word_1_298' title='bbox 980 2591 1290 2629; x_wconf 88' lang='lat' dir='ltr'>dissuadendum</span> <span class='ocrx_word' id='word_1_299' title='bbox 1320 2590 1557 2640; x_wconf 84' lang='lat' dir='ltr'>processisse</span> <span class='ocrx_word' id='word_1_300' title='bbox 1581 2592 1620 2626; x_wconf 86' lang='lat' dir='ltr'>et</span> <span class='ocrx_word' id='word_1_301' title='bbox 1650 2588 1757 2626; x_wconf 89' lang='lat' dir='ltr'>locu-</span> 
     </span>
    </p>
   </div>
  </div>
 </body>
</html>
