1821 2928
550 210 639 236 Liber
659 211 738 236 vm.
777 211 824 239 (Α.
846 212 896 237 ch.
917 213 1072 237 341—340.)
1427 205 1478 241 97

94 323 216 361 etiam
247 337 287 360 se
319 322 369 360 ab
397 323 670 372 ignavissimis
696 325 857 374 populis
874 326 1071 365 sinerent:
1104 328 1270 366 Latinos
1288 329 1531 379 Campanos·
1555 331 1598 367 11

94 405 182 442 que,
213 391 247 428 si
278 391 352 428 sub
384 391 546 429 dicione
577 393 719 442 populi
740 393 913 431 Romani
945 399 1087 441 essent,
1118 409 1190 445 pro
1224 397 1394 446 imperio
1427 412 1534 435 arce-

93 463 182 498 rent
213 458 388 497 Samniti
421 473 530 509 agro,
560 461 621 497 sin
647 460 860 510 imperium
884 461 1116 502 abnuerent.
1148 465 1268 501 armis
1296 470 1535 503 coercerent.

94 527 303 566 Adversus
334 528 418 565 haec
450 541 683 578 responsum
715 542 860 579 anceps
892 529 1046 577 datum,
1078 532 1175 580 quia
1206 533 1325 569 fateri
1357 534 1533 583 pigebat.
1554 533 1602 569 12

94 596 135 633 in
167 600 364 646 potestate
397 609 466 633 sua
498 596 666 633 Latinos
699 598 778 634 iam
811 611 889 635 non
921 612 1018 639 esse,
1048 599 1346 649 timebantque,
1387 615 1436 639 ne
1475 616 1534 640 ar-

92 664 252 713 guendo
284 664 575 701 abalienarent.
637 664 931 715 Campanorum
963 667 1084 703 aliam
1123 668 1399 706 condicionem
1441 684 1535 716 esse,
1556 669 1604 706 13

90 732 162 782 qui
194 745 273 769 non
307 731 466 778 foedere,
498 733 566 770 sed
592 746 663 782 per
681 733 929 771 deditionem
947 734 988 770 in
1005 734 1123 772 fidem
1141 735 1365 782 venissent3
1398 737 1534 788 itaque

92 800 330 850 Campanos,
361 813 430 837 seu
459 801 589 837 velint
619 814 687 838 seu
719 801 860 847 nolint,
892 802 1117 851 quieturos3
1150 803 1191 840 in
1217 803 1367 841 foedere
1384 805 1532 843 Latino

90 868 196 905 nihil
228 882 322 915 esse,
355 882 433 918 quo
464 869 629 915 bellare,
661 883 748 906 cum
781 869 928 919 quibus
953 870 1032 920 ipsi
1058 871 1197 909 velint.
1228 872 1533 921 prohibeantur.

88 936 207 984 Quod
239 950 471 986 responsum
505 938 611 975 sicut
656 937 802 975 dubios
842 937 1060 977 Samnites.
1103 939 1296 988 quidnam
1334 940 1531 979 facturum
1624 938 1652 983 3

85 1005 314 1042 Romanum
347 1010 564 1052 censerent,
595 1006 763 1050 dimisit,
794 1007 851 1043 ita
880 1007 1105 1056 Campanos
1136 1011 1243 1044 metu
1274 1008 1531 1049 abalienavit.

87 1073 268 1114 Latinos,
294 1074 404 1110 velut
432 1074 536 1110 nihil
553 1074 631 1111 iam
648 1088 730 1111 non
748 1075 1061 1112 concedentibus
1078 1076 1285 1123 Romanis,
1316 1077 1532 1115 ferociores

87 1142 194 1179 fecit.
254 1142 398 1192 Itaque
437 1155 508 1191 per
550 1143 723 1192 speciem
770 1143 958 1181 adversus
991 1142 1194 1181 Samnites
1225 1144 1323 1181 belli
1356 1146 1571 1194 parandi?

84 1211 227 1248 crebra
258 1211 430 1248 concilia
463 1210 697 1256 indicentes,
736 1212 922 1249 omnibus
953 1213 1321 1250 consultationibus
1354 1213 1460 1251 inter
1491 1228 1531 1252 se

86 1279 291 1329 principes
323 1280 478 1316 occulte
494 1280 720 1317 Romanum
753 1280 979 1329 coquebant
1011 1280 1171 1318 bellum.
1231 1281 1339 1318 Huic
1372 1295 1531 1332 quoque

45 1361 48 1364 ⁴
85 1347 277 1384 adversus
308 1352 530 1386 servatores
560 1361 652 1386 suos
684 1348 790 1385 bello
823 1349 1051 1399 Campanus
1082 1349 1234 1386 aderat.
1294 1348 1373 1387 Sed
1405 1364 1529 1400 quan·
1548 1350 1572 1386 3

84 1428 204 1465 quam
236 1417 369 1453 omnia
401 1417 450 1454 de
481 1417 684 1454 industria
714 1417 958 1463 celabantur,
989 1416 1205 1467 priusque,
1251 1431 1369 1467 quam
1402 1432 1530 1457 move-

85 1488 224 1521 rentur
254 1484 439 1525 Romani.
469 1485 562 1522 tolli
594 1485 644 1522 ab
676 1489 789 1534 tergo
809 1485 1029 1523 Samnitem
1061 1486 1214 1523 hostem
1239 1486 1441 1533 volebant,
1471 1491 1529 1525 ta-

85 1565 173 1589 men
205 1566 276 1602 per
307 1553 499 1603 quosdam
538 1553 709 1602 privatis
741 1554 931 1603 hospitiis
962 1553 1406 1604 necessitudinibusque
1439 1569 1529 1593 con-

87 1621 243 1658 iunctos
271 1621 424 1658 indicia
449 1621 738 1659 coniurationis
763 1622 846 1659 eius
864 1622 1032 1659 Romam
1050 1626 1298 1668 emanarunt,
1330 1623 1529 1674 iussisque
1547 1623 1572 1659 4

83 1694 175 1727 ante
205 1693 362 1739 tempus
394 1689 627 1727 consulibus
659 1689 849 1727 abdicare
876 1705 915 1727 se
941 1691 1191 1740 magistrata.
1224 1705 1301 1740 quo
1333 1693 1529 1730 maturius

85 1758 178 1795 novi
210 1759 391 1795 consules
422 1757 612 1794 adversus
641 1761 794 1795 tantam
822 1759 965 1796 molem
982 1758 1079 1796 belli
1107 1763 1351 1800 crearentur.
1381 1761 1529 1809 religio

85 1826 260 1864 incessit.
291 1826 341 1863 ab
373 1826 443 1872 eis,
474 1839 643 1875 quorum
676 1826 932 1863 imminutum
965 1828 1177 1877 imperium
1210 1832 1324 1874 esset,
1364 1829 1525 1866 comitia

83 1894 236 1931 haberi.
296 1894 441 1944 Itaque
473 1894 744 1942 interregnum
779 1895 934 1932 initum.
1010 1896 1104 1933 Duo
1145 1896 1365 1944 interreges
1405 1894 1570 1936 fue1·e.5

82 1961 138 1999 M.
171 1962 358 1999 Valerius
391 1976 435 2000 ac
465 1962 520 1999 M.
553 1962 715 2000 Fabius.
778 1960 828 2002 Is
858 1964 1011 2001 creavit
1041 1964 1222 2001 consules
1254 1963 1299 2000 T.
1330 1964 1526 2002 Manlium

81 2030 332 2080 Torquatum
362 2031 540 2076 tertium,
571 2031 617 2067 P.
648 2031 821 2068 Decium
853 2032 1021 2068 Murem.
1545 2030 1732 2092 2:¹31f··{4‡-

198 2099 257 2136 Eo
299 2112 401 2136 anno
432 2098 712 2136 Alexandrum
744 2100 862 2149 Epiri
903 2113 1037 2148 regem
1080 2099 1120 2137 in
1161 2099 1323 2136 Italiam
1362 2100 1524 2138 classem
1545 2103 1568 2136 (5

81 2167 286 2217 appulisse
318 2170 490 2212 constat;
522 2167 628 2216 quod
661 2167 822 2213 bellum,
854 2168 887 2204 si
919 2168 1051 2217 prima
1082 2168 1180 2205 satis
1210 2181 1403 2218 prospera
1430 2170 1525 2206 fuis-

81 2239 190 2281 sent,
236 2235 342 2273 haud
385 2234 508 2271 dubie
553 2235 604 2272 ad
652 2235 854 2272 Romanos
900 2236 1155 2285 pervenisset.
1230 2236 1381 2274 Eadem
1429 2238 1566 2275 aetas?

83 2315 214 2340 rerum
260 2303 396 2351 magni
428 2302 654 2340 Alexandri
702 2307 780 2349 est,
826 2317 941 2353 quem
988 2318 1123 2342 sorore
1161 2305 1279 2343 huius
1321 2310 1450 2343 ortum
1485 2307 1524 2343 in

83 2370 162 2408 alio
206 2374 340 2408 tractu
387 2370 514 2410 orbis.
563 2372 753 2409 invictum
791 2372 932 2411 bellis.
980 2373 1161 2411 iuvenem
1193 2374 1351 2411 fortuna
1386 2374 1524 2411 morbo

84 2439 290 2476 exstinxit.

197 2508 382 2545 Ceterum
429 2498 624 2551 Romani,
679 2509 753 2546 etsi
807 2508 979 2546 defectio
1025 2510 1222 2547 sociorum
1269 2509 1565 2558 nominisqness

83 2573 222 2612 Lat-ini
254 2575 360 2613 haud
392 2575 517 2613 dubia
549 2580 646 2622 erat,
676 2581 821 2622 tamen,
849 2581 1039 2627 tanquam
1072 2577 1120 2614 de
1152 2576 1413 2622 Samnitibus.
1445 2591 1522 2614 non

83 2641 133 2678 de
178 2656 218 2680 se
264 2657 399 2682 curam
431 2649 615 2693 agerent.
662 2645 795 2682 decem
842 2645 1043 2695 principes
1076 2646 1313 2683 Latinorum
1353 2644 1520 2683 Romam

1249 2724 1269 2734 ,-

152 2720 254 2746 Livius
275 2729 312 2747 ex
333 2730 390 2748 rec.
411 2723 564 2750 Madvim'i.
594 2724 633 2748 11.
1255 2734 1264 2755 a
