<?xml version="1.0" encoding="UTF-8"?>
<!DOCTYPE html PUBLIC "-//W3C//DTD XHTML 1.0 Transitional//EN"
    "http://www.w3.org/TR/xhtml1/DTD/xhtml1-transitional.dtd">
<html xmlns="http://www.w3.org/1999/xhtml" xml:lang="en" lang="en">
 <head>
  <title>
</title>
<meta http-equiv="Content-Type" content="text/html;charset=utf-8" />
  <meta name='ocr-system' content='tesseract 3.04.00' />
  <meta name='ocr-capabilities' content='ocr_page ocr_carea ocr_par ocr_line ocrx_word'/>
</head>
<body>
  <div class='ocr_page' id='page_1' title='image "./historiarumroman01livyuoft_0212.png"; bbox 0 0 1821 2928; ppageno 0'>
   <div class='ocr_carea' id='block_1_1' title="bbox 307 129 1335 173">
    <p class='ocr_par' dir='ltr' id='par_1_1' title="bbox 307 129 1335 173">
     <span class='ocr_line' id='line_1_1' title="bbox 307 129 1335 173; baseline -0.009 -1"><span class='ocrx_word' id='word_1_1' title='bbox 307 135 383 173; x_wconf 85' lang='lat'>186</span> <span class='ocrx_word' id='word_1_2' title='bbox 676 130 791 165; x_wconf 67' lang='lat' dir='ltr'>Liber</span> <span class='ocrx_word' id='word_1_3' title='bbox 815 129 889 164; x_wconf 85' lang='lat'>111.</span> <span class='ocrx_word' id='word_1_4' title='bbox 939 130 998 173; x_wconf 86' lang='lat' dir='ltr'>(A.</span> <span class='ocrx_word' id='word_1_5' title='bbox 1025 141 1060 163; x_wconf 85' lang='lat' dir='ltr'>u.</span> <span class='ocrx_word' id='word_1_6' title='bbox 1087 142 1117 166; x_wconf 78' lang='lat' dir='ltr'>c.</span> <span class='ocrx_word' id='word_1_7' title='bbox 1142 130 1335 165; x_wconf 84' lang='lat'><strong>305-307.</strong></span> 
     </span>
    </p>
   </div>
   <div class='ocr_carea' id='block_1_2' title="bbox 173 255 1732 2732">
    <p class='ocr_par' dir='ltr' id='par_1_2' title="bbox 309 255 1732 310">
     <span class='ocr_line' id='line_1_2' title="bbox 309 255 1732 310; baseline 0.001 -15"><span class='ocrx_word' id='word_1_8' title='bbox 309 271 412 295; x_wconf 90' lang='lat' dir='ltr'>nunc</span> <span class='ocrx_word' id='word_1_9' title='bbox 430 257 532 295; x_wconf 83' lang='lat' dir='ltr'>aedes</span> <span class='ocrx_word' id='word_1_10' title='bbox 552 257 758 307; x_wconf 84' lang='lat' dir='ltr'>Apollinis</span> <span class='ocrx_word' id='word_1_11' title='bbox 777 260 835 294; x_wconf 86' lang='lat' dir='ltr'>est</span> <span class='ocrx_word' id='word_1_12' title='bbox 854 257 950 304; x_wconf 90' lang='lat' dir='ltr'>(iam</span> <span class='ocrx_word' id='word_1_13' title='bbox 967 260 1050 294; x_wconf 87' lang='lat' dir='ltr'>tum</span> <span class='ocrx_word' id='word_1_14' title='bbox 1068 256 1308 307; x_wconf 83' lang='lat' dir='ltr'>Apollinare</span> <span class='ocrx_word' id='word_1_15' title='bbox 1325 255 1616 310; x_wconf 74' lang='lat' dir='ltr'>appellabant),</span> <span class='ocrx_word' id='word_1_16' title='bbox 1640 270 1732 296; x_wconf 86' lang='lat' dir='ltr'>avo-</span> 
     </span>
    </p>

    <p class='ocr_par' dir='ltr' id='par_1_3' title="bbox 173 327 1732 2732">
     <span class='ocr_line' id='line_1_3' title="bbox 263 327 1730 378; baseline -0.001 -10"><span class='ocrx_word' id='word_1_17' title='bbox 263 331 289 368; x_wconf 86' lang='lat'>8</span> <span class='ocrx_word' id='word_1_18' title='bbox 306 343 443 367; x_wconf 81' lang='lat' dir='ltr'>cavere</span> <span class='ocrx_word' id='word_1_19' title='bbox 469 333 661 366; x_wconf 85' lang='lat' dir='ltr'>senatum.</span> <span class='ocrx_word' id='word_1_20' title='bbox 709 327 792 365; x_wconf 88' lang='lat' dir='ltr'>Ubi</span> <span class='ocrx_word' id='word_1_21' title='bbox 817 341 936 377; x_wconf 91' lang='lat' dir='ltr'>quum</span> <span class='ocrx_word' id='word_1_22' title='bbox 973 327 1126 376; x_wconf 86' lang='lat' dir='ltr'>ingenti</span> <span class='ocrx_word' id='word_1_23' title='bbox 1161 341 1354 365; x_wconf 88' lang='lat' dir='ltr'>consensu</span> <span class='ocrx_word' id='word_1_24' title='bbox 1379 330 1537 378; x_wconf 85' lang='lat' dir='ltr'>patrum</span> <span class='ocrx_word' id='word_1_25' title='bbox 1567 341 1730 378; x_wconf 82' lang='lat' dir='ltr'>negare·</span> 
     </span>
     <span class='ocr_line' id='line_1_4' title="bbox 304 398 1731 450; baseline 0 -12"><span class='ocrx_word' id='word_1_26' title='bbox 304 406 369 438; x_wconf 83' lang='lat' dir='ltr'>tur</span> <span class='ocrx_word' id='word_1_27' title='bbox 398 400 634 450; x_wconf 84' lang='lat' dir='ltr'>triumphus,</span> <span class='ocrx_word' id='word_1_28' title='bbox 666 399 711 436; x_wconf 91' lang='lat' dir='ltr'>L.</span> <span class='ocrx_word' id='word_1_29' title='bbox 731 398 872 436; x_wconf 87' lang='lat' dir='ltr'>Icilius</span> <span class='ocrx_word' id='word_1_30' title='bbox 901 399 1086 436; x_wconf 90' lang='lat' dir='ltr'>tribunus</span> <span class='ocrx_word' id='word_1_31' title='bbox 1117 399 1246 448; x_wconf 88' lang='lat' dir='ltr'>plebis</span> <span class='ocrx_word' id='word_1_32' title='bbox 1277 399 1373 436; x_wconf 92' lang='lat' dir='ltr'>tulit</span> <span class='ocrx_word' id='word_1_33' title='bbox 1395 399 1445 437; x_wconf 89' lang='lat' dir='ltr'>ad</span> <span class='ocrx_word' id='word_1_34' title='bbox 1475 400 1667 450; x_wconf 87' lang='lat' dir='ltr'>populum</span> <span class='ocrx_word' id='word_1_35' title='bbox 1683 400 1731 438; x_wconf 85' lang='lat' dir='ltr'>de</span> 
     </span>
     <span class='ocr_line' id='line_1_5' title="bbox 307 470 1730 522; baseline 0 -13"><span class='ocrx_word' id='word_1_36' title='bbox 307 472 509 522; x_wconf 81' lang='lat' dir='ltr'>triumpho</span> <span class='ocrx_word' id='word_1_37' title='bbox 542 471 758 517; x_wconf 91' lang='lat' dir='ltr'>consulum,</span> <span class='ocrx_word' id='word_1_38' title='bbox 797 471 933 508; x_wconf 89' lang='lat' dir='ltr'>multis</span> <span class='ocrx_word' id='word_1_39' title='bbox 972 470 1193 507; x_wconf 85' lang='lat' dir='ltr'>dissuasum</span> <span class='ocrx_word' id='word_1_40' title='bbox 1223 470 1530 521; x_wconf 76' lang='lat' dir='ltr'>prodeuntibus,</span> <span class='ocrx_word' id='word_1_41' title='bbox 1562 471 1730 509; x_wconf 84' lang='lat' dir='ltr'>maxime</span> 
     </span>
     <span class='ocr_line' id='line_1_6' title="bbox 263 542 1730 592; baseline -0.001 -11"><span class='ocrx_word' id='word_1_42' title='bbox 263 546 286 581; x_wconf 85' lang='lat'>9</span> <span class='ocrx_word' id='word_1_43' title='bbox 307 543 347 581; x_wconf 85' lang='lat' dir='ltr'>G.</span> <span class='ocrx_word' id='word_1_44' title='bbox 369 543 539 581; x_wconf 87' lang='lat' dir='ltr'>Claudio</span> <span class='ocrx_word' id='word_1_45' title='bbox 571 542 824 589; x_wconf 86' lang='lat' dir='ltr'>vociferante,</span> <span class='ocrx_word' id='word_1_46' title='bbox 855 542 903 579; x_wconf 90' lang='lat' dir='ltr'>de</span> <span class='ocrx_word' id='word_1_47' title='bbox 932 542 1126 592; x_wconf 86' lang='lat' dir='ltr'>patribus,</span> <span class='ocrx_word' id='word_1_48' title='bbox 1158 554 1236 579; x_wconf 92' lang='lat' dir='ltr'>non</span> <span class='ocrx_word' id='word_1_49' title='bbox 1264 542 1312 579; x_wconf 93' lang='lat' dir='ltr'>de</span> <span class='ocrx_word' id='word_1_50' title='bbox 1336 542 1519 580; x_wconf 76' lang='lat' dir='ltr'>hostibus</span> <span class='ocrx_word' id='word_1_51' title='bbox 1550 543 1730 581; x_wconf 87' lang='lat' dir='ltr'>consules</span> 
     </span>
     <span class='ocr_line' id='line_1_7' title="bbox 301 613 1729 664; baseline 0 -12"><span class='ocrx_word' id='word_1_52' title='bbox 301 614 550 664; x_wconf 81' lang='lat' dir='ltr'>triumphare</span> <span class='ocrx_word' id='word_1_53' title='bbox 565 613 681 662; x_wconf 79' lang='lat' dir='ltr'>velle,</span> <span class='ocrx_word' id='word_1_54' title='bbox 713 614 962 663; x_wconf 83' lang='lat' dir='ltr'>gratiamque</span> <span class='ocrx_word' id='word_1_55' title='bbox 978 625 1050 663; x_wconf 90' lang='lat' dir='ltr'>pro</span> <span class='ocrx_word' id='word_1_56' title='bbox 1081 613 1236 663; x_wconf 89' lang='lat' dir='ltr'>privato</span> <span class='ocrx_word' id='word_1_57' title='bbox 1267 613 1409 651; x_wconf 90' lang='lat' dir='ltr'>merito</span> <span class='ocrx_word' id='word_1_58' title='bbox 1441 614 1482 651; x_wconf 91' lang='lat' dir='ltr'>in</span> <span class='ocrx_word' id='word_1_59' title='bbox 1515 614 1729 663; x_wconf 87' lang='lat' dir='ltr'>tribunum,</span> 
     </span>
     <span class='ocr_line' id='line_1_8' title="bbox 304 684 1729 736; baseline 0 -13"><span class='ocrx_word' id='word_1_60' title='bbox 304 699 381 724; x_wconf 86' lang='lat' dir='ltr'>non</span> <span class='ocrx_word' id='word_1_61' title='bbox 411 699 483 736; x_wconf 91' lang='lat' dir='ltr'>pro</span> <span class='ocrx_word' id='word_1_62' title='bbox 515 685 664 723; x_wconf 88' lang='lat' dir='ltr'>virtute</span> <span class='ocrx_word' id='word_1_63' title='bbox 695 684 882 722; x_wconf 90' lang='lat' dir='ltr'>honorem</span> <span class='ocrx_word' id='word_1_64' title='bbox 914 685 1006 734; x_wconf 91' lang='lat' dir='ltr'>peti.</span> <span class='ocrx_word' id='word_1_65' title='bbox 1066 684 1279 734; x_wconf 89' lang='lat' dir='ltr'>Nunquam</span> <span class='ocrx_word' id='word_1_66' title='bbox 1326 688 1416 722; x_wconf 86' lang='lat' dir='ltr'>ante</span> <span class='ocrx_word' id='word_1_67' title='bbox 1448 685 1497 722; x_wconf 90' lang='lat' dir='ltr'>de</span> <span class='ocrx_word' id='word_1_68' title='bbox 1528 685 1729 736; x_wconf 88' lang='lat' dir='ltr'>triumpho</span> 
     </span>
     <span class='ocr_line' id='line_1_9' title="bbox 303 756 1730 808; baseline -0.001 -13"><span class='ocrx_word' id='word_1_69' title='bbox 303 771 372 808; x_wconf 90' lang='lat' dir='ltr'>per</span> <span class='ocrx_word' id='word_1_70' title='bbox 403 756 594 807; x_wconf 89' lang='lat' dir='ltr'>populum</span> <span class='ocrx_word' id='word_1_71' title='bbox 625 760 775 802; x_wconf 81' lang='lat' dir='ltr'>actum;</span> <span class='ocrx_word' id='word_1_72' title='bbox 807 769 960 805; x_wconf 87' lang='lat' dir='ltr'>semper</span> <span class='ocrx_word' id='word_1_73' title='bbox 991 756 1292 793; x_wconf 80' lang='lat' dir='ltr'>aestimationem</span> <span class='ocrx_word' id='word_1_74' title='bbox 1324 756 1616 806; x_wconf 87' lang='lat' dir='ltr'>arbitriumque</span> <span class='ocrx_word' id='word_1_75' title='bbox 1647 757 1730 794; x_wconf 89' lang='lat' dir='ltr'>eius</span> 
     </span>
     <span class='ocr_line' id='line_1_10' title="bbox 239 827 1729 878; baseline -0.001 -12"><span class='ocrx_word' id='word_1_76' title='bbox 239 829 289 866; x_wconf 91' lang='lat'>10</span> <span class='ocrx_word' id='word_1_77' title='bbox 307 829 470 867; x_wconf 87' lang='lat' dir='ltr'>honoris</span> <span class='ocrx_word' id='word_1_78' title='bbox 502 842 620 878; x_wconf 89' lang='lat' dir='ltr'>penes</span> <span class='ocrx_word' id='word_1_79' title='bbox 651 832 828 865; x_wconf 86' lang='lat' dir='ltr'>senatum</span> <span class='ocrx_word' id='word_1_80' title='bbox 862 828 998 873; x_wconf 84' lang='lat' dir='ltr'>fuisse3</span> <span class='ocrx_word' id='word_1_81' title='bbox 1045 840 1092 864; x_wconf 91' lang='lat' dir='ltr'>ne</span> <span class='ocrx_word' id='word_1_82' title='bbox 1137 840 1250 876; x_wconf 86' lang='lat' dir='ltr'>reges</span> <span class='ocrx_word' id='word_1_83' title='bbox 1292 827 1454 876; x_wconf 91' lang='lat' dir='ltr'>quidem</span> <span class='ocrx_word' id='word_1_84' title='bbox 1485 828 1729 866; x_wconf 86' lang='lat' dir='ltr'>maiestatem</span> 
     </span>
     <span class='ocr_line' id='line_1_11' title="bbox 303 898 1730 949; baseline -0.001 -11"><span class='ocrx_word' id='word_1_85' title='bbox 303 901 442 938; x_wconf 87' lang='lat' dir='ltr'>summi</span> <span class='ocrx_word' id='word_1_86' title='bbox 475 899 626 937; x_wconf 87' lang='lat' dir='ltr'>ordinis</span> <span class='ocrx_word' id='word_1_87' title='bbox 658 899 912 938; x_wconf 87' lang='lat' dir='ltr'>imminuisse.</span> <span class='ocrx_word' id='word_1_88' title='bbox 987 898 1046 936; x_wconf 88' lang='lat' dir='ltr'>Ne</span> <span class='ocrx_word' id='word_1_89' title='bbox 1079 899 1135 935; x_wconf 87' lang='lat' dir='ltr'>ita</span> <span class='ocrx_word' id='word_1_90' title='bbox 1173 898 1307 936; x_wconf 87' lang='lat' dir='ltr'>omnia</span> <span class='ocrx_word' id='word_1_91' title='bbox 1335 898 1488 936; x_wconf 89' lang='lat' dir='ltr'>tribuni</span> <span class='ocrx_word' id='word_1_92' title='bbox 1519 899 1730 949; x_wconf 82' lang='lat' dir='ltr'>potestatis</span> 
     </span>
     <span class='ocr_line' id='line_1_12' title="bbox 303 970 1730 1020; baseline -0.001 -11"><span class='ocrx_word' id='word_1_93' title='bbox 303 985 382 1010; x_wconf 84' lang='lat' dir='ltr'>suae</span> <span class='ocrx_word' id='word_1_94' title='bbox 415 972 635 1020; x_wconf 77' lang='lat' dir='ltr'>implerent,</span> <span class='ocrx_word' id='word_1_95' title='bbox 665 974 712 1007; x_wconf 91' lang='lat' dir='ltr'>ut</span> <span class='ocrx_word' id='word_1_96' title='bbox 742 971 894 1007; x_wconf 89' lang='lat' dir='ltr'>nullum</span> <span class='ocrx_word' id='word_1_97' title='bbox 926 970 1131 1020; x_wconf 89' lang='lat' dir='ltr'>publicum</span> <span class='ocrx_word' id='word_1_98' title='bbox 1179 970 1385 1007; x_wconf 88' lang='lat' dir='ltr'>consilium</span> <span class='ocrx_word' id='word_1_99' title='bbox 1427 970 1603 1008; x_wconf 82' lang='lat' dir='ltr'>sinerent</span> <span class='ocrx_word' id='word_1_100' title='bbox 1633 983 1730 1008; x_wconf 86' lang='lat' dir='ltr'>esse.</span> 
     </span>
     <span class='ocr_line' id='line_1_13' title="bbox 304 1041 1732 1091; baseline -0.001 -11"><span class='ocrx_word' id='word_1_101' title='bbox 304 1044 367 1080; x_wconf 80' lang='lat' dir='ltr'>Ita</span> <span class='ocrx_word' id='word_1_102' title='bbox 399 1043 553 1080; x_wconf 90' lang='lat' dir='ltr'>demum</span> <span class='ocrx_word' id='word_1_103' title='bbox 586 1042 752 1079; x_wconf 86' lang='lat' dir='ltr'>liberam</span> <span class='ocrx_word' id='word_1_104' title='bbox 786 1042 984 1078; x_wconf 81' lang='lat' dir='ltr'>civitatem</span> <span class='ocrx_word' id='word_1_105' title='bbox 1023 1042 1120 1089; x_wconf 82' lang='lat' dir='ltr'>fore,</span> <span class='ocrx_word' id='word_1_106' title='bbox 1153 1042 1209 1078; x_wconf 88' lang='lat' dir='ltr'>ita</span> <span class='ocrx_word' id='word_1_107' title='bbox 1240 1045 1415 1091; x_wconf 87' lang='lat' dir='ltr'>aequatas</span> <span class='ocrx_word' id='word_1_108' title='bbox 1447 1041 1565 1091; x_wconf 84' lang='lat' dir='ltr'>leges,</span> <span class='ocrx_word' id='word_1_109' title='bbox 1598 1041 1632 1079; x_wconf 84' lang='lat' dir='ltr'>si</span> <span class='ocrx_word' id='word_1_110' title='bbox 1661 1054 1732 1079; x_wconf 73' lang='lat' dir='ltr'>sua</span> 
     </span>
     <span class='ocr_line' id='line_1_14' title="bbox 240 1112 1731 1164; baseline -0.001 -13"><span class='ocrx_word' id='word_1_111' title='bbox 240 1115 287 1151; x_wconf 92' lang='lat'>11</span> <span class='ocrx_word' id='word_1_112' title='bbox 309 1114 476 1164; x_wconf 86' lang='lat' dir='ltr'>quisque</span> <span class='ocrx_word' id='word_1_113' title='bbox 509 1114 595 1150; x_wconf 89' lang='lat' dir='ltr'>iura</span> <span class='ocrx_word' id='word_1_114' title='bbox 626 1113 736 1153; x_wconf 79' lang='lat' dir='ltr'>ordo.</span> <span class='ocrx_word' id='word_1_115' title='bbox 769 1126 877 1150; x_wconf 87' lang='lat' dir='ltr'>suam</span> <span class='ocrx_word' id='word_1_116' title='bbox 910 1113 1154 1150; x_wconf 87' lang='lat' dir='ltr'>maiestatem</span> <span class='ocrx_word' id='word_1_117' title='bbox 1187 1115 1334 1152; x_wconf 85' lang='lat' dir='ltr'>teneat.</span> <span class='ocrx_word' id='word_1_118' title='bbox 1380 1112 1428 1149; x_wconf 95' lang='lat' dir='ltr'>In</span> <span class='ocrx_word' id='word_1_119' title='bbox 1448 1112 1614 1151; x_wconf 86' lang='lat' dir='ltr'>eandem</span> <span class='ocrx_word' id='word_1_120' title='bbox 1645 1125 1731 1150; x_wconf 88' lang='lat' dir='ltr'>sen-</span> 
     </span>
     <span class='ocr_line' id='line_1_15' title="bbox 303 1184 1731 1234; baseline -0.001 -11"><span class='ocrx_word' id='word_1_121' title='bbox 303 1186 466 1223; x_wconf 81' lang='lat' dir='ltr'>tentiam</span> <span class='ocrx_word' id='word_1_122' title='bbox 498 1185 622 1221; x_wconf 87' lang='lat' dir='ltr'>multa</span> <span class='ocrx_word' id='word_1_123' title='bbox 654 1188 693 1221; x_wconf 89' lang='lat' dir='ltr'>et</span> <span class='ocrx_word' id='word_1_124' title='bbox 725 1198 746 1221; x_wconf 89' lang='lat' dir='ltr'>a</span> <span class='ocrx_word' id='word_1_125' title='bbox 791 1185 932 1221; x_wconf 88' lang='lat' dir='ltr'>ceteris</span> <span class='ocrx_word' id='word_1_126' title='bbox 964 1184 1186 1221; x_wconf 89' lang='lat' dir='ltr'>senioribus</span> <span class='ocrx_word' id='word_1_127' title='bbox 1233 1187 1390 1233; x_wconf 90' lang='lat' dir='ltr'>patrum</span> <span class='ocrx_word' id='word_1_128' title='bbox 1436 1197 1556 1234; x_wconf 90' lang='lat' dir='ltr'>quum</span> <span class='ocrx_word' id='word_1_129' title='bbox 1602 1188 1731 1222; x_wconf 84' lang='lat' dir='ltr'>essent</span> 
     </span>
     <span class='ocr_line' id='line_1_16' title="bbox 304 1255 1731 1310; baseline -0.001 -16"><span class='ocrx_word' id='word_1_130' title='bbox 304 1258 422 1305; x_wconf 86' lang='lat' dir='ltr'>dicta,</span> <span class='ocrx_word' id='word_1_131' title='bbox 455 1269 588 1293; x_wconf 88' lang='lat' dir='ltr'>omnes</span> <span class='ocrx_word' id='word_1_132' title='bbox 618 1255 748 1292; x_wconf 84' lang='lat' dir='ltr'>tribus</span> <span class='ocrx_word' id='word_1_133' title='bbox 780 1269 864 1310; x_wconf 85' lang='lat' dir='ltr'>eam</span> <span class='ocrx_word' id='word_1_134' title='bbox 884 1256 1132 1304; x_wconf 86' lang='lat' dir='ltr'>rogationem</span> <span class='ocrx_word' id='word_1_135' title='bbox 1151 1259 1396 1305; x_wconf 86' lang='lat' dir='ltr'>acceperunt.</span> <span class='ocrx_word' id='word_1_136' title='bbox 1441 1255 1543 1292; x_wconf 82' lang='lat' dir='ltr'>Tum</span> <span class='ocrx_word' id='word_1_137' title='bbox 1560 1256 1731 1305; x_wconf 88' lang='lat' dir='ltr'>primum</span> 
     </span>
     <span class='ocr_line' id='line_1_17' title="bbox 303 1323 1700 1376; baseline 0 -11"><span class='ocrx_word' id='word_1_138' title='bbox 303 1330 386 1366; x_wconf 87' lang='lat' dir='ltr'>sine</span> <span class='ocrx_word' id='word_1_139' title='bbox 419 1327 657 1365; x_wconf 84' lang='lat' dir='ltr'>auctoritate</span> <span class='ocrx_word' id='word_1_140' title='bbox 688 1330 848 1364; x_wconf 87' lang='lat' dir='ltr'>se‘natus</span> <span class='ocrx_word' id='word_1_141' title='bbox 879 1327 1018 1376; x_wconf 89' lang='lat' dir='ltr'>populi</span> <span class='ocrx_word' id='word_1_142' title='bbox 1049 1327 1158 1364; x_wconf 86' lang='lat' dir='ltr'>iussu</span> <span class='ocrx_word' id='word_1_143' title='bbox 1197 1327 1484 1376; x_wconf 88' lang='lat' dir='ltr'>triumphatum</span> <span class='ocrx_word' id='word_1_144' title='bbox 1516 1330 1586 1365; x_wconf 88' lang='lat' dir='ltr'>est.</span> <span class='ocrx_word' id='word_1_145' title='bbox 1656 1329 1658 1331; x_wconf 66' lang='grc'><strong><em>’</em></strong></span> <span class='ocrx_word' id='word_1_146' title='bbox 1696 1323 1700 1325; x_wconf 58' lang='grc'><strong>’</strong></span> 
     </span>
     <span class='ocr_line' id='line_1_18' title="bbox 173 1397 1730 1448; baseline 0 -12"><span class='ocrx_word' id='word_1_147' title='bbox 173 1397 230 1445; x_wconf 80' lang='grc'>64</span> <span class='ocrx_word' id='word_1_148' title='bbox 418 1399 516 1436; x_wconf 83' lang='lat' dir='ltr'>Haec</span> <span class='ocrx_word' id='word_1_149' title='bbox 533 1399 702 1435; x_wconf 86' lang='lat' dir='ltr'>victoria</span> <span class='ocrx_word' id='word_1_150' title='bbox 717 1399 965 1436; x_wconf 90' lang='lat' dir='ltr'>tribunorum</span> <span class='ocrx_word' id='word_1_151' title='bbox 984 1398 1194 1448; x_wconf 89' lang='lat' dir='ltr'>plebisque</span> <span class='ocrx_word' id='word_1_152' title='bbox 1210 1411 1334 1448; x_wconf 88' lang='lat' dir='ltr'>prope</span> <span class='ocrx_word' id='word_1_153' title='bbox 1351 1398 1393 1435; x_wconf 91' lang='lat' dir='ltr'>in</span> <span class='ocrx_word' id='word_1_154' title='bbox 1409 1398 1515 1435; x_wconf 83' lang='lat' dir='ltr'>haud</span> <span class='ocrx_word' id='word_1_155' title='bbox 1531 1398 1730 1436; x_wconf 84' lang='lat' dir='ltr'>salubrem</span> 
     </span>
     <span class='ocr_line' id='line_1_19' title="bbox 302 1468 1727 1519; baseline -0.001 -11"><span class='ocrx_word' id='word_1_156' title='bbox 302 1471 500 1508; x_wconf 84' lang='lat' dir='ltr'>luxuriam</span> <span class='ocrx_word' id='word_1_157' title='bbox 531 1470 663 1515; x_wconf 78' lang='lat' dir='ltr'>vertit,</span> <span class='ocrx_word' id='word_1_158' title='bbox 697 1470 989 1519; x_wconf 86' lang='lat' dir='ltr'>conspiratione</span> <span class='ocrx_word' id='word_1_159' title='bbox 1030 1471 1136 1507; x_wconf 90' lang='lat' dir='ltr'>inter</span> <span class='ocrx_word' id='word_1_160' title='bbox 1164 1470 1348 1507; x_wconf 85' lang='lat' dir='ltr'>tribunos</span> <span class='ocrx_word' id='word_1_161' title='bbox 1379 1470 1494 1516; x_wconf 85' lang='lat' dir='ltr'>facta,</span> <span class='ocrx_word' id='word_1_162' title='bbox 1532 1473 1577 1507; x_wconf 87' lang='lat' dir='ltr'>ut</span> <span class='ocrx_word' id='word_1_163' title='bbox 1606 1468 1727 1507; x_wconf 89' lang='lat' dir='ltr'>iidem</span> 
     </span>
     <span class='ocr_line' id='line_1_20' title="bbox 300 1540 1728 1590; baseline -0.001 -11"><span class='ocrx_word' id='word_1_164' title='bbox 300 1542 454 1579; x_wconf 87' lang='lat' dir='ltr'>tribuni</span> <span class='ocrx_word' id='word_1_165' title='bbox 485 1542 754 1589; x_wconf 80' lang='lat' dir='ltr'>reficerentur,</span> <span class='ocrx_word' id='word_1_166' title='bbox 788 1545 839 1588; x_wconf 88' lang='lat' dir='ltr'>et,</span> <span class='ocrx_word' id='word_1_167' title='bbox 885 1554 962 1590; x_wconf 93' lang='lat' dir='ltr'>quo</span> <span class='ocrx_word' id='word_1_168' title='bbox 1008 1555 1078 1579; x_wconf 87' lang='lat' dir='ltr'>sua</span> <span class='ocrx_word' id='word_1_169' title='bbox 1123 1542 1254 1579; x_wconf 90' lang='lat' dir='ltr'>minus</span> <span class='ocrx_word' id='word_1_170' title='bbox 1293 1540 1494 1590; x_wconf 83' lang='lat' dir='ltr'>cupiditas</span> <span class='ocrx_word' id='word_1_171' title='bbox 1524 1541 1728 1590; x_wconf 87' lang='lat' dir='ltr'>emineret,</span> 
     </span>
     <span class='ocr_line' id='line_1_21' title="bbox 263 1610 1729 1662; baseline -0.001 -11"><span class='ocrx_word' id='word_1_172' title='bbox 263 1614 286 1651; x_wconf 79' lang='lat'>2</span> <span class='ocrx_word' id='word_1_173' title='bbox 305 1613 485 1651; x_wconf 87' lang='lat' dir='ltr'>consules</span> <span class='ocrx_word' id='word_1_174' title='bbox 518 1625 674 1662; x_wconf 90' lang='lat' dir='ltr'>quoque</span> <span class='ocrx_word' id='word_1_175' title='bbox 706 1613 983 1649; x_wconf 79' lang='lat' dir='ltr'>continuarent</span> <span class='ocrx_word' id='word_1_176' title='bbox 1013 1613 1303 1661; x_wconf 86' lang='lat' dir='ltr'>magistratum.</span> <span class='ocrx_word' id='word_1_177' title='bbox 1379 1610 1622 1650; x_wconf 84' lang='lat' dir='ltr'>Consensum</span> <span class='ocrx_word' id='word_1_178' title='bbox 1660 1624 1729 1662; x_wconf 84' lang='lat' dir='ltr'>pa·</span> 
     </span>
     <span class='ocr_line' id='line_1_22' title="bbox 299 1672 1726 1732; baseline -0.001 -10"><span class='ocrx_word' id='word_1_179' title='bbox 299 1689 403 1722; x_wconf 89' lang='lat' dir='ltr'>trum</span> <span class='ocrx_word' id='word_1_180' title='bbox 422 1684 698 1731; x_wconf 77' lang='lat' dir='ltr'>causabantur,</span> <span class='ocrx_word' id='word_1_181' title='bbox 732 1696 808 1732; x_wconf 93' lang='lat' dir='ltr'>quo</span> <span class='ocrx_word' id='word_1_182' title='bbox 842 1697 913 1732; x_wconf 88' lang='lat' dir='ltr'>per</span> <span class='ocrx_word' id='word_1_183' title='bbox 938 1672 1217 1721; x_wconf 82' lang='lat' dir='ltr'>contumeliam</span> <span class='ocrx_word' id='word_1_184' title='bbox 1243 1683 1448 1720; x_wconf 86' lang='lat' dir='ltr'>consulum</span> <span class='ocrx_word' id='word_1_185' title='bbox 1482 1682 1569 1720; x_wconf 87' lang='lat' dir='ltr'>iura</span> <span class='ocrx_word' id='word_1_186' title='bbox 1599 1682 1726 1732; x_wconf 87' lang='lat' dir='ltr'>plebis</span> 
     </span>
     <span class='ocr_line' id='line_1_23' title="bbox 260 1753 1728 1803; baseline -0.001 -9"><span class='ocrx_word' id='word_1_187' title='bbox 260 1757 285 1794; x_wconf 86' lang='lat'><strong>3</strong></span> <span class='ocrx_word' id='word_1_188' title='bbox 303 1756 499 1793; x_wconf 85' lang='lat' dir='ltr'>labefacta</span> <span class='ocrx_word' id='word_1_189' title='bbox 530 1758 669 1793; x_wconf 88' lang='lat' dir='ltr'>essent.</span> <span class='ocrx_word' id='word_1_190' title='bbox 731 1754 839 1800; x_wconf 81' lang='lat' dir='ltr'>Quid</span> <span class='ocrx_word' id='word_1_191' title='bbox 870 1755 1045 1792; x_wconf 85' lang='lat' dir='ltr'>futurum</span> <span class='ocrx_word' id='word_1_192' title='bbox 1092 1754 1265 1792; x_wconf 89' lang='lat' dir='ltr'>nondum</span> <span class='ocrx_word' id='word_1_193' title='bbox 1296 1753 1465 1791; x_wconf 89' lang='lat' dir='ltr'>firmatis</span> <span class='ocrx_word' id='word_1_194' title='bbox 1495 1754 1664 1803; x_wconf 86' lang='lat' dir='ltr'>legibus,</span> <span class='ocrx_word' id='word_1_195' title='bbox 1694 1755 1728 1793; x_wconf 87' lang='lat' dir='ltr'>si</span> 
     </span>
     <span class='ocr_line' id='line_1_24' title="bbox 301 1825 1725 1875; baseline 0 -11"><span class='ocrx_word' id='word_1_196' title='bbox 301 1840 423 1865; x_wconf 83' lang='lat' dir='ltr'>novos</span> <span class='ocrx_word' id='word_1_197' title='bbox 453 1826 636 1864; x_wconf 90' lang='lat' dir='ltr'>tribunos</span> <span class='ocrx_word' id='word_1_198' title='bbox 667 1839 739 1875; x_wconf 89' lang='lat' dir='ltr'>per</span> <span class='ocrx_word' id='word_1_199' title='bbox 769 1826 954 1862; x_wconf 82' lang='lat' dir='ltr'>factionis</span> <span class='ocrx_word' id='word_1_200' title='bbox 986 1838 1065 1863; x_wconf 88' lang='lat' dir='ltr'>suae</span> <span class='ocrx_word' id='word_1_201' title='bbox 1097 1826 1280 1863; x_wconf 87' lang='lat' dir='ltr'>consules</span> <span class='ocrx_word' id='word_1_202' title='bbox 1312 1825 1445 1864; x_wconf 89' lang='lat' dir='ltr'>adorti</span> <span class='ocrx_word' id='word_1_203' title='bbox 1463 1825 1618 1863; x_wconf 85' lang='lat' dir='ltr'>essent?</span> <span class='ocrx_word' id='word_1_204' title='bbox 1647 1839 1725 1864; x_wconf 89' lang='lat' dir='ltr'>non</span> 
     </span>
     <span class='ocr_line' id='line_1_25' title="bbox 299 1896 1725 1947; baseline 0 -11"><span class='ocrx_word' id='word_1_205' title='bbox 299 1899 401 1946; x_wconf 88' lang='lat' dir='ltr'>enim</span> <span class='ocrx_word' id='word_1_206' title='bbox 434 1911 589 1947; x_wconf 88' lang='lat' dir='ltr'>semper</span> <span class='ocrx_word' id='word_1_207' title='bbox 619 1896 804 1935; x_wconf 86' lang='lat' dir='ltr'>Valerios</span> <span class='ocrx_word' id='word_1_208' title='bbox 822 1897 1092 1946; x_wconf 86' lang='lat' dir='ltr'>Horatiosque</span> <span class='ocrx_word' id='word_1_209' title='bbox 1120 1897 1300 1935; x_wconf 88' lang='lat' dir='ltr'>consules</span> <span class='ocrx_word' id='word_1_210' title='bbox 1323 1897 1418 1944; x_wconf 88' lang='lat' dir='ltr'>fore,</span> <span class='ocrx_word' id='word_1_211' title='bbox 1450 1898 1519 1947; x_wconf 92' lang='lat' dir='ltr'>qui</span> <span class='ocrx_word' id='word_1_212' title='bbox 1545 1897 1725 1936; x_wconf 84' lang='lat' dir='ltr'>libertati</span> 
     </span>
     <span class='ocr_line' id='line_1_26' title="bbox 257 1968 1724 2020; baseline -0.001 -13"><span class='ocrx_word' id='word_1_213' title='bbox 257 1973 282 2008; x_wconf 90' lang='grc'>4</span> <span class='ocrx_word' id='word_1_214' title='bbox 300 1970 430 2020; x_wconf 87' lang='lat' dir='ltr'>plebis</span> <span class='ocrx_word' id='word_1_215' title='bbox 462 1982 552 2007; x_wconf 89' lang='lat' dir='ltr'>suas</span> <span class='ocrx_word' id='word_1_216' title='bbox 584 1981 678 2018; x_wconf 87' lang='lat' dir='ltr'>opes</span> <span class='ocrx_word' id='word_1_217' title='bbox 709 1969 962 2018; x_wconf 85' lang='lat' dir='ltr'>postferrent.</span> <span class='ocrx_word' id='word_1_218' title='bbox 1009 1969 1130 2006; x_wconf 85' lang='lat' dir='ltr'>Forte</span> <span class='ocrx_word' id='word_1_219' title='bbox 1158 1968 1328 2018; x_wconf 84' lang='lat' dir='ltr'>quadam</span> <span class='ocrx_word' id='word_1_220' title='bbox 1351 1969 1447 2006; x_wconf 89' lang='lat' dir='ltr'>utili</span> <span class='ocrx_word' id='word_1_221' title='bbox 1477 1969 1527 2007; x_wconf 86' lang='lat' dir='ltr'>ad</span> <span class='ocrx_word' id='word_1_222' title='bbox 1557 1972 1724 2019; x_wconf 86' lang='lat' dir='ltr'>tempus,</span> 
     </span>
     <span class='ocr_line' id='line_1_27' title="bbox 298 2040 1723 2090; baseline 0 -12"><span class='ocrx_word' id='word_1_223' title='bbox 298 2046 341 2078; x_wconf 92' lang='lat' dir='ltr'>ut</span> <span class='ocrx_word' id='word_1_224' title='bbox 372 2041 544 2078; x_wconf 88' lang='lat' dir='ltr'>comitiis</span> <span class='ocrx_word' id='word_1_225' title='bbox 562 2044 761 2089; x_wconf 77' lang='lat' dir='ltr'>praeesset,</span> <span class='ocrx_word' id='word_1_226' title='bbox 793 2040 1042 2090; x_wconf 87' lang='lat' dir='ltr'>potissimum</span> <span class='ocrx_word' id='word_1_227' title='bbox 1058 2040 1115 2079; x_wconf 90' lang='lat' dir='ltr'>M.</span> <span class='ocrx_word' id='word_1_228' title='bbox 1131 2040 1289 2078; x_wconf 92' lang='lat' dir='ltr'>Duillio</span> <span class='ocrx_word' id='word_1_229' title='bbox 1321 2043 1428 2078; x_wconf 87' lang='lat' dir='ltr'>sorte</span> <span class='ocrx_word' id='word_1_230' title='bbox 1460 2041 1605 2086; x_wconf 88' lang='lat' dir='ltr'>evenit,</span> <span class='ocrx_word' id='word_1_231' title='bbox 1635 2040 1723 2078; x_wconf 79' lang='lat' dir='ltr'>viro</span> 
     </span>
     <span class='ocr_line' id='line_1_28' title="bbox 297 2111 1723 2162; baseline -0.001 -12"><span class='ocrx_word' id='word_1_232' title='bbox 297 2111 486 2162; x_wconf 82' lang='lat' dir='ltr'>prudenti</span> <span class='ocrx_word' id='word_1_233' title='bbox 517 2115 555 2149; x_wconf 89' lang='lat' dir='ltr'>et</span> <span class='ocrx_word' id='word_1_234' title='bbox 587 2125 633 2148; x_wconf 81' lang='lat' dir='ltr'>ex</span> <span class='ocrx_word' id='word_1_235' title='bbox 650 2112 950 2149; x_wconf 76' lang='lat' dir='ltr'>continuatione</span> <span class='ocrx_word' id='word_1_236' title='bbox 968 2112 1224 2161; x_wconf 80' lang='lat' dir='ltr'>magistratus</span> <span class='ocrx_word' id='word_1_237' title='bbox 1242 2111 1437 2149; x_wconf 83' lang='lat' dir='ltr'>invidiam</span> <span class='ocrx_word' id='word_1_238' title='bbox 1452 2111 1723 2150; x_wconf 86' lang='lat' dir='ltr'>imminentem</span> 
     </span>
     <span class='ocr_line' id='line_1_29' title="bbox 259 2181 1723 2232; baseline -0.003 -8"><span class='ocrx_word' id='word_1_239' title='bbox 259 2187 282 2224; x_wconf 86' lang='lat'>5</span> <span class='ocrx_word' id='word_1_240' title='bbox 300 2184 486 2221; x_wconf 87' lang='lat' dir='ltr'>cernenti.</span> <span class='ocrx_word' id='word_1_241' title='bbox 562 2182 641 2229; x_wconf 79' lang='lat' dir='ltr'>Qui</span> <span class='ocrx_word' id='word_1_242' title='bbox 673 2197 792 2232; x_wconf 93' lang='lat' dir='ltr'>quum</span> <span class='ocrx_word' id='word_1_243' title='bbox 825 2197 870 2220; x_wconf 86' lang='lat' dir='ltr'>ex</span> <span class='ocrx_word' id='word_1_244' title='bbox 901 2184 1101 2220; x_wconf 88' lang='lat' dir='ltr'>veteribus</span> <span class='ocrx_word' id='word_1_245' title='bbox 1130 2183 1306 2220; x_wconf 90' lang='lat' dir='ltr'>tribunis</span> <span class='ocrx_word' id='word_1_246' title='bbox 1336 2186 1500 2232; x_wconf 86' lang='lat' dir='ltr'>negaret</span> <span class='ocrx_word' id='word_1_247' title='bbox 1529 2195 1571 2220; x_wconf 87' lang='lat' dir='ltr'>se</span> <span class='ocrx_word' id='word_1_248' title='bbox 1601 2181 1723 2220; x_wconf 91' lang='lat' dir='ltr'>ullius</span> 
     </span>
     <span class='ocr_line' id='line_1_30' title="bbox 298 2253 1722 2304; baseline -0.001 -12"><span class='ocrx_word' id='word_1_249' title='bbox 298 2255 489 2293; x_wconf 87' lang='lat' dir='ltr'>rationem</span> <span class='ocrx_word' id='word_1_250' title='bbox 521 2255 762 2300; x_wconf 87' lang='lat' dir='ltr'>habiturum,</span> <span class='ocrx_word' id='word_1_251' title='bbox 795 2258 1096 2304; x_wconf 86' lang='lat' dir='ltr'>pugnarentque</span> <span class='ocrx_word' id='word_1_252' title='bbox 1127 2254 1305 2303; x_wconf 87' lang='lat' dir='ltr'>collegae,</span> <span class='ocrx_word' id='word_1_253' title='bbox 1341 2257 1386 2291; x_wconf 91' lang='lat' dir='ltr'>ut</span> <span class='ocrx_word' id='word_1_254' title='bbox 1415 2254 1563 2292; x_wconf 86' lang='lat' dir='ltr'>liberas</span> <span class='ocrx_word' id='word_1_255' title='bbox 1592 2253 1722 2292; x_wconf 92' lang='lat' dir='ltr'>tribus</span> 
     </span>
     <span class='ocr_line' id='line_1_31' title="bbox 298 2325 1722 2374; baseline -0.001 -10"><span class='ocrx_word' id='word_1_256' title='bbox 298 2327 338 2364; x_wconf 92' lang='lat' dir='ltr'>in</span> <span class='ocrx_word' id='word_1_257' title='bbox 370 2325 599 2374; x_wconf 85' lang='lat' dir='ltr'>suffragium</span> <span class='ocrx_word' id='word_1_258' title='bbox 633 2326 807 2363; x_wconf 87' lang='lat' dir='ltr'>mitteret</span> <span class='ocrx_word' id='word_1_259' title='bbox 839 2330 905 2362; x_wconf 87' lang='lat' dir='ltr'>aut</span> <span class='ocrx_word' id='word_1_260' title='bbox 938 2325 1167 2363; x_wconf 85' lang='lat' dir='ltr'>concederet</span> <span class='ocrx_word' id='word_1_261' title='bbox 1193 2330 1339 2364; x_wconf 88' lang='lat' dir='ltr'>sortem</span> <span class='ocrx_word' id='word_1_262' title='bbox 1363 2325 1616 2363; x_wconf 89' lang='lat' dir='ltr'>comitiorum</span> <span class='ocrx_word' id='word_1_263' title='bbox 1644 2325 1722 2363; x_wconf 88' lang='lat' dir='ltr'>col-</span> 
     </span>
     <span class='ocr_line' id='line_1_32' title="bbox 296 2396 1720 2446; baseline -0.001 -11"><span class='ocrx_word' id='word_1_264' title='bbox 296 2398 407 2446; x_wconf 80' lang='lat' dir='ltr'>legisy</span> <span class='ocrx_word' id='word_1_265' title='bbox 438 2397 637 2434; x_wconf 86' lang='lat' dir='ltr'>habituris</span> <span class='ocrx_word' id='word_1_266' title='bbox 669 2410 688 2433; x_wconf 92' lang='lat' dir='ltr'>e</span> <span class='ocrx_word' id='word_1_267' title='bbox 720 2397 807 2446; x_wconf 86' lang='lat' dir='ltr'>lege</span> <span class='ocrx_word' id='word_1_268' title='bbox 837 2397 968 2446; x_wconf 84' lang='lat' dir='ltr'>potius</span> <span class='ocrx_word' id='word_1_269' title='bbox 1000 2398 1158 2434; x_wconf 88' lang='lat' dir='ltr'>comitia</span> <span class='ocrx_word' id='word_1_270' title='bbox 1189 2410 1306 2446; x_wconf 89' lang='lat' dir='ltr'>quam</span> <span class='ocrx_word' id='word_1_271' title='bbox 1339 2410 1386 2434; x_wconf 87' lang='lat' dir='ltr'>ex</span> <span class='ocrx_word' id='word_1_272' title='bbox 1417 2396 1622 2434; x_wconf 81' lang='lat' dir='ltr'>voluntate</span> <span class='ocrx_word' id='word_1_273' title='bbox 1653 2409 1720 2446; x_wconf 87' lang='lat' dir='ltr'>pa-</span> 
     </span>
     <span class='ocr_line' id='line_1_33' title="bbox 255 2468 1720 2518; baseline 0 -13"><span class='ocrx_word' id='word_1_274' title='bbox 255 2472 278 2509; x_wconf 87' lang='grc'><strong>6</strong></span> <span class='ocrx_word' id='word_1_275' title='bbox 296 2475 414 2518; x_wconf 84' lang='lat' dir='ltr'>trum,</span> <span class='ocrx_word' id='word_1_276' title='bbox 432 2469 577 2506; x_wconf 88' lang='lat' dir='ltr'>iniecta</span> <span class='ocrx_word' id='word_1_277' title='bbox 594 2468 860 2516; x_wconf 87' lang='lat' dir='ltr'>contentione,</span> <span class='ocrx_word' id='word_1_278' title='bbox 879 2468 1072 2514; x_wconf 88' lang='lat' dir='ltr'>Duillius,</span> <span class='ocrx_word' id='word_1_279' title='bbox 1089 2469 1269 2505; x_wconf 87' lang='lat' dir='ltr'>consules</span> <span class='ocrx_word' id='word_1_280' title='bbox 1296 2468 1346 2506; x_wconf 88' lang='lat' dir='ltr'>ad</span> <span class='ocrx_word' id='word_1_281' title='bbox 1363 2469 1555 2506; x_wconf 88' lang='lat' dir='ltr'>subsellia</span> <span class='ocrx_word' id='word_1_282' title='bbox 1571 2468 1720 2506; x_wconf 83' lang='lat' dir='ltr'>accitos</span> 
     </span>
     <span class='ocr_line' id='line_1_34' title="bbox 296 2539 1718 2590; baseline -0.001 -13"><span class='ocrx_word' id='word_1_283' title='bbox 296 2553 414 2590; x_wconf 90' lang='lat' dir='ltr'>quum</span> <span class='ocrx_word' id='word_1_284' title='bbox 448 2541 741 2588; x_wconf 79' lang='lat' dir='ltr'>interrogasset,</span> <span class='ocrx_word' id='word_1_285' title='bbox 787 2539 883 2588; x_wconf 93' lang='lat' dir='ltr'>quid</span> <span class='ocrx_word' id='word_1_286' title='bbox 924 2540 972 2576; x_wconf 92' lang='lat' dir='ltr'>de</span> <span class='ocrx_word' id='word_1_287' title='bbox 1004 2539 1176 2576; x_wconf 90' lang='lat' dir='ltr'>comitiis</span> <span class='ocrx_word' id='word_1_288' title='bbox 1208 2539 1481 2576; x_wconf 88' lang='lat' dir='ltr'>consularibus</span> <span class='ocrx_word' id='word_1_289' title='bbox 1514 2539 1553 2576; x_wconf 91' lang='lat' dir='ltr'>in</span> <span class='ocrx_word' id='word_1_290' title='bbox 1586 2539 1718 2576; x_wconf 84' lang='lat' dir='ltr'>animo</span> 
     </span>
     <span class='ocr_line' id='line_1_35' title="bbox 295 2596 1716 2660; baseline 0 -13"><span class='ocrx_word' id='word_1_291' title='bbox 295 2611 500 2659; x_wconf 72' lang='lat' dir='ltr'>haberent,</span> <span class='ocrx_word' id='word_1_292' title='bbox 533 2610 923 2660; x_wconf 85' lang='lat' dir='ltr'>respondissentque,</span> <span class='ocrx_word' id='word_1_293' title='bbox 954 2623 994 2646; x_wconf 92' lang='lat' dir='ltr'>se</span> <span class='ocrx_word' id='word_1_294' title='bbox 1019 2622 1140 2647; x_wconf 86' lang='lat' dir='ltr'>novos</span> <span class='ocrx_word' id='word_1_295' title='bbox 1172 2610 1353 2648; x_wconf 87' lang='lat' dir='ltr'>consules</span> <span class='ocrx_word' id='word_1_296' title='bbox 1378 2596 1594 2657; x_wconf 83' lang='lat' dir='ltr'>creaturos,</span> <span class='ocrx_word' id='word_1_297' title='bbox 1626 2622 1716 2648; x_wconf 86' lang='lat' dir='ltr'>auc-</span> 
     </span>
     <span class='ocr_line' id='line_1_36' title="bbox 292 2679 1718 2732; baseline 0 -13"><span class='ocrx_word' id='word_1_298' title='bbox 292 2686 398 2719; x_wconf 90' lang='lat' dir='ltr'>tores</span> <span class='ocrx_word' id='word_1_299' title='bbox 429 2682 641 2732; x_wconf 85' lang='lat' dir='ltr'>populares</span> <span class='ocrx_word' id='word_1_300' title='bbox 672 2682 877 2718; x_wconf 88' lang='lat' dir='ltr'>sententiae</span> <span class='ocrx_word' id='word_1_301' title='bbox 901 2679 1005 2716; x_wconf 89' lang='lat' dir='ltr'>haud</span> <span class='ocrx_word' id='word_1_302' title='bbox 1031 2681 1236 2729; x_wconf 86' lang='lat' dir='ltr'>popularis</span> <span class='ocrx_word' id='word_1_303' title='bbox 1253 2683 1390 2718; x_wconf 85' lang='lat' dir='ltr'>nactus</span> <span class='ocrx_word' id='word_1_304' title='bbox 1422 2680 1461 2718; x_wconf 93' lang='lat' dir='ltr'>in</span> <span class='ocrx_word' id='word_1_305' title='bbox 1493 2682 1718 2719; x_wconf 89' lang='lat' dir='ltr'>contionem</span> 
     </span>
    </p>
   </div>
  </div>
 </body>
</html>
