1821 2928
303 125 381 162 196

856 756 1040 809 Liber
1090 753 1169 808 lv.

94 951 202 1023 2⁴⁰6?
220 953 278 1022 {2}
299 938 404 999 Hos
434 962 559 998 secuti
590 961 642 997 M.
668 959 870 998 Genucius
903 965 941 997 et
972 960 1013 997 C.
1040 959 1202 997 Curtius
1234 959 1427 997 consules.
1474 958 1570 996 Fuit
1600 971 1726 997 annus

125 1015 133 1023 ’
195 1016 200 1022 ⁸
273 1016 405 1071 'domi
435 1033 610 1082 forisque
643 1032 824 1071 infestus.
885 1030 987 1069 Nam
1019 1032 1113 1069 anni
1146 1031 1346 1080 principio
1379 1033 1418 1068 et
1448 1030 1496 1068 de
1529 1030 1726 1068 connubio

297 1107 458 1154 patrum
500 1106 539 1141 et
579 1104 708 1153 plebis
750 1103 794 1142 C.
827 1102 1044 1140 Canuleius
1084 1103 1270 1140 tribunus
1310 1102 1442 1152 plebis
1479 1102 1728 1151 rogationem

254 1175 585 1226 2promulgavit,
625 1189 704 1224 qua
743 1174 1007 1212 conta-minari
1046 1175 1280 1222 sanguinem
1320 1187 1433 1212 suum
1470 1177 1604 1224 patres
1637 1186 1726 1211 con-

297 1247 492 1296 fundique
523 1247 610 1283 iura
634 1247 810 1295 gentium
835 1247 1038 1292 rebantur,
1070 1249 1109 1284 et
1134 1246 1279 1283 mentio
1304 1246 1432 1296 primo
1449 1245 1595 1283 sensim
1612 1245 1728 1283 illata

298 1332 321 1356 a
351 1318 540 1367 tribunis,
572 1321 617 1355 ut
639 1318 882 1360 alterumex
909 1317 1026 1367 plebe
1052 1318 1253 1355 consulem
1277 1318 1418 1355 liceret
1440 1316 1541 1362 fieri,
1574 1329 1619 1354 eo
1635 1329 1726 1366 pro-

298 1390 417 1428 cessit
448 1390 604 1437 deinde,
634 1393 679 1426 ut
709 1390 955 1438 rogationem
987 1403 1126 1428 novem
1158 1389 1315 1426 tribuni
1340 1388 1653 1438 promulgarent,
1683 1390 1728 1425 ut

298 1462 448 1512 populo
488 1465 666 1511 potestas
707 1465 829 1509 esset,
871 1474 941 1498 seu
972 1461 1020 1498 de
1052 1461 1170 1510 plebe
1201 1474 1270 1498 seu
1301 1460 1348 1497 de
1380 1460 1562 1510 patribus
1592 1459 1726 1506 vellet,

256 1533 478 1570 3consules
509 1533 692 1571 faciendi.
764 1533 814 1570 Id
844 1546 937 1571 vero
970 1533 1002 1569 si
1033 1532 1156 1578 fieret,
1187 1545 1266 1569 non
1297 1531 1457 1581 vulgari
1489 1532 1607 1569 modo
1638 1543 1727 1568 cum

299 1604 455 1650 infimis,
486 1604 555 1641 sed
586 1617 749 1653 prorsus
781 1605 927 1641 auferri
958 1618 980 1642 a
1011 1603 1253 1654 primoribus
1279 1603 1329 1641 ad
1350 1604 1505 1653 plebem
1533 1616 1727 1641 summum

251 1676 277 1712 4
298 1676 511 1726 imperium
543 1675 771 1714 credebant.
842 1675 946 1712 Laeti
979 1689 1072 1724 ergo
1105 1675 1264 1712 audiere
1295 1679 1440 1724 patres,
1485 1674 1726 1713 Ardeatium

298 1747 489 1797 populum
529 1746 579 1783 ob
618 1746 807 1784 iniuriam
847 1747 936 1796 agri
973 1747 1193 1785 abiudicati
1232 1746 1420 1793 descisse,
1466 1750 1504 1784 et
1535 1745 1726 1784 Veientes

297 1819 559 1869 depopulatos
590 1823 768 1856 extrema
798 1818 886 1867 agri
917 1817 1109 1864 Romani,
1142 1821 1180 1855 et
1211 1817 1380 1856 Volscos
1411 1817 1644 1868 AEquosque
1674 1817 1725 1855 ob

298 1891 582 1929 communitam
614 1889 883 1938 Verruginem
923 1890 1108 1935 fremere;
1154 1890 1254 1927 adeo
1292 1891 1355 1927 vel
1396 1890 1536 1927 infelix
1574 1876 1725 1927 bellum

256 1961 574 2011 5ignominiosae
614 1962 705 2010 paci
747 1962 1021 2011 praeferebant.
1090 1961 1168 1998 His
1208 1962 1344 2010 itaque
1374 1962 1415 1998 in
1447 1961 1573 1999 maius
1604 1961 1725 1998 etiam

299 2033 484 2082 acceptis,
514 2036 558 2070 ut
582 2033 687 2070 inter
713 2033 924 2082 strepitum
940 2036 1001 2070 tot
1018 2033 1213 2070 bellorum
1231 2033 1534 2070 conticiscerent
1550 2032 1726 2070 actiones

298 2103 539 2150 tribuniciae,
571 2104 739 2141 dilectus
771 2104 928 2150 haberi,
958 2104 1107 2141 bellum
1138 2117 1325 2154 armaque
1355 2105 1394 2142 vi
1425 2118 1576 2142 summa
1606 2117 1725 2154 appa-

299 2175 383 2214 rari
416 2175 563 2221 iubent,
595 2176 628 2212 si
660 2189 737 2224 quo
762 2175 955 2213 intentius
979 2175 1116 2225 possit,
1147 2189 1266 2225 quam
1284 2175 1328 2213 T.
1347 2175 1538 2223 Quinctio
1564 2175 1725 2213 consule

298 2250 533 2296 apparatum
565 2247 627 2283 sit.

257 2319 279 2354 6
411 2317 513 2354 Tum
545 2316 587 2354 C.
618 2316 846 2364 Canuleius,
877 2331 1004 2368 pauca
1035 2318 1074 2354 in
1106 2320 1243 2355 senatu
1274 2317 1531 2366 vociferatus,
1562 2318 1723 2368 nequic-

298 2402 415 2439 quam
455 2387 681 2426 territando
720 2389 900 2426 consules
939 2393 1117 2427 avertere
1156 2388 1313 2438 plebem
1353 2402 1376 2425 a
1406 2401 1500 2427 cura
1529 2402 1721 2428 novarum

297 2461 449 2508 legum;
495 2472 694 2509 nunquam
726 2473 791 2498 eos
823 2474 862 2497 se
893 2461 986 2498 vivo
1019 2461 1207 2498 dilectum
1238 2459 1464 2507 habituros,
1511 2463 1721 2510 antequam

297 2544 353 2577 ea,
387 2543 474 2580 quae
506 2531 756 2580 promulgata
786 2531 835 2568 ab
860 2545 900 2568 se
925 2532 1170 2581 collegisque
1194 2534 1335 2577 essent,
1367 2531 1504 2581 plebes
1527 2531 1720 2579 scivisset,

184 2599 212 2646 2
300 2602 508 2640 confestim
565 2601 616 2639 ad
669 2601 895 2639 contionem
951 2602 1173 2640 advocavit.
1254 2602 1404 2639 Eodem
1457 2606 1636 2652 tempore
1682 2607 1721 2642 et

298 2674 477 2711 consules
516 2677 694 2711 senatum
732 2673 772 2710 in
810 2672 1017 2709 tribunum
1049 2677 1087 2710 et
1116 2674 1301 2710 tribunus
1331 2673 1524 2722 populum
1556 2673 1596 2711 in
1629 2687 1718 2713 con-
