1821 2928
559 96 676 132 Liber
700 97 752 132 11.
804 99 866 141 (A.
896 97 959 132 Ch.
985 97 1081 140 491.)
1481 99 1532 136 97

212 223 319 262 Ludi
352 237 470 274 quam
502 224 736 274 amplissimi
769 229 814 262 ut
844 224 997 271 flerent,
1029 228 1188 262 senatus
1222 223 1413 262 decrevit.
1465 222 1533 261 Ad
1601 219 1653 268 37

97 308 164 333 eos
196 295 312 333 ludos
344 299 504 333 auctore
536 296 654 335 Attio
692 296 828 334 Tullio
868 297 930 334 vis
968 310 1111 346 magna
1144 295 1384 334 Volscorum
1416 297 1536 335 venit.

99 366 342 418 Priusquam
367 368 713 406 committerentur
737 368 833 415 ludi,
857 368 1026 414 Tullius,
1061 371 1107 406 ut
1139 368 1246 406 domi
1273 369 1536 419 compositum
1554 373 1576 408 2

99 452 187 478 cum
217 439 372 478 Marcio
396 440 537 487 fuerat,
566 440 616 478 ad
642 441 821 478 consules
853 441 982 486 venit3
1009 441 1112 478 dicit
1147 454 1242 487 esse,
1267 454 1355 491 quae
1380 445 1532 479 secreto

98 525 217 562 agere
249 512 298 550 de
328 526 370 550 re
402 512 566 562 publica
595 513 708 552 velit.
750 513 929 550 Arbitris
956 513 1130 559 remotis,
1166 513 1373 558 „Invitus“
1394 515 1536 564 inquit,
1554 521 1577 557 3

101 584 234 634 „quod
265 585 427 634 sequius
458 584 522 625 sit.
557 584 605 622 de
638 585 733 622 meis
773 585 926 623 civibus
967 585 1122 635 loquor.
1183 585 1273 623 Non
1304 590 1437 625 tamen
1469 588 1536 626 ad·

97 656 260 694 missum
302 657 514 706 quicquam
554 656 604 693 ab
648 657 697 695 iis
729 657 981 695 criminatum
1020 657 1149 704 venio,
1181 657 1249 694 sed
1283 663 1453 706 cautum,
1486 674 1535 699 ne

98 727 323 766 admittant.
378 727 513 767 Nimio
538 728 642 778 plus,
671 742 789 778 quam
816 729 970 776 vellem,
996 732 1222 767 nostrorum
1259 729 1420 779 ingenia
1444 737 1578 773 sunt4

98 800 275 840 mobilia.
323 799 468 837 Multis
503 800 544 837 id
573 800 754 839 cladibus
778 801 988 849 sensimus,
1013 802 1162 852 quippe
1199 801 1268 851 qui
1292 816 1371 840 non
1396 810 1533 845 nostro
1553 808 1575 845 5

98 872 252 922 merito,
271 872 340 909 sed
355 876 488 910 vestra
518 873 712 922 patientia
742 874 960 912 incolumes
991 875 1123 911 simus.
1169 874 1320 923 Magna
1342 875 1408 913 hic
1432 891 1536 916 nunc

97 943 336 982 Volscorum
360 945 576 982 multitudo
604 949 682 992 est3
709 946 795 983 ludi
822 949 932 992 sunt;
957 945 1186 996 spectaculo
1212 947 1367 985 intenta
1393 949 1535 989 civitas

99 1016 186 1055 erit.
247 1015 431 1063 Memini,
471 1017 566 1067 quid
608 1031 678 1068 per
717 1017 882 1056 eandem
922 1018 1171 1056 occasionem
1210 1018 1260 1055 ab
1295 1017 1577 1062 Sabinorum6

100 1087 308 1127 iuventute
342 1089 380 1125 in
412 1088 486 1126 hac
517 1090 615 1127 urbe
646 1090 901 1128 commissum
934 1090 1004 1136 sit3
1030 1090 1169 1128 horret
1185 1091 1355 1141 animus,
1374 1106 1422 1131 ne
1439 1095 1537 1144 quid

98 1160 320 1198 inconsulte
352 1174 397 1198 ac
421 1164 570 1199 temere
594 1161 674 1200 fiat.
736 1162 836 1200 Haec
868 1165 1005 1200 nostra
1035 1167 1249 1212 vestraque
1273 1177 1392 1203 causa
1422 1167 1537 1216 prius

97 1231 265 1270 dicenda
296 1233 422 1280 vobis,
448 1234 642 1281 consules,
675 1239 786 1272 ratus
817 1247 914 1273 sum.
977 1234 1095 1281 Quod
1120 1234 1170 1272 ad
1203 1249 1264 1273 me
1290 1238 1445 1285 attinet,
1469 1252 1536 1276 ex·
1557 1241 1578 1276 7

97 1304 246 1354 templo
278 1304 370 1342 hinc
396 1305 555 1343 domum
581 1306 693 1344 abire
721 1306 761 1343 in
786 1307 918 1344 animo
942 1310 1013 1355 est,
1046 1320 1095 1344 ne
1127 1307 1238 1344 cuius
1266 1308 1361 1346 facti
1387 1309 1537 1350 dictive

98 1377 337 1425 contagione
377 1390 553 1427 praesens
598 1378 763 1416 violer.“
828 1378 925 1415 Haec
966 1379 1124 1416 locutus
1162 1379 1273 1417 abiit.
1344 1381 1578 1425 Consules8

101 1461 220 1498 quum
262 1448 313 1486 ad
353 1452 487 1499 patres
527 1463 608 1487 rem
650 1450 812 1488 dubiam
845 1450 918 1488 sub
950 1455 1112 1489 auctore
1144 1455 1252 1490 certo
1285 1452 1538 1503 detulissent,

101 1524 240 1558 auctor
270 1521 408 1570 magis,
441 1525 486 1559 ut
511 1521 567 1571 fit,
597 1535 713 1572 quam
738 1536 800 1560 res
828 1523 878 1560 ad
905 1522 1210 1572 praecavendum
1236 1524 1301 1562 vel
1329 1538 1376 1563 ex
1400 1540 1538 1577 super·

100 1604 224 1629 vacuo
269 1594 390 1639 rovit,
423 1593 609 1644 factoque
647 1599 807 1632 senatus
846 1594 1039 1642 consulto,
1077 1598 1122 1633 ut
1160 1596 1260 1633 urbe
1302 1598 1540 1637 excederent

101 1662 250 1710 Volsci,
281 1677 485 1714 praecones
517 1665 790 1715 dimittuntur,
830 1667 900 1717 qui
943 1680 1077 1706 omnes
1119 1681 1185 1706 eos
1215 1669 1417 1719 proficisci
1449 1675 1540 1710 ante

101 1739 256 1774 noctem
297 1737 490 1775 iuberent.
546 1737 696 1788 Ingens
733 1752 859 1789 pavor
898 1740 1027 1790 primo
1069 1740 1339 1780 discurrentes
1366 1743 1416 1781 ad
1448 1748 1581 1785 suas9

100 1821 164 1846 res
194 1808 395 1847 tollendas
427 1810 468 1846 in
500 1809 675 1860 hospitia
700 1811 890 1861 perculit,
924 1811 1271 1862 proficiscentibus
1305 1814 1448 1852 deinde
1480 1815 1538 1853 in-

100 1880 281 1929 dignatio
308 1881 461 1927 oborta,
487 1896 527 1919 se
552 1886 596 1920 ut
622 1884 910 1922 consceleratos
935 1885 1305 1936 contaminatosque
1337 1887 1386 1924 ab
1419 1887 1539 1937 ludis,

102 1952 214 1989 festis
247 1952 401 2001 diebus,
430 1958 533 1992 coetu
551 1956 724 2005 quodam
741 1955 858 1994 modo
876 1957 1080 1994 hominum
1107 1957 1351 2008 deorumque
1377 1960 1539 1998 abactos

102 2036 199 2061 esse.
259 2024 390 2072 Quum
410 2039 534 2077 prope
552 2029 782 2066 continuato
807 2029 964 2078 agmine
982 2029 1098 2078 irent,
1119 2043 1360 2080 praegressus
1378 2030 1539 2070 Tullius

103 2095 154 2133 ad
187 2102 305 2146 caput
336 2097 607 2147 Ferentinum,
633 2103 677 2138 ut
704 2101 874 2150 quisque
899 2101 1067 2147 veniret,
1093 2102 1292 2152 primores
1319 2116 1454 2141 eorum
1472 2117 1540 2142 ex-

102 2168 255 2218 cipiens
286 2171 487 2219 querendo
515 2172 854 2223 indignandoque,
878 2176 916 2210 et
939 2186 1004 2211 eos
1031 2174 1151 2224 ipsoe,
1175 2174 1313 2213 sedulo
1332 2175 1539 2214 audientes

102 2241 276 2278 secunda
295 2242 364 2278 irae
381 2244 513 2293 verba,
532 2247 572 2282 et
587 2258 658 2295 per
674 2258 740 2283 eos
764 2245 1065 2284 multitudinem
1096 2247 1215 2284 aliam
1239 2247 1280 2284 in
1314 2247 1538 2286 subiectum

103 2311 178 2351 viae
211 2326 391 2363 campum
423 2313 602 2352 deduxit.
655 2315 723 2354 Ibi
750 2317 792 2355 in
817 2318 1012 2356 contionis
1038 2318 1198 2356 modum
1225 2320 1444 2357 orationem
1472 2334 1536 2358 ex·
1557 2323 1580 2359 2

104 2397 214 2422 orsus
232 2385 432 2424 adversus
449 2391 602 2425 veteres
619 2389 758 2439 populi
783 2389 956 2428 Romani
983 2390 1151 2428 iniurias
1177 2391 1388 2441 cladesque
1405 2391 1538 2441 gentis

104 2455 356 2507 Volscorum,
387 2457 470 2504 „Ut
494 2460 650 2497 omnia“
682 2462 812 2511 inquit
844 2462 1166 2511 „obliviscamini
1192 2463 1286 2512 alia,
1306 2463 1538 2501 hodiernam

102 2528 204 2567 banc
235 2530 514 2568 contumeliam
547 2545 625 2581 quo
656 2533 814 2571 tandem
839 2535 972 2572 animo
996 2535 1120 2583 fertis,
1157 2548 1236 2584 qua
1259 2548 1332 2584 per
1362 2538 1539 2572 nostram

104 2601 363 2649 ignominiam
393 2602 509 2641 ludos
535 2605 794 2643 commisere?
840 2606 906 2644 An
934 2621 1013 2645 non
1039 2607 1232 2653 sensistis,
1248 2607 1539 2656 triumphatum
1558 2612 1582 2650 3

104 2671 223 2710 hodie
254 2673 302 2711 de
333 2675 445 2712 vobis
484 2676 604 2713 esse?
642 2690 711 2715 vos
761 2679 957 2728 omnibus,
996 2680 1162 2723 civibus,
1204 2679 1441 2730 peregrinis,
1479 2681 1540 2718 tot

171 2742 276 2769 Livius
295 2751 333 2770 ex
351 2751 410 2771 rec.
430 2746 588 2779 Madvigii.
625 2748 648 2773 1.
1314 2760 1335 2793 7
