1821 2928
303 131 384 168 212
683 125 797 160 Liber
821 124 891 160 IV.
940 125 1003 168 (A.
1028 136 1062 159 u.
1088 136 1118 159 c.
1144 125 1354 170 315—317.)

303 255 525 303 cimumque
564 252 772 290 tribunum
810 252 942 303 plebis
984 255 1213 303 cooptatum
1245 252 1480 292 seditionem
1511 257 1658 292 motam
1689 267 1735 292 ex

262 326 494 364 4Maeliana
539 324 647 363 caede
693 324 849 364 sedasse
893 325 1071 372 invenio;
1120 328 1293 363 ceterum
1329 325 1400 363 vix
1441 325 1637 364 credibile
1669 330 1737 373 est,

302 411 509 437 numerum
539 397 792 436 tribunorum
823 400 956 447 patres
987 397 1127 445 augeri
1157 410 1305 447 passos,
1337 397 1458 448 idque
1487 398 1736 449 potissimum

303 470 530 520 exemplum
555 483 577 507 a
594 469 765 520 patricio
782 470 939 508 homine
957 468 1240 516 introductum,
1270 483 1342 508 nec
1359 469 1503 508 deinde
1522 470 1563 508 id
1580 470 1737 521 plebem

302 556 532 581 concessum
579 541 700 579 semel
745 541 968 579 obtinuisse
1014 545 1083 579 aut
1130 545 1236 579 certe
1281 545 1466 581 tentasse.
1528 541 1608 580 Sed
1646 545 1738 580 ante

303 615 435 653 omnia
464 614 617 652 refellit
646 614 792 652 falsum
823 613 1009 662 imaginis
1039 613 1203 651 titulum
1234 614 1372 664 paucis
1399 618 1490 653 ante
1515 615 1632 654 annis
1649 614 1737 665 lege

304 690 473 734 cautum,
502 700 551 725 ne
582 686 754 724 tribunis
787 687 982 735 collegam
1014 690 1201 736 cooptare
1232 686 1382 724 liceret.

263 758 285 795 5
419 758 466 805 Q.
498 758 696 805 Caecilius,
741 759 788 806 Q.
819 758 972 806 Iunius,
1019 757 1109 795 Sex.
1141 757 1322 796 Titinius
1363 758 1440 796 soli
1479 772 1527 797 ex
1568 758 1738 808 collegio

300 831 554 869 tribunorum
600 843 728 880 neque
773 830 948 868 tulerant
990 829 1037 868 de
1067 830 1288 868 honoribus
1319 830 1492 869 Minucii
1533 831 1660 880 legem
1700 834 1738 869 et

303 903 513 941 criminari
544 916 649 940 nunc
666 902 899 949 Minucium,
931 916 1036 940 nunc
1054 901 1268 941 Servilium
1299 902 1406 953 apud
1429 902 1589 953 plebem
1607 903 1737 954 queri-

265 976 286 1012 6
306 989 382 1025 que
407 975 613 1025 indignam
635 987 769 1013 necem
787 974 913 1012 Maelii
931 988 1010 1012 non
1028 975 1276 1013 destiterant.
1323 974 1590 1014 Pervicerunt
1604 975 1740 1025 igitur,

301 1051 348 1085 ut
376 1048 633 1086 tribunorum
663 1047 836 1084 militum
869 1047 1002 1096 potius
1042 1059 1161 1096 quain
1192 1047 1398 1085 consulum
1430 1047 1592 1085 comitia
1621 1046 1739 1084 habe-

302 1123 452 1169 rentur,
485 1119 593 1157 haud
625 1119 752 1167 dubii,
784 1119 881 1170 quin
913 1131 982 1156 sex
1000 1118 1099 1156 locis
1117 1119 1195 1167 (tot
1212 1120 1317 1157 enim
1333 1119 1413 1157 iam
1430 1119 1558 1158 creari
1574 1117 1739 1167 licebat)

304 1195 342 1228 et
372 1191 523 1242 plebeii
563 1191 701 1241 aliqui,
740 1191 964 1242 profitendo
1006 1205 1046 1229 se
1077 1192 1229 1229 ultores
1260 1192 1345 1229 fore
1375 1192 1575 1229 Maelianae
1606 1190 1740 1236 caedis,

265 1264 286 1299 7
305 1267 547 1302 crearentur.
593 1262 728 1310 Plebs,
760 1276 988 1313 quanquam
1019 1264 1172 1312 agitata
1201 1263 1338 1301 multis
1369 1277 1414 1301 eo
1438 1276 1540 1301 anno
1563 1265 1604 1300 et
1618 1261 1740 1300 variis

302 1336 477 1374 motibus
509 1339 606 1383 erat,
645 1349 717 1373 nec
753 1336 890 1386 plures
923 1348 1039 1385 quam
1071 1339 1151 1373 tres
1182 1336 1366 1374 tribunos
1397 1334 1598 1373 consulari
1629 1337 1739 1384 pote-

301 1411 404 1446 state
435 1408 586 1446 creavit
617 1411 655 1445 et
687 1407 728 1445 in
760 1408 811 1445 iis
828 1407 874 1445 L.
892 1407 1124 1455 Quinctium
1144 1407 1377 1446 Cincinnati
1393 1406 1530 1454 filium,
1563 1420 1612 1444 ex
1629 1406 1740 1444 cuius

261 1479 514 1518 8dictaturae
554 1480 710 1518 invidia
746 1481 940 1518 tumultus
982 1480 1247 1530 quaerebatur.
1307 1480 1507 1518 Praelatus
1539 1478 1741 1527 suffragiis

98 1550 207 1621 2¹1(ssss
226 1551 286 1620 ἓξ·
305 1551 494 1599 Quinctio
513 1552 738 1590 Mamercus
755 1552 957 1599 AEmilius,
989 1552 1051 1591 vir
1082 1565 1243 1590 summae
1267 1552 1494 1602 dignitatis3
1525 1550 1571 1588 L.
1589 1550 1740 1588 Iulium

302 1623 466 1661 tertium
499 1628 648 1661 creant.

175 1691 220 1738 17
414 1695 464 1732 In
488 1695 630 1732 horum
655 1696 891 1744 magistratu
908 1696 1089 1742 Fidenae,
1115 1696 1273 1734 colonia
1289 1695 1482 1741 Romana,
1509 1694 1560 1732 ad
1577 1693 1740 1732 Lartem

264 1765 562 1805 2Tolumnium
601 1766 833 1805 Veientium
874 1779 1006 1816 regem
1047 1780 1091 1804 ac
1126 1767 1312 1806 Veientes
1355 1766 1545 1804 defecere.
1605 1765 1739 1803 Maius

302 1838 483 1877 additum
508 1838 723 1877 defectioni
750 1839 896 1876 scelus:
930 1838 971 1876 O.
990 1839 1234 1886 Fulcinium,
1268 1838 1453 1877 Cloelium
1469 1837 1645 1885 Tullum,
1670 1836 1737 1888 Sp.

302 1910 483 1957 Antium,
516 1910 562 1949 L.
593 1910 794 1958 Roscium,
825 1911 977 1960 legatos
1010 1911 1226 1959 Romanos,
1265 1924 1423 1949 causam
1454 1909 1551 1949 novi
1583 1909 1740 1947 consilii

263 1983 285 2019 3
304 1986 536 2031 quaerentes,
568 1983 678 2020 iussu
694 1982 902 2020 Tolumnii
929 1984 1226 2021 interfecerunt.
1272 1982 1429 2020 Levant
1452 1981 1614 2032 quidam
1631 1981 1739 2031 regis

302 2054 475 2100 facinus;
507 2055 549 2092 in
577 2058 817 2093 tesserarum
848 2069 1042 2106 prospero
1075 2055 1183 2093 iactu
1213 2068 1349 2093 vocem
1380 2055 1465 2092 eius
1497 2053 1740 2103 ambiguam,

302 2130 347 2162 ut
377 2126 505 2163 occidi
536 2127 698 2165 iussisse
728 2127 945 2174 videretur,
987 2141 1010 2165 a
1039 2126 1307 2165 Fidenatibus
1347 2129 1551 2176 exceptam
1583 2139 1739 2164 causam

262 2198 287 2234 4
303 2197 441 2235 mort-is
459 2198 602 2246 legatis
619 2199 760 2236 fuisse:
792 2213 875 2236 rem
902 2199 1193 2245 incredibilem,
1226 2199 1453 2236 interventu
1470 2197 1739 2244 Fidenatium,

303 2281 495 2306 novorum
527 2270 733 2317 sociorum,
766 2272 1060 2309 consulentium
1089 2271 1137 2309 de
1164 2270 1270 2308 caede
1287 2273 1454 2320 ruptura
1469 2270 1531 2306 ius
1549 2269 1739 2318 gentium,

303 2353 382 2378 non
413 2353 595 2378 aversum
626 2340 675 2377 ab
705 2341 925 2380 intentione
950 2344 1059 2380 lusus
1076 2343 1262 2390 animum,
1295 2355 1367 2380 nec
1385 2341 1526 2379 deinde
1544 2340 1586 2378 in
1603 2341 1738 2378 horro-

264 2412 287 2449 5
306 2425 390 2449 rem
420 2425 576 2451 versum
607 2412 771 2450 facinus.
817 2413 990 2464 Propius
1016 2418 1074 2452 est
1097 2414 1228 2461 fidem,
1259 2413 1459 2463 obstringi
1483 2412 1738 2451 Fidenatium

303 2484 508 2534 populum,
545 2497 593 2521 ne
630 2484 827 2534 respicere
859 2499 969 2535 spem
1000 2486 1125 2524 ullam
1157 2486 1206 2524 ab
1238 2485 1429 2523 Romanis
1460 2487 1605 2534 posset,
1647 2497 1737 2522 con-

263 2557 286 2594 6
305 2555 471 2593 scientia
501 2555 606 2593 tanti
636 2555 798 2593 sceleris
829 2556 1013 2595 voluisse.
1060 2557 1317 2607 Legatorum,
1349 2557 1418 2606 qui
1448 2555 1615 2593 Fidenis
1648 2556 1738 2594 caesi

303 2631 428 2675 erant,
460 2630 602 2665 statuae
635 2627 796 2677 publice
828 2627 870 2664 in
901 2627 1061 2666 Rostris
1093 2629 1234 2678 positae
1265 2630 1367 2665 sunt.

418 2698 516 2737 Cum
561 2698 801 2738 Veientibus
842 2699 1198 2750 Fidenatibusque,
1243 2701 1509 2749 praeterquam
1555 2698 1736 2737 finitimis
