1821 2928
259 126 312 164 30
893 121 1008 156 Liber
1032 124 1061 159 Ι,

217 251 239 287 5
258 249 425 299 perfidia
456 249 665 286 sociorum.
726 248 840 294 Nam,
872 261 922 286 ne
952 261 1020 286 vos
1051 249 1148 286 falsa
1179 249 1314 298 opinio
1343 251 1491 295 teneat,
1530 248 1685 286 iniussu

258 334 341 358 meo
373 320 529 358 Albani
575 319 732 357 subiere
770 320 820 357 ad
851 323 1016 369 montes,
1063 333 1134 357 nec
1166 320 1375 370 imperium
1407 319 1509 357 illud
1540 332 1681 368 meum,

257 392 326 429 sed
351 391 557 429 consilium
586 394 625 428 et
647 391 807 441 imperii
831 390 1031 428 simulatio
1056 391 1144 436 fuit,
1176 394 1221 428 ut
1246 403 1318 428 nec
1341 390 1465 438 vobis,
1495 391 1684 440 ignoran-

255 463 362 500 tibus
395 462 524 500 deseri
554 475 636 511 vos,
669 465 914 500 averteretur
945 475 968 499 a
993 462 1206 500 certamine
1232 462 1397 509 animus,
1428 465 1467 499 et
1490 461 1685 509 hostibus,

217 537 238 573 6
257 533 538 572 circumveniri
563 546 604 571 se
627 533 677 571 ab
701 537 813 582 tergo
839 533 950 582 ratis,
982 537 1114 570 terror
1139 546 1183 570 ac
1206 533 1301 581 fuga
1318 533 1565 573 iniiceretur.
1597 532 1684 572 Nec

256 617 302 642 ea
331 604 460 654 culpa,
495 617 612 654 quam
643 617 779 654 arguo,
810 605 984 642 omnium
1001 604 1255 642 Albanorum
1282 607 1359 650 est;
1391 603 1531 642 ducem
1553 603 1681 641 secuti

256 679 356 722 sunt,
388 680 431 713 ut
462 679 500 713 et
529 688 612 721 vos,
652 676 685 713 si
717 688 794 726 quo
826 689 898 725 ego
932 675 1023 713 inde
1054 688 1195 725 agmen
1227 675 1426 713 declinare
1456 674 1684 721 voluissem,

254 747 459 785 fecissetis.
497 746 664 784 Mettius
694 747 762 784 ille
787 750 846 784 est
871 747 1013 785 ductor
1040 747 1196 785 itineris
1228 746 1360 795 huius,
1383 745 1549 784 Mettius
1574 744 1682 783 idem

254 819 373 856 huius
417 818 665 856 machinator
695 818 806 867 belli,
852 817 1022 856 Mettius
1054 817 1212 856 foederis
1243 817 1415 855 Romani
1445 816 1681 866 Albanique

253 893 403 941 ruptor.
457 888 620 926 Audeat
650 888 794 927 deinde
822 889 922 927 talia
952 890 1069 936 alius,
1099 889 1177 927 nisi
1207 889 1248 926 in
1279 889 1382 926 hunc
1413 887 1571 938 insigne
1601 887 1682 925 iam

210 963 231 998 7
252 961 534 998 documentum
558 960 793 998 mortalibus
819 960 1002 999 dedero.“
1054 959 1315 998 Centuriones
1331 959 1475 998 armati
1490 958 1678 996 Mettium

252 1032 567 1077 circumsistunt;
592 1044 661 1068 rex
678 1035 822 1080 cetera,
847 1035 892 1069 ut
908 1045 1018 1070 orsus
1036 1035 1132 1078 erat,
1148 1032 1322 1082 peragit:
1360 1030 1502 1080 „Quod
1518 1030 1681 1077 bonum,

251 1104 422 1142 faustum
450 1104 627 1153 felixque
651 1104 701 1141 sit
725 1104 872 1153 populo
889 1103 1071 1140 Romano
1099 1117 1143 1140 ac
1160 1103 1257 1140 mihi
1273 1102 1480 1152 vobisque,
1511 1099 1680 1147 Albani,

250 1175 440 1224 populum
473 1188 625 1212 omnem
643 1175 848 1212 Albanum
865 1174 1032 1213 Romam
1063 1174 1272 1211 traducere
1304 1174 1343 1210 in
1371 1173 1502 1211 animo
1526 1175 1596 1219 est,
1625 1171 1679 1209 ci-

249 1246 413 1283 vitatem
445 1245 539 1283 dare
569 1246 688 1296 plebi,
734 1247 926 1296 primores
957 1247 998 1283 in
1028 1249 1163 1295 patres
1194 1245 1336 1293 legere,
1377 1257 1495 1282 unam
1524 1242 1679 1290 urbem,

249 1329 367 1354 unam
398 1330 480 1353 rem
511 1317 711 1366 publicam
743 1318 889 1363 facere;
921 1321 965 1354 ut
996 1330 1042 1354 ex
1072 1329 1150 1354 uno
1183 1315 1381 1366 quondam
1411 1316 1452 1353 in
1483 1314 1582 1353 duos
1604 1327 1676 1364 po·

209 1388 366 1438 apulos
398 1388 526 1425 divisa
557 1388 717 1426 Albana
747 1402 810 1426 res
840 1392 908 1435 est,
939 1389 994 1426 sic
1025 1401 1130 1425 nunc
1161 1388 1201 1424 in
1232 1400 1353 1424 unum
1384 1387 1558 1424 redeat.“
1607 1384 1678 1423 Ad

248 1458 331 1496 haec
356 1459 519 1496 Albana
541 1459 677 1509 pubes,
709 1460 870 1496 inermis
894 1459 943 1496 ab
967 1460 1130 1497 armatis
1156 1463 1292 1508 saepta,
1323 1458 1365 1495 in
1388 1458 1510 1496 variis
1535 1457 1676 1495 volun·

207 1527 395 1568 9tatibus
427 1531 625 1568 communi
656 1534 787 1568 tamen
820 1534 927 1567 metu
959 1534 1137 1580 cogente,
1170 1530 1375 1567 silentium
1404 1532 1524 1568 tenet.
1570 1527 1674 1565 Tum

249 1600 389 1638 Tullus
423 1601 567 1649 „Metti
599 1601 759 1639 Fufeti⁶⁶
807 1602 949 1651 inquit,
1001 1602 1059 1648 „si
1091 1601 1176 1651 ipse
1207 1601 1359 1638 discere
1388 1613 1523 1650 posses
1552 1599 1674 1637 fidem

250 1686 293 1710 ac
317 1672 464 1710 foedera
487 1685 656 1721 servare,
688 1673 779 1711 vivo
803 1673 880 1710 tibi
905 1686 947 1710 ea
973 1672 1188 1722 disciplina
1212 1685 1235 1709 a
1258 1684 1319 1709 me
1343 1670 1524 1708 adhibita
1549 1673 1671 1715 esset3

248 1756 352 1781 nunc
384 1743 571 1793 quoniam
603 1748 713 1781 tuum
746 1744 970 1782 insanabile
1000 1743 1203 1792 ingenium
1234 1745 1306 1791 est,
1338 1745 1379 1779 at
1406 1745 1452 1778 tu
1481 1746 1550 1778 tuo
1579 1753 1672 1790 sup-

246 1815 367 1865 plicio
399 1815 496 1852 doce
526 1814 740 1852 humanum
773 1828 896 1864 genus
928 1828 974 1852 ea
1005 1818 1141 1853 sancta
1165 1814 1338 1860 credere,
1368 1825 1456 1863 quae
1480 1826 1504 1850 a
1525 1815 1566 1849 te
1589 1811 1672 1849 vio·

247 1887 329 1924 lata
376 1891 478 1924 sunt.
540 1885 598 1924 Ut
643 1886 767 1934 igitur
811 1886 931 1936 paulo
972 1889 1063 1923 ante
1096 1886 1269 1923 animum
1300 1886 1403 1922 inter
1434 1883 1672 1920 Fidenatem

246 1958 547 2007 Romanamque
577 1970 660 1995 rem
691 1957 904 2007 ancipitem
935 1957 1107 2006 gessisti,
1152 1956 1208 1994 ita
1239 1957 1317 1993 iam
1347 1967 1490 2004 corpus
1520 1953 1672 2004 passim

177 2027 228 2066 10
246 2029 547 2066 distrahendum
579 2028 731 2068 dabis.“
794 2028 951 2066 Exinde
982 2028 1137 2066 duabus
1168 2027 1337 2065 admotis
1369 2025 1588 2076 quadrigis,
1629 2024 1671 2061 in

247 2113 385 2137 currus
417 2113 550 2137 earum
583 2100 798 2138 distentum
830 2100 967 2148 illigat
989 2099 1196 2145 Mettium;
1227 2097 1370 2136 deinde
1400 2097 1442 2135 in
1467 2096 1670 2134 diversum

246 2172 321 2209 iter
352 2172 444 2220 equi
476 2171 677 2218 concitati,
709 2171 880 2209 lacerum
912 2171 954 2208 in
984 2174 1152 2219 utroque
1178 2182 1296 2207 curru
1321 2180 1475 2218 corpus,
1505 2180 1584 2216 qua
1609 2166 1671 2203 in-

176 2240 223 2278 11
243 2241 442 2280 haeserant
457 2242 628 2280 vinculis
645 2241 829 2289 membra,
854 2245 1069 2292 portantes.
1118 2241 1314 2278 Avertere
1331 2252 1465 2278 omnes
1481 2239 1531 2277 ab
1557 2241 1671 2276 tanta

244 2312 424 2350 foeditate
457 2314 671 2362 spectaculi
704 2314 851 2351 oculos.
894 2312 1074 2350 Primum
1104 2312 1365 2361 ultimumque
1390 2310 1493 2347 illud
1517 2308 1668 2359 suppli-

245 2384 349 2421 cium
380 2383 487 2433 apud
502 2384 701 2421 Romanos
733 2384 904 2433 exempli
934 2397 1074 2434 parum
1105 2383 1290 2420 memoris
1321 2382 1453 2430 legum
1476 2381 1670 2418 humana-

243 2468 331 2493 rum
361 2455 454 2501 fuit3
486 2456 526 2492 in
557 2454 646 2491 aliis
668 2455 834 2503 gloriari
859 2455 962 2501 licet,
992 2455 1094 2492 nulli
1123 2454 1302 2502 gentium
1326 2452 1504 2490 mitiores
1529 2451 1667 2501 placu-

245 2526 322 2564 isse
353 2539 500 2576 poenas.

109 2595 162 2642 29
356 2596 469 2634 Inter
498 2597 583 2634 haec
614 2596 691 2633 iam
721 2596 913 2645 praemissi
945 2597 1093 2633 Albam
1125 2599 1239 2633 erant
1268 2594 1434 2643 equites,
1467 2592 1537 2641 qui
1567 2591 1670 2628 mul-

242 2667 458 2705 titudinem
489 2667 744 2705 traducerent
767 2666 946 2704 Romam.
991 2666 1190 2715 Legiones
1215 2665 1355 2702 deinde
1379 2663 1506 2701 ductae
1531 2662 1582 2700 ad
1607 2661 1670 2699 di·
