<?xml version="1.0" encoding="UTF-8"?>
<!DOCTYPE html PUBLIC "-//W3C//DTD XHTML 1.0 Transitional//EN"
    "http://www.w3.org/TR/xhtml1/DTD/xhtml1-transitional.dtd">
<html xmlns="http://www.w3.org/1999/xhtml" xml:lang="en" lang="en">
 <head>
  <title>
</title>
<meta http-equiv="Content-Type" content="text/html;charset=utf-8" />
  <meta name='ocr-system' content='tesseract 3.04.00' />
  <meta name='ocr-capabilities' content='ocr_page ocr_carea ocr_par ocr_line ocrx_word'/>
</head>
<body>
  <div class='ocr_page' id='page_1' title='image "./historiarumroman01livyuoft_0523.png"; bbox 0 0 1821 2928; ppageno 0'>
   <div class='ocr_carea' id='block_1_1' title="bbox 595 180 1481 217">
    <p class='ocr_par' dir='ltr' id='par_1_1' title="bbox 595 180 1481 217">
     <span class='ocr_line' id='line_1_1' title="bbox 595 180 1481 217; baseline 0.007 -7"><span class='ocrx_word' id='word_1_1' title='bbox 595 185 686 211; x_wconf 63' lang='lat' dir='ltr'>Liber</span> <span class='ocrx_word' id='word_1_2' title='bbox 704 185 757 210; x_wconf 76' lang='lat' dir='ltr'>1x.</span> <span class='ocrx_word' id='word_1_3' title='bbox 795 186 842 213; x_wconf 78' lang='grc' dir='ltr'>(Α.</span> <span class='ocrx_word' id='word_1_4' title='bbox 863 186 914 211; x_wconf 72' lang='lat' dir='ltr'>ch.</span> <span class='ocrx_word' id='word_1_5' title='bbox 935 188 1005 217; x_wconf 81' lang='lat'>315.)</span> <span class='ocrx_word' id='word_1_6' title='bbox 1402 180 1481 216; x_wconf 73' lang='lat'>1137</span> 
     </span>
    </p>
   </div>
   <div class='ocr_carea' id='block_1_2' title="bbox 35 298 1592 2674">
    <p class='ocr_par' dir='ltr' id='par_1_2' title="bbox 35 298 1592 2674">
     <span class='ocr_line' id='line_1_2' title="bbox 93 298 1585 354; baseline 0.004 -18"><span class='ocrx_word' id='word_1_7' title='bbox 93 298 243 336; x_wconf 80' lang='lat' dir='ltr'>Ioniam</span> <span class='ocrx_word' id='word_1_8' title='bbox 274 299 430 348; x_wconf 81' lang='lat' dir='ltr'>magnis</span> <span class='ocrx_word' id='word_1_9' title='bbox 463 299 678 337; x_wconf 79' lang='lat' dir='ltr'><strong>itineribus</strong></span> <span class='ocrx_word' id='word_1_10' title='bbox 710 300 967 349; x_wconf 82' lang='lat' dir='ltr'>pervenisset,</span> <span class='ocrx_word' id='word_1_11' title='bbox 1010 302 1050 340; x_wconf 65' lang='lat' dir='ltr'>el*</span> <span class='ocrx_word' id='word_1_12' title='bbox 1080 302 1206 351; x_wconf 78' lang='lat' dir='ltr'>sparsi</span> <span class='ocrx_word' id='word_1_13' title='bbox 1238 316 1308 352; x_wconf 89' lang='lat' dir='ltr'>per</span> <span class='ocrx_word' id='word_1_14' title='bbox 1338 303 1423 340; x_wconf 80' lang='lat' dir='ltr'>vias</span> <span class='ocrx_word' id='word_1_15' title='bbox 1455 317 1541 354; x_wconf 86' lang='lat' dir='ltr'>spe·</span> <span class='ocrx_word' id='word_1_16' title='bbox 1561 306 1585 342; x_wconf 83' lang='lat'><strong>3</strong></span> 
     </span>
     <span class='ocr_line' id='line_1_3' title="bbox 91 367 1538 420; baseline 0.003 -16"><span class='ocrx_word' id='word_1_17' title='bbox 91 367 302 414; x_wconf 79' lang='lat' dir='ltr'>culatores,</span> <span class='ocrx_word' id='word_1_18' title='bbox 328 368 441 417; x_wconf 88' lang='lat' dir='ltr'>sequi</span> <span class='ocrx_word' id='word_1_19' title='bbox 468 368 646 416; x_wconf 79' lang='lat' dir='ltr'>legiones</span> <span class='ocrx_word' id='word_1_20' title='bbox 664 368 903 405; x_wconf 78' lang='lat' dir='ltr'>Samnitium</span> <span class='ocrx_word' id='word_1_21' title='bbox 933 382 1003 406; x_wconf 89' lang='lat' dir='ltr'>nec</span> <span class='ocrx_word' id='word_1_22' title='bbox 1029 369 1106 406; x_wconf 79' lang='lat' dir='ltr'>iam</span> <span class='ocrx_word' id='word_1_23' title='bbox 1130 370 1269 420; x_wconf 86' lang='lat' dir='ltr'>procul</span> <span class='ocrx_word' id='word_1_24' title='bbox 1294 371 1442 417; x_wconf 80' lang='lat' dir='ltr'>abesse,</span> <span class='ocrx_word' id='word_1_25' title='bbox 1468 372 1538 410; x_wconf 78' lang='lat' dir='ltr'>alii</span> 
     </span>
     <span class='ocr_line' id='line_1_4' title="bbox 92 436 1577 487; baseline 0.003 -15"><span class='ocrx_word' id='word_1_26' title='bbox 92 448 212 486; x_wconf 80' lang='lat' dir='ltr'>super</span> <span class='ocrx_word' id='word_1_27' title='bbox 243 436 343 473; x_wconf 86' lang='lat' dir='ltr'>alios</span> <span class='ocrx_word' id='word_1_28' title='bbox 374 436 617 482; x_wconf 75' lang='lat' dir='ltr'>nuntiarent,</span> <span class='ocrx_word' id='word_1_29' title='bbox 649 437 806 474; x_wconf 79' lang='lat' dir='ltr'>obviam</span> <span class='ocrx_word' id='word_1_30' title='bbox 840 436 936 473; x_wconf 87' lang='lat' dir='ltr'>itum</span> <span class='ocrx_word' id='word_1_31' title='bbox 968 437 1074 474; x_wconf 87' lang='lat' dir='ltr'>hosti</span> <span class='ocrx_word' id='word_1_32' title='bbox 1107 442 1226 487; x_wconf 84' lang='lat' dir='ltr'>atque</span> <span class='ocrx_word' id='word_1_33' title='bbox 1257 438 1308 475; x_wconf 79' lang='lat' dir='ltr'>ad</span> <span class='ocrx_word' id='word_1_34' title='bbox 1340 438 1577 478; x_wconf 78' lang='lat' dir='ltr'>Lautulas4</span> 
     </span>
     <span class='ocr_line' id='line_1_5' title="bbox 91 503 1534 555; baseline 0.004 -15"><span class='ocrx_word' id='word_1_35' title='bbox 91 503 260 553; x_wconf 83' lang='lat' dir='ltr'>ancipiti</span> <span class='ocrx_word' id='word_1_36' title='bbox 290 504 434 553; x_wconf 85' lang='lat' dir='ltr'>proelio</span> <span class='ocrx_word' id='word_1_37' title='bbox 467 504 697 541; x_wconf 80' lang='lat' dir='ltr'>dimicatum</span> <span class='ocrx_word' id='word_1_38' title='bbox 730 507 798 542; x_wconf 84' lang='lat' dir='ltr'>est.</span> <span class='ocrx_word' id='word_1_39' title='bbox 858 504 948 542; x_wconf 85' lang='lat' dir='ltr'>Non</span> <span class='ocrx_word' id='word_1_40' title='bbox 979 505 1115 551; x_wconf 64' lang='lat' dir='ltr'>caedes.</span> <span class='ocrx_word' id='word_1_41' title='bbox 1140 520 1220 544; x_wconf 85' lang='lat' dir='ltr'>uon</span> <span class='ocrx_word' id='word_1_42' title='bbox 1245 507 1340 555; x_wconf 80' lang='lat' dir='ltr'>fuga</span> <span class='ocrx_word' id='word_1_43' title='bbox 1367 507 1534 546; x_wconf 79' lang='lat' dir='ltr'>alterius</span> 
     </span>
     <span class='ocr_line' id='line_1_6' title="bbox 90 571 1575 620; baseline 0.004 -12"><span class='ocrx_word' id='word_1_44' title='bbox 90 571 227 620; x_wconf 85' lang='lat' dir='ltr'>partis,</span> <span class='ocrx_word' id='word_1_45' title='bbox 259 572 328 609; x_wconf 79' lang='lat' dir='ltr'>sed</span> <span class='ocrx_word' id='word_1_46' title='bbox 358 586 436 610; x_wconf 82' lang='lat' dir='ltr'>nox</span> <span class='ocrx_word' id='word_1_47' title='bbox 469 572 651 620; x_wconf 86' lang='lat' dir='ltr'>incertos,</span> <span class='ocrx_word' id='word_1_48' title='bbox 682 573 780 610; x_wconf 84' lang='lat' dir='ltr'>victi</span> <span class='ocrx_word' id='word_1_49' title='bbox 810 573 1033 611; x_wconf 76' lang='lat' dir='ltr'>victoresne</span> <span class='ocrx_word' id='word_1_50' title='bbox 1073 577 1212 620; x_wconf 84' lang='lat' dir='ltr'>essent,</span> <span class='ocrx_word' id='word_1_51' title='bbox 1246 573 1419 612; x_wconf 84' lang='lat' dir='ltr'>diremit.</span> <span class='ocrx_word' id='word_1_52' title='bbox 1464 576 1531 613; x_wconf 85' lang='lat' dir='ltr'>In·</span> <span class='ocrx_word' id='word_1_53' title='bbox 1551 576 1575 614; x_wconf 88' lang='lat'>5</span> 
     </span>
     <span class='ocr_line' id='line_1_7' title="bbox 90 640 1534 692; baseline 0.003 -15"><span class='ocrx_word' id='word_1_54' title='bbox 90 640 207 677; x_wconf 83' lang='lat' dir='ltr'>venio</span> <span class='ocrx_word' id='word_1_55' title='bbox 239 641 345 690; x_wconf 84' lang='lat' dir='ltr'>apud</span> <span class='ocrx_word' id='word_1_56' title='bbox 377 642 582 690; x_wconf 78' lang='lat' dir='ltr'>quosdam,</span> <span class='ocrx_word' id='word_1_57' title='bbox 614 640 821 678; x_wconf 83' lang='lat' dir='ltr'>adversam</span> <span class='ocrx_word' id='word_1_58' title='bbox 853 654 937 678; x_wconf 81' lang='lat' dir='ltr'>eam</span> <span class='ocrx_word' id='word_1_59' title='bbox 969 655 1143 690; x_wconf 85' lang='lat' dir='ltr'>pugnam</span> <span class='ocrx_word' id='word_1_60' title='bbox 1174 641 1367 681; x_wconf 74' lang='lat' dir='ltr'>Romanis</span> <span class='ocrx_word' id='word_1_61' title='bbox 1399 644 1534 692; x_wconf 88' lang='lat' dir='ltr'>fuisse,</span> 
     </span>
     <span class='ocr_line' id='line_1_8' title="bbox 89 708 1573 760; baseline 0.004 -16"><span class='ocrx_word' id='word_1_62' title='bbox 89 711 209 756; x_wconf 82' lang='lat' dir='ltr'>atque</span> <span class='ocrx_word' id='word_1_63' title='bbox 240 708 281 745; x_wconf 86' lang='lat' dir='ltr'>in</span> <span class='ocrx_word' id='word_1_64' title='bbox 314 722 358 745; x_wconf 75' lang='lat' dir='ltr'>ea</span> <span class='ocrx_word' id='word_1_65' title='bbox 389 709 579 747; x_wconf 82' lang='lat' dir='ltr'>cecidisse</span> <span class='ocrx_word' id='word_1_66' title='bbox 611 710 658 757; x_wconf 74' lang='lat' dir='ltr'>Q.</span> <span class='ocrx_word' id='word_1_67' title='bbox 690 710 859 747; x_wconf 80' lang='lat' dir='ltr'>Aulium</span> <span class='ocrx_word' id='word_1_68' title='bbox 890 710 1124 759; x_wconf 81' lang='lat' dir='ltr'>magistrum</span> <span class='ocrx_word' id='word_1_69' title='bbox 1149 711 1338 760; x_wconf 90' lang='lat' dir='ltr'>equitum.</span> <span class='ocrx_word' id='word_1_70' title='bbox 1385 710 1531 750; x_wconf 81' lang='lat' dir='ltr'>Suffec-</span> <span class='ocrx_word' id='word_1_71' title='bbox 1550 714 1573 750; x_wconf 88' lang='grc'><strong>6</strong></span> 
     </span>
     <span class='ocr_line' id='line_1_9' title="bbox 85 776 1533 828; baseline 0.005 -17"><span class='ocrx_word' id='word_1_72' title='bbox 85 779 152 813; x_wconf 85' lang='lat' dir='ltr'>tus</span> <span class='ocrx_word' id='word_1_73' title='bbox 182 776 221 813; x_wconf 89' lang='lat' dir='ltr'>in</span> <span class='ocrx_word' id='word_1_74' title='bbox 256 776 386 814; x_wconf 88' lang='lat' dir='ltr'>locum</span> <span class='ocrx_word' id='word_1_75' title='bbox 417 777 538 815; x_wconf 84' lang='lat' dir='ltr'>Aulii</span> <span class='ocrx_word' id='word_1_76' title='bbox 570 778 611 815; x_wconf 86' lang='lat' dir='ltr'>C.</span> <span class='ocrx_word' id='word_1_77' title='bbox 643 778 796 816; x_wconf 82' lang='lat' dir='ltr'>Fabius</span> <span class='ocrx_word' id='word_1_78' title='bbox 827 779 1016 827; x_wconf 80' lang='lat' dir='ltr'>magister</span> <span class='ocrx_word' id='word_1_79' title='bbox 1040 778 1219 828; x_wconf 85' lang='lat' dir='ltr'>equitum</span> <span class='ocrx_word' id='word_1_80' title='bbox 1246 792 1333 816; x_wconf 86' lang='lat' dir='ltr'>cum</span> <span class='ocrx_word' id='word_1_81' title='bbox 1357 780 1533 818; x_wconf 83' lang='lat' dir='ltr'>exercitu</span> 
     </span>
     <span class='ocr_line' id='line_1_10' title="bbox 86 845 1530 896; baseline 0.002 -15"><span class='ocrx_word' id='word_1_82' title='bbox 86 857 190 882; x_wconf 83' lang='lat' dir='ltr'>novo</span> <span class='ocrx_word' id='word_1_83' title='bbox 231 845 280 882; x_wconf 82' lang='lat' dir='ltr'>ab</span> <span class='ocrx_word' id='word_1_84' title='bbox 319 845 448 882; x_wconf 80' lang='lat' dir='ltr'>Roma</span> <span class='ocrx_word' id='word_1_85' title='bbox 487 846 649 883; x_wconf 80' lang='lat' dir='ltr'>advenit</span> <span class='ocrx_word' id='word_1_86' title='bbox 690 850 739 892; x_wconf 89' lang='lat' dir='ltr'>et,</span> <span class='ocrx_word' id='word_1_87' title='bbox 776 859 848 895; x_wconf 85' lang='lat' dir='ltr'>per</span> <span class='ocrx_word' id='word_1_88' title='bbox 888 846 1112 896; x_wconf 78' lang='lat' dir='ltr'>praelnissos</span> <span class='ocrx_word' id='word_1_89' title='bbox 1152 846 1316 884; x_wconf 85' lang='lat' dir='ltr'>nuntios</span> <span class='ocrx_word' id='word_1_90' title='bbox 1348 847 1530 885; x_wconf 85' lang='lat' dir='ltr'>consulto</span> 
     </span>
     <span class='ocr_line' id='line_1_11' title="bbox 86 912 1531 965; baseline 0.002 -16"><span class='ocrx_word' id='word_1_91' title='bbox 86 912 296 960; x_wconf 79' lang='lat' dir='ltr'>dictatore,</span> <span class='ocrx_word' id='word_1_92' title='bbox 336 914 407 951; x_wconf 86' lang='lat' dir='ltr'>ubi</span> <span class='ocrx_word' id='word_1_93' title='bbox 452 915 700 961; x_wconf 71' lang='lat' dir='ltr'>subsisteret,</span> <span class='ocrx_word' id='word_1_94' title='bbox 754 927 883 963; x_wconf 82' lang='lat' dir='ltr'>quove</span> <span class='ocrx_word' id='word_1_95' title='bbox 922 919 1101 964; x_wconf 85' lang='lat' dir='ltr'>tempore</span> <span class='ocrx_word' id='word_1_96' title='bbox 1142 917 1181 951; x_wconf 84' lang='lat' dir='ltr'>et</span> <span class='ocrx_word' id='word_1_97' title='bbox 1218 928 1296 964; x_wconf 79' lang='lat' dir='ltr'>qua</span> <span class='ocrx_word' id='word_1_98' title='bbox 1339 928 1385 952; x_wconf 83' lang='lat' dir='ltr'>ex</span> <span class='ocrx_word' id='word_1_99' title='bbox 1416 919 1531 965; x_wconf 80' lang='lat' dir='ltr'>parte</span> 
     </span>
     <span class='ocr_line' id='line_1_12' title="bbox 84 980 1529 1033; baseline 0.003 -17"><span class='ocrx_word' id='word_1_100' title='bbox 84 980 235 1019; x_wconf 80' lang='lat' dir='ltr'>hostem</span> <span class='ocrx_word' id='word_1_101' title='bbox 268 982 564 1030; x_wconf 79' lang='lat' dir='ltr'>aggrederetur,</span> <span class='ocrx_word' id='word_1_102' title='bbox 597 983 779 1021; x_wconf 76' lang='lat' dir='ltr'>substitit</span> <span class='ocrx_word' id='word_1_103' title='bbox 809 983 1000 1030; x_wconf 85' lang='lat' dir='ltr'>occult-us,</span> <span class='ocrx_word' id='word_1_104' title='bbox 1032 983 1083 1020; x_wconf 80' lang='lat' dir='ltr'>ad</span> <span class='ocrx_word' id='word_1_105' title='bbox 1115 983 1247 1020; x_wconf 85' lang='lat' dir='ltr'>omnia</span> <span class='ocrx_word' id='word_1_106' title='bbox 1272 983 1368 1020; x_wconf 79' lang='lat' dir='ltr'>satis</span> <span class='ocrx_word' id='word_1_107' title='bbox 1395 984 1529 1033; x_wconf 81' lang='lat' dir='ltr'>explo-</span> 
     </span>
     <span class='ocr_line' id='line_1_13' title="bbox 84 1049 1571 1101; baseline 0.003 -16"><span class='ocrx_word' id='word_1_108' title='bbox 84 1049 183 1086; x_wconf 83' lang='lat' dir='ltr'>ratis</span> <span class='ocrx_word' id='word_1_109' title='bbox 214 1050 402 1088; x_wconf 80' lang='lat' dir='ltr'>consiliis.</span> <span class='ocrx_word' id='word_1_110' title='bbox 462 1051 651 1089; x_wconf 79' lang='lat' dir='ltr'>Dictator</span> <span class='ocrx_word' id='word_1_111' title='bbox 682 1065 802 1101; x_wconf 89' lang='lat' dir='ltr'>quum</span> <span class='ocrx_word' id='word_1_112' title='bbox 834 1065 905 1101; x_wconf 86' lang='lat' dir='ltr'>per</span> <span class='ocrx_word' id='word_1_113' title='bbox 936 1051 1093 1100; x_wconf 81' lang='lat' dir='ltr'>aliquot</span> <span class='ocrx_word' id='word_1_114' title='bbox 1124 1050 1208 1088; x_wconf 86' lang='lat' dir='ltr'>dies</span> <span class='ocrx_word' id='word_1_115' title='bbox 1239 1054 1331 1101; x_wconf 82' lang='lat' dir='ltr'>post</span> <span class='ocrx_word' id='word_1_116' title='bbox 1352 1066 1528 1101; x_wconf 81' lang='lat' dir='ltr'>pugnam</span> <span class='ocrx_word' id='word_1_117' title='bbox 1548 1054 1571 1090; x_wconf 82' lang='lat'><strong>7</strong></span> 
     </span>
     <span class='ocr_line' id='line_1_14' title="bbox 83 1117 1530 1169; baseline 0.003 -15"><span class='ocrx_word' id='word_1_118' title='bbox 83 1117 346 1156; x_wconf 78' lang='lat' dir='ltr'>continuisset</span> <span class='ocrx_word' id='word_1_119' title='bbox 367 1133 457 1156; x_wconf 88' lang='lat' dir='ltr'>suos</span> <span class='ocrx_word' id='word_1_120' title='bbox 496 1119 604 1156; x_wconf 82' lang='lat' dir='ltr'>iutra</span> <span class='ocrx_word' id='word_1_121' title='bbox 634 1120 786 1157; x_wconf 75' lang='lat' dir='ltr'>vallum</span> <span class='ocrx_word' id='word_1_122' title='bbox 817 1120 967 1157; x_wconf 83' lang='lat' dir='ltr'>obsessi</span> <span class='ocrx_word' id='word_1_123' title='bbox 998 1119 1124 1168; x_wconf 81' lang='lat' dir='ltr'>magis</span> <span class='ocrx_word' id='word_1_124' title='bbox 1156 1133 1274 1169; x_wconf 84' lang='lat' dir='ltr'>quam</span> <span class='ocrx_word' id='word_1_125' title='bbox 1306 1119 1530 1158; x_wconf 85' lang='lat' dir='ltr'>obsidentis</span> 
     </span>
     <span class='ocr_line' id='line_1_15' title="bbox 59 1184 1569 1238; baseline 0.003 -16"><span class='ocrx_word' id='word_1_126' title='bbox 59 1184 211 1232; x_wconf 79' lang='lat' dir='ltr'>&#39;modo,</span> <span class='ocrx_word' id='word_1_127' title='bbox 242 1187 396 1235; x_wconf 82' lang='lat' dir='ltr'>siguum</span> <span class='ocrx_word' id='word_1_128' title='bbox 430 1192 593 1238; x_wconf 88' lang='lat' dir='ltr'>repente</span> <span class='ocrx_word' id='word_1_129' title='bbox 625 1200 770 1238; x_wconf 81' lang='lat' dir='ltr'>pugnae</span> <span class='ocrx_word' id='word_1_130' title='bbox 801 1189 1024 1238; x_wconf 83' lang='lat' dir='ltr'>proposuit,</span> <span class='ocrx_word' id='word_1_131' title='bbox 1057 1191 1096 1225; x_wconf 90' lang='lat' dir='ltr'>et</span> <span class='ocrx_word' id='word_1_132' title='bbox 1122 1187 1324 1225; x_wconf 77' lang='lat' dir='ltr'>efficacius</span> <span class='ocrx_word' id='word_1_133' title='bbox 1348 1191 1458 1225; x_wconf 83' lang='lat' dir='ltr'>ratus</span> <span class='ocrx_word' id='word_1_134' title='bbox 1476 1189 1526 1226; x_wconf 86' lang='lat' dir='ltr'>ad</span> <span class='ocrx_word' id='word_1_135' title='bbox 1544 1190 1569 1226; x_wconf 82' lang='lat'>8</span> 
     </span>
     <span class='ocr_line' id='line_1_16' title="bbox 81 1254 1524 1305; baseline 0.002 -14"><span class='ocrx_word' id='word_1_136' title='bbox 81 1254 354 1292; x_wconf 79' lang='lat' dir='ltr'>accendendos</span> <span class='ocrx_word' id='word_1_137' title='bbox 394 1256 573 1294; x_wconf 81' lang='lat' dir='ltr'>virorum</span> <span class='ocrx_word' id='word_1_138' title='bbox 612 1257 776 1294; x_wconf 87' lang='lat' dir='ltr'>fortium</span> <span class='ocrx_word' id='word_1_139' title='bbox 813 1256 978 1304; x_wconf 81' lang='lat' dir='ltr'>animos,</span> <span class='ocrx_word' id='word_1_140' title='bbox 1017 1255 1169 1292; x_wconf 82' lang='lat' dir='ltr'>nullam</span> <span class='ocrx_word' id='word_1_141' title='bbox 1201 1255 1302 1293; x_wconf 83' lang='lat' dir='ltr'>alibi</span> <span class='ocrx_word' id='word_1_142' title='bbox 1333 1269 1451 1305; x_wconf 84' lang='lat' dir='ltr'>quam</span> <span class='ocrx_word' id='word_1_143' title='bbox 1484 1257 1524 1294; x_wconf 89' lang='lat' dir='ltr'>in</span> 
     </span>
     <span class='ocr_line' id='line_1_17' title="bbox 35 1323 1526 1374; baseline 0.003 -16"><span class='ocrx_word' id='word_1_144' title='bbox 35 1335 39 1338; x_wconf 89' lang='lat'>·</span> <span class='ocrx_word' id='word_1_145' title='bbox 80 1326 203 1360; x_wconf 82' lang='lat' dir='ltr'>semet</span> <span class='ocrx_word' id='word_1_146' title='bbox 234 1323 322 1373; x_wconf 88' lang='lat' dir='ltr'>ipso</span> <span class='ocrx_word' id='word_1_147' title='bbox 354 1325 541 1374; x_wconf 85' lang='lat' dir='ltr'>cuiquam</span> <span class='ocrx_word' id='word_1_148' title='bbox 571 1325 754 1362; x_wconf 81' lang='lat' dir='ltr'>relictam</span> <span class='ocrx_word' id='word_1_149' title='bbox 778 1338 898 1374; x_wconf 88' lang='lat' dir='ltr'>spem,</span> <span class='ocrx_word' id='word_1_150' title='bbox 926 1324 974 1362; x_wconf 86' lang='lat' dir='ltr'>de</span> <span class='ocrx_word' id='word_1_151' title='bbox 998 1324 1190 1373; x_wconf 86' lang='lat' dir='ltr'>magistro</span> <span class='ocrx_word' id='word_1_152' title='bbox 1209 1324 1387 1373; x_wconf 86' lang='lat' dir='ltr'>equitum</span> <span class='ocrx_word' id='word_1_153' title='bbox 1404 1338 1526 1362; x_wconf 87' lang='lat' dir='ltr'>novo-</span> 
     </span>
     <span class='ocr_line' id='line_1_18' title="bbox 79 1391 1566 1443; baseline 0.002 -16"><span class='ocrx_word' id='word_1_154' title='bbox 79 1404 156 1440; x_wconf 86' lang='lat' dir='ltr'>que</span> <span class='ocrx_word' id='word_1_155' title='bbox 187 1392 362 1430; x_wconf 86' lang='lat' dir='ltr'>exercitu</span> <span class='ocrx_word' id='word_1_156' title='bbox 394 1394 566 1431; x_wconf 86' lang='lat' dir='ltr'>militem</span> <span class='ocrx_word' id='word_1_157' title='bbox 597 1393 741 1430; x_wconf 80' lang='lat' dir='ltr'>celavit</span> <span class='ocrx_word' id='word_1_158' title='bbox 773 1396 822 1440; x_wconf 89' lang='lat' dir='ltr'>et,</span> <span class='ocrx_word' id='word_1_159' title='bbox 852 1397 1042 1442; x_wconf 82' lang='lat' dir='ltr'>tanquam</span> <span class='ocrx_word' id='word_1_160' title='bbox 1080 1392 1194 1430; x_wconf 83' lang='lat' dir='ltr'>nulla</span> <span class='ocrx_word' id='word_1_161' title='bbox 1223 1391 1304 1429; x_wconf 86' lang='lat' dir='ltr'>nisi</span> <span class='ocrx_word' id='word_1_162' title='bbox 1335 1391 1376 1428; x_wconf 92' lang='lat' dir='ltr'>in</span> <span class='ocrx_word' id='word_1_163' title='bbox 1408 1406 1522 1443; x_wconf 84' lang='lat' dir='ltr'>erup·</span> <span class='ocrx_word' id='word_1_164' title='bbox 1542 1394 1566 1430; x_wconf 81' lang='lat'>9</span> 
     </span>
     <span class='ocr_line' id='line_1_19' title="bbox 78 1458 1523 1511; baseline 0.002 -16"><span class='ocrx_word' id='word_1_165' title='bbox 78 1458 186 1496; x_wconf 85' lang='lat' dir='ltr'>tione</span> <span class='ocrx_word' id='word_1_166' title='bbox 218 1473 306 1509; x_wconf 86' lang='lat' dir='ltr'>spes</span> <span class='ocrx_word' id='word_1_167' title='bbox 338 1466 450 1504; x_wconf 77' lang='lat' dir='ltr'>esset,</span> <span class='ocrx_word' id='word_1_168' title='bbox 486 1462 655 1500; x_wconf 66' lang='lat' dir='ltr'>..Locis-2</span> <span class='ocrx_word' id='word_1_169' title='bbox 691 1461 823 1511; x_wconf 87' lang='lat' dir='ltr'>inquit</span> <span class='ocrx_word' id='word_1_170' title='bbox 857 1462 1074 1510; x_wconf 35' lang='lat' dir='ltr'>⁷,augustis</span> <span class='ocrx_word' id='word_1_171' title='bbox 1098 1461 1256 1506; x_wconf 86' lang='lat' dir='ltr'>milites,</span> <span class='ocrx_word' id='word_1_172' title='bbox 1275 1459 1523 1509; x_wconf 86' lang='lat' dir='ltr'>deprehensi,</span> 
     </span>
     <span class='ocr_line' id='line_1_20' title="bbox 79 1526 1592 1580; baseline 0.003 -16"><span class='ocrx_word' id='word_1_173' title='bbox 79 1526 157 1565; x_wconf 86' lang='lat' dir='ltr'>nisi</span> <span class='ocrx_word' id='word_1_174' title='bbox 187 1541 305 1577; x_wconf 82' lang='lat' dir='ltr'>quam</span> <span class='ocrx_word' id='word_1_175' title='bbox 336 1529 507 1568; x_wconf 85' lang='lat' dir='ltr'>victoria</span> <span class='ocrx_word' id='word_1_176' title='bbox 537 1530 854 1580; x_wconf 77' lang='lat' dir='ltr'>patefecerimus,</span> <span class='ocrx_word' id='word_1_177' title='bbox 884 1530 991 1567; x_wconf 75' lang='lat' dir='ltr'>viam</span> <span class='ocrx_word' id='word_1_178' title='bbox 1015 1529 1167 1567; x_wconf 86' lang='lat' dir='ltr'>nullam</span> <span class='ocrx_word' id='word_1_179' title='bbox 1190 1529 1392 1566; x_wconf 80' lang='lat' dir='ltr'>habemus.</span> <span class='ocrx_word' id='word_1_180' title='bbox 1435 1528 1521 1567; x_wconf 71' lang='lat' dir='ltr'>Sta-</span> <span class='ocrx_word' id='word_1_181' title='bbox 1543 1530 1592 1568; x_wconf 87' lang='lat'>10</span> 
     </span>
     <span class='ocr_line' id='line_1_21' title="bbox 77 1595 1522 1647; baseline 0.002 -15"><span class='ocrx_word' id='word_1_182' title='bbox 77 1595 164 1633; x_wconf 85' lang='lat' dir='ltr'>tiva</span> <span class='ocrx_word' id='word_1_183' title='bbox 194 1600 330 1635; x_wconf 85' lang='lat' dir='ltr'>nostra</span> <span class='ocrx_word' id='word_1_184' title='bbox 361 1598 605 1636; x_wconf 86' lang='lat' dir='ltr'>munimento</span> <span class='ocrx_word' id='word_1_185' title='bbox 637 1599 734 1636; x_wconf 88' lang='lat' dir='ltr'>satis</span> <span class='ocrx_word' id='word_1_186' title='bbox 765 1602 852 1636; x_wconf 80' lang='lat' dir='ltr'>tuta</span> <span class='ocrx_word' id='word_1_187' title='bbox 883 1603 985 1646; x_wconf 90' lang='lat' dir='ltr'>sunt,</span> <span class='ocrx_word' id='word_1_188' title='bbox 1024 1598 1092 1636; x_wconf 85' lang='lat' dir='ltr'>sed</span> <span class='ocrx_word' id='word_1_189' title='bbox 1125 1598 1262 1647; x_wconf 85' lang='lat' dir='ltr'>inopia</span> <span class='ocrx_word' id='word_1_190' title='bbox 1295 1597 1431 1635; x_wconf 81' lang='lat' dir='ltr'>eadem</span> <span class='ocrx_word' id='word_1_191' title='bbox 1464 1598 1522 1635; x_wconf 89' lang='lat' dir='ltr'>in-</span> 
     </span>
     <span class='ocr_line' id='line_1_22' title="bbox 76 1663 1522 1714; baseline 0.001 -13"><span class='ocrx_word' id='word_1_192' title='bbox 76 1663 198 1710; x_wconf 76' lang='lat' dir='ltr'>festa3</span> <span class='ocrx_word' id='word_1_193' title='bbox 230 1679 320 1703; x_wconf 82' lang='lat' dir='ltr'>nam</span> <span class='ocrx_word' id='word_1_194' title='bbox 351 1669 391 1704; x_wconf 82' lang='lat' dir='ltr'>et</span> <span class='ocrx_word' id='word_1_195' title='bbox 421 1667 526 1704; x_wconf 83' lang='lat' dir='ltr'>circa</span> <span class='ocrx_word' id='word_1_196' title='bbox 557 1668 690 1705; x_wconf 86' lang='lat' dir='ltr'>omnia</span> <span class='ocrx_word' id='word_1_197' title='bbox 720 1667 962 1714; x_wconf 87' lang='lat' dir='ltr'>defecerunt,</span> <span class='ocrx_word' id='word_1_198' title='bbox 992 1666 1098 1704; x_wconf 89' lang='lat' dir='ltr'>unde</span> <span class='ocrx_word' id='word_1_199' title='bbox 1129 1666 1297 1704; x_wconf 82' lang='lat' dir='ltr'>subvehi</span> <span class='ocrx_word' id='word_1_200' title='bbox 1330 1679 1522 1703; x_wconf 83' lang='lat' dir='ltr'>commea-</span> 
     </span>
     <span class='ocr_line' id='line_1_23' title="bbox 74 1734 1522 1784; baseline 0.001 -14"><span class='ocrx_word' id='word_1_201' title='bbox 74 1736 139 1770; x_wconf 71' lang='lat' dir='ltr'>tus</span> <span class='ocrx_word' id='word_1_202' title='bbox 179 1737 377 1782; x_wconf 84' lang='lat' dir='ltr'>poterant,</span> <span class='ocrx_word' id='word_1_203' title='bbox 418 1737 467 1781; x_wconf 87' lang='lat' dir='ltr'>et,</span> <span class='ocrx_word' id='word_1_204' title='bbox 505 1735 539 1772; x_wconf 87' lang='lat' dir='ltr'>si</span> <span class='ocrx_word' id='word_1_205' title='bbox 576 1735 756 1774; x_wconf 88' lang='lat' dir='ltr'>homines</span> <span class='ocrx_word' id='word_1_206' title='bbox 795 1736 931 1774; x_wconf 84' lang='lat' dir='ltr'>iuvare</span> <span class='ocrx_word' id='word_1_207' title='bbox 961 1735 1099 1782; x_wconf 86' lang='lat' dir='ltr'>velint,</span> <span class='ocrx_word' id='word_1_208' title='bbox 1130 1735 1270 1784; x_wconf 85' lang='lat' dir='ltr'>iniqua</span> <span class='ocrx_word' id='word_1_209' title='bbox 1300 1734 1389 1771; x_wconf 84' lang='lat' dir='ltr'>loca</span> <span class='ocrx_word' id='word_1_210' title='bbox 1421 1739 1522 1772; x_wconf 90' lang='lat' dir='ltr'>sunt.</span> 
     </span>
     <span class='ocr_line' id='line_1_24' title="bbox 72 1799 1584 1853; baseline 0.001 -16"><span class='ocrx_word' id='word_1_211' title='bbox 72 1799 218 1850; x_wconf 78' lang='lat' dir='ltr'>Itaque</span> <span class='ocrx_word' id='word_1_212' title='bbox 249 1815 328 1840; x_wconf 87' lang='lat' dir='ltr'>non</span> <span class='ocrx_word' id='word_1_213' title='bbox 358 1803 584 1841; x_wconf 86' lang='lat' dir='ltr'>frustrabor</span> <span class='ocrx_word' id='word_1_214' title='bbox 616 1817 688 1853; x_wconf 84' lang='lat' dir='ltr'>ego</span> <span class='ocrx_word' id='word_1_215' title='bbox 718 1817 789 1842; x_wconf 88' lang='lat' dir='ltr'>vos</span> <span class='ocrx_word' id='word_1_216' title='bbox 814 1808 944 1842; x_wconf 84' lang='lat' dir='ltr'>castra</span> <span class='ocrx_word' id='word_1_217' title='bbox 966 1803 1030 1841; x_wconf 88' lang='lat' dir='ltr'>hic</span> <span class='ocrx_word' id='word_1_218' title='bbox 1055 1802 1332 1852; x_wconf 81' lang='lat' dir='ltr'>relinquendo,</span> <span class='ocrx_word' id='word_1_219' title='bbox 1355 1803 1396 1840; x_wconf 89' lang='lat' dir='ltr'>in</span> <span class='ocrx_word' id='word_1_220' title='bbox 1429 1815 1516 1852; x_wconf 87' lang='lat' dir='ltr'>quae</span> <span class='ocrx_word' id='word_1_221' title='bbox 1539 1803 1584 1839; x_wconf 93' lang='grc'>11</span> 
     </span>
     <span class='ocr_line' id='line_1_25' title="bbox 75 1868 1520 1922; baseline 0.001 -16"><span class='ocrx_word' id='word_1_222' title='bbox 75 1868 224 1907; x_wconf 86' lang='lat' dir='ltr'>infecta</span> <span class='ocrx_word' id='word_1_223' title='bbox 254 1871 439 1918; x_wconf 87' lang='lat' dir='ltr'>victoria,</span> <span class='ocrx_word' id='word_1_224' title='bbox 469 1872 573 1910; x_wconf 90' lang='lat' dir='ltr'>sicut</span> <span class='ocrx_word' id='word_1_225' title='bbox 603 1873 776 1922; x_wconf 85' lang='lat' dir='ltr'>pristino</span> <span class='ocrx_word' id='word_1_226' title='bbox 809 1873 886 1920; x_wconf 84' lang='lat' dir='ltr'>die,</span> <span class='ocrx_word' id='word_1_227' title='bbox 915 1886 987 1910; x_wconf 87' lang='lat' dir='ltr'>vos</span> <span class='ocrx_word' id='word_1_228' title='bbox 1010 1872 1226 1921; x_wconf 81' lang='lat' dir='ltr'>recipiatis.</span> <span class='ocrx_word' id='word_1_229' title='bbox 1272 1869 1413 1908; x_wconf 88' lang='lat' dir='ltr'>Armis</span> <span class='ocrx_word' id='word_1_230' title='bbox 1438 1883 1520 1907; x_wconf 92' lang='lat' dir='ltr'>mu-</span> 
     </span>
     <span class='ocr_line' id='line_1_26' title="bbox 73 1937 1589 1985; baseline 0.001 -11"><span class='ocrx_word' id='word_1_231' title='bbox 73 1937 260 1985; x_wconf 86' lang='lat' dir='ltr'>nimenta,</span> <span class='ocrx_word' id='word_1_232' title='bbox 306 1953 385 1977; x_wconf 86' lang='lat' dir='ltr'>non</span> <span class='ocrx_word' id='word_1_233' title='bbox 431 1940 688 1979; x_wconf 89' lang='lat' dir='ltr'>munimentis</span> <span class='ocrx_word' id='word_1_234' title='bbox 732 1954 842 1978; x_wconf 83' lang='lat' dir='ltr'>arma</span> <span class='ocrx_word' id='word_1_235' title='bbox 885 1944 974 1978; x_wconf 87' lang='lat' dir='ltr'>tuta</span> <span class='ocrx_word' id='word_1_236' title='bbox 1019 1954 1102 1978; x_wconf 88' lang='lat' dir='ltr'>esse</span> <span class='ocrx_word' id='word_1_237' title='bbox 1145 1939 1302 1977; x_wconf 86' lang='lat' dir='ltr'>debent.</span> <span class='ocrx_word' id='word_1_238' title='bbox 1377 1938 1518 1976; x_wconf 82' lang='lat' dir='ltr'>Castra</span> <span class='ocrx_word' id='word_1_239' title='bbox 1539 1939 1589 1976; x_wconf 79' lang='lat'>12</span> 
     </span>
     <span class='ocr_line' id='line_1_27' title="bbox 74 2006 1517 2059; baseline 0.001 -16"><span class='ocrx_word' id='word_1_240' title='bbox 74 2006 247 2045; x_wconf 83' lang='lat' dir='ltr'>habeant</span> <span class='ocrx_word' id='word_1_241' title='bbox 287 2011 558 2058; x_wconf 85' lang='lat' dir='ltr'>repetantque,</span> <span class='ocrx_word' id='word_1_242' title='bbox 597 2008 744 2059; x_wconf 89' lang='lat' dir='ltr'>quibus</span> <span class='ocrx_word' id='word_1_243' title='bbox 786 2022 915 2059; x_wconf 89' lang='lat' dir='ltr'>operae</span> <span class='ocrx_word' id='word_1_244' title='bbox 957 2011 1017 2046; x_wconf 84' lang='lat' dir='ltr'>est</span> <span class='ocrx_word' id='word_1_245' title='bbox 1055 2007 1212 2045; x_wconf 86' lang='lat' dir='ltr'>trahere</span> <span class='ocrx_word' id='word_1_246' title='bbox 1242 2007 1415 2054; x_wconf 75' lang='lat' dir='ltr'>bellum3</span> <span class='ocrx_word' id='word_1_247' title='bbox 1446 2020 1517 2045; x_wconf 89' lang='lat' dir='ltr'>nos</span> 
     </span>
     <span class='ocr_line' id='line_1_28' title="bbox 72 2075 1518 2127; baseline 0.001 -15"><span class='ocrx_word' id='word_1_248' title='bbox 72 2075 249 2113; x_wconf 89' lang='lat' dir='ltr'>omnium</span> <span class='ocrx_word' id='word_1_249' title='bbox 287 2089 419 2113; x_wconf 84' lang='lat' dir='ltr'>rerum</span> <span class='ocrx_word' id='word_1_250' title='bbox 458 2080 682 2127; x_wconf 84' lang='lat' dir='ltr'>respectum</span> <span class='ocrx_word' id='word_1_251' title='bbox 722 2081 988 2127; x_wconf 67' lang='lat' dir='ltr'>praeterquam</span> <span class='ocrx_word' id='word_1_252' title='bbox 1029 2076 1212 2115; x_wconf 77' lang='lat' dir='ltr'>victoriae</span> <span class='ocrx_word' id='word_1_253' title='bbox 1242 2076 1359 2114; x_wconf 89' lang='lat' dir='ltr'>nobis</span> <span class='ocrx_word' id='word_1_254' title='bbox 1390 2075 1518 2114; x_wconf 80' lang='lat' dir='ltr'>absci-</span> 
     </span>
     <span class='ocr_line' id='line_1_29' title="bbox 73 2143 1587 2194; baseline 0.001 -14"><span class='ocrx_word' id='word_1_255' title='bbox 73 2143 225 2181; x_wconf 85' lang='lat' dir='ltr'>damus.</span> <span class='ocrx_word' id='word_1_256' title='bbox 299 2144 422 2183; x_wconf 86' lang='lat' dir='ltr'>Ferte</span> <span class='ocrx_word' id='word_1_257' title='bbox 463 2145 581 2194; x_wconf 84' lang='lat' dir='ltr'>signa</span> <span class='ocrx_word' id='word_1_258' title='bbox 622 2146 662 2182; x_wconf 88' lang='lat' dir='ltr'>in</span> <span class='ocrx_word' id='word_1_259' title='bbox 703 2145 873 2191; x_wconf 76' lang='lat' dir='ltr'>hostem3</span> <span class='ocrx_word' id='word_1_260' title='bbox 919 2145 988 2182; x_wconf 87' lang='lat' dir='ltr'>ubi</span> <span class='ocrx_word' id='word_1_261' title='bbox 1027 2148 1139 2182; x_wconf 79' lang='lat' dir='ltr'>extra</span> <span class='ocrx_word' id='word_1_262' title='bbox 1177 2144 1327 2182; x_wconf 83' lang='lat' dir='ltr'>vallum</span> <span class='ocrx_word' id='word_1_263' title='bbox 1373 2157 1516 2193; x_wconf 82' lang='lat' dir='ltr'>agmen</span> <span class='ocrx_word' id='word_1_264' title='bbox 1537 2143 1587 2181; x_wconf 87' lang='lat'>13</span> 
     </span>
     <span class='ocr_line' id='line_1_30' title="bbox 71 2212 1516 2264; baseline 0.001 -16"><span class='ocrx_word' id='word_1_265' title='bbox 71 2213 295 2260; x_wconf 79' lang='lat' dir='ltr'>excesserit,</span> <span class='ocrx_word' id='word_1_266' title='bbox 336 2218 477 2259; x_wconf 84' lang='lat' dir='ltr'>castra,</span> <span class='ocrx_word' id='word_1_267' title='bbox 518 2213 664 2263; x_wconf 85' lang='lat' dir='ltr'>quibus</span> <span class='ocrx_word' id='word_1_268' title='bbox 704 2213 944 2264; x_wconf 81' lang='lat' dir='ltr'>imperatum</span> <span class='ocrx_word' id='word_1_269' title='bbox 985 2216 1055 2259; x_wconf 81' lang='lat' dir='ltr'>est,</span> <span class='ocrx_word' id='word_1_270' title='bbox 1094 2212 1330 2259; x_wconf 78' lang='lat' dir='ltr'>incendent3</span> <span class='ocrx_word' id='word_1_271' title='bbox 1371 2212 1516 2250; x_wconf 81' lang='lat' dir='ltr'>damna</span> 
     </span>
     <span class='ocr_line' id='line_1_31' title="bbox 70 2280 1514 2332; baseline 0 -15"><span class='ocrx_word' id='word_1_272' title='bbox 70 2283 213 2327; x_wconf 78' lang='lat' dir='ltr'>vestra,</span> <span class='ocrx_word' id='word_1_273' title='bbox 237 2281 398 2327; x_wconf 82' lang='lat' dir='ltr'>milites,</span> <span class='ocrx_word' id='word_1_274' title='bbox 417 2281 592 2319; x_wconf 89' lang='lat' dir='ltr'>omnium</span> <span class='ocrx_word' id='word_1_275' title='bbox 619 2281 736 2328; x_wconf 86' lang='lat' dir='ltr'>circa,</span> <span class='ocrx_word' id='word_1_276' title='bbox 763 2281 832 2331; x_wconf 90' lang='lat' dir='ltr'>qui</span> <span class='ocrx_word' id='word_1_277' title='bbox 856 2281 1098 2328; x_wconf 87' lang='lat' dir='ltr'>defecerunt,</span> <span class='ocrx_word' id='word_1_278' title='bbox 1121 2281 1362 2332; x_wconf 87' lang='lat' dir='ltr'>populorum</span> <span class='ocrx_word' id='word_1_279' title='bbox 1378 2280 1514 2331; x_wconf 81' lang='lat' dir='ltr'>praeda</span> 
     </span>
     <span class='ocr_line' id='line_1_32' title="bbox 69 2348 1583 2400; baseline -0.001 -14"><span class='ocrx_word' id='word_1_280' title='bbox 69 2349 330 2386; x_wconf 63' lang='lat' dir='ltr'>sarcientur.²‘</span> <span class='ocrx_word' id='word_1_281' title='bbox 394 2350 447 2388; x_wconf 90' lang='lat' dir='ltr'>Et</span> <span class='ocrx_word' id='word_1_282' title='bbox 478 2350 658 2387; x_wconf 86' lang='lat' dir='ltr'>oratione</span> <span class='ocrx_word' id='word_1_283' title='bbox 689 2349 914 2396; x_wconf 83' lang='lat' dir='ltr'>dictatoris,</span> <span class='ocrx_word' id='word_1_284' title='bbox 946 2363 1033 2400; x_wconf 89' lang='lat' dir='ltr'>quae</span> <span class='ocrx_word' id='word_1_285' title='bbox 1069 2350 1319 2388; x_wconf 81' lang='lat' dir='ltr'>necessitatis</span> <span class='ocrx_word' id='word_1_286' title='bbox 1359 2349 1511 2386; x_wconf 85' lang='lat' dir='ltr'>ultimae</span> <span class='ocrx_word' id='word_1_287' title='bbox 1534 2348 1583 2385; x_wconf 86' lang='lat'>14</span> 
     </span>
     <span class='ocr_line' id='line_1_33' title="bbox 70 2417 1513 2467; baseline 0 -13"><span class='ocrx_word' id='word_1_288' title='bbox 70 2417 190 2455; x_wconf 83' lang='lat' dir='ltr'>index</span> <span class='ocrx_word' id='word_1_289' title='bbox 221 2421 317 2463; x_wconf 84' lang='lat' dir='ltr'>erat,</span> <span class='ocrx_word' id='word_1_290' title='bbox 348 2417 499 2456; x_wconf 88' lang='lat' dir='ltr'>milites</span> <span class='ocrx_word' id='word_1_291' title='bbox 530 2419 685 2456; x_wconf 83' lang='lat' dir='ltr'>accensi</span> <span class='ocrx_word' id='word_1_292' title='bbox 710 2419 863 2456; x_wconf 84' lang='lat' dir='ltr'>vadunt</span> <span class='ocrx_word' id='word_1_293' title='bbox 886 2418 927 2455; x_wconf 82' lang='lat' dir='ltr'>in</span> <span class='ocrx_word' id='word_1_294' title='bbox 952 2418 1118 2466; x_wconf 81' lang='lat' dir='ltr'>hostem,</span> <span class='ocrx_word' id='word_1_295' title='bbox 1143 2421 1181 2456; x_wconf 90' lang='lat' dir='ltr'>et</span> <span class='ocrx_word' id='word_1_296' title='bbox 1206 2422 1408 2467; x_wconf 76' lang='lat' dir='ltr'>respectus</span> <span class='ocrx_word' id='word_1_297' title='bbox 1428 2417 1513 2466; x_wconf 85' lang='lat' dir='ltr'>ipse</span> 
     </span>
     <span class='ocr_line' id='line_1_34' title="bbox 69 2485 1511 2536; baseline -0.002 -12"><span class='ocrx_word' id='word_1_298' title='bbox 69 2485 296 2524; x_wconf 81' lang='lat' dir='ltr'>ardentium</span> <span class='ocrx_word' id='word_1_299' title='bbox 337 2490 569 2533; x_wconf 85' lang='lat' dir='ltr'>castrorum,</span> <span class='ocrx_word' id='word_1_300' title='bbox 607 2500 836 2536; x_wconf 80' lang='lat' dir='ltr'>quanquam</span> <span class='ocrx_word' id='word_1_301' title='bbox 873 2487 1068 2536; x_wconf 76' lang='lat' dir='ltr'>proximis</span> <span class='ocrx_word' id='word_1_302' title='bbox 1107 2490 1263 2524; x_wconf 86' lang='lat' dir='ltr'>tantum</span> <span class='ocrx_word' id='word_1_303' title='bbox 1302 2486 1376 2534; x_wconf 80' lang='lat' dir='ltr'>(ita</span> <span class='ocrx_word' id='word_1_304' title='bbox 1406 2485 1511 2522; x_wconf 87' lang='lat' dir='ltr'>enim</span> 
     </span>
     <span class='ocr_line' id='line_1_35' title="bbox 69 2552 1512 2606; baseline -0.001 -15"><span class='ocrx_word' id='word_1_305' title='bbox 69 2553 239 2592; x_wconf 85' lang='lat' dir='ltr'>iusserat</span> <span class='ocrx_word' id='word_1_306' title='bbox 279 2555 468 2606; x_wconf 84' lang='lat' dir='ltr'>dictator)</span> <span class='ocrx_word' id='word_1_307' title='bbox 509 2555 614 2604; x_wconf 79' lang='lat' dir='ltr'>ignis</span> <span class='ocrx_word' id='word_1_308' title='bbox 655 2558 714 2593; x_wconf 87' lang='lat' dir='ltr'>est</span> <span class='ocrx_word' id='word_1_309' title='bbox 743 2554 941 2601; x_wconf 85' lang='lat' dir='ltr'>subditus,</span> <span class='ocrx_word' id='word_1_310' title='bbox 980 2553 1086 2591; x_wconf 81' lang='lat' dir='ltr'>haud</span> <span class='ocrx_word' id='word_1_311' title='bbox 1116 2567 1283 2604; x_wconf 83' lang='lat' dir='ltr'>parvum</span> <span class='ocrx_word' id='word_1_312' title='bbox 1313 2553 1389 2590; x_wconf 80' lang='lat' dir='ltr'>fuit</span> <span class='ocrx_word' id='word_1_313' title='bbox 1420 2552 1512 2590; x_wconf 87' lang='lat' dir='ltr'>irri-</span> 
     </span>
     <span class='ocr_line' id='line_1_36' title="bbox 67 2621 1580 2674; baseline -0.002 -14"><span class='ocrx_word' id='word_1_314' title='bbox 67 2626 297 2661; x_wconf 83' lang='lat' dir='ltr'>tamentum.</span> <span class='ocrx_word' id='word_1_315' title='bbox 372 2624 516 2674; x_wconf 89' lang='lat' dir='ltr'>Itaque</span> <span class='ocrx_word' id='word_1_316' title='bbox 554 2623 665 2661; x_wconf 76' lang='lat' dir='ltr'>velut</span> <span class='ocrx_word' id='word_1_317' title='bbox 694 2623 883 2662; x_wconf 80' lang='lat' dir='ltr'>vecordes</span> <span class='ocrx_word' id='word_1_318' title='bbox 914 2622 1018 2661; x_wconf 81' lang='lat' dir='ltr'>illati</span> <span class='ocrx_word' id='word_1_319' title='bbox 1050 2622 1164 2671; x_wconf 80' lang='lat' dir='ltr'>sigua</span> <span class='ocrx_word' id='word_1_320' title='bbox 1194 2622 1324 2672; x_wconf 82' lang='lat' dir='ltr'>primo</span> <span class='ocrx_word' id='word_1_321' title='bbox 1356 2621 1509 2671; x_wconf 87' lang='lat' dir='ltr'>impetu</span> <span class='ocrx_word' id='word_1_322' title='bbox 1530 2621 1580 2658; x_wconf 86' lang='lat'>15</span> 
     </span>
    </p>
   </div>
  </div>
 </body>
</html>
