1821 2928
734 150 848 185 Liber
872 151 902 184 1.
1491 152 1542 190 55

100 279 247 317 lectum
279 278 329 317 ad
362 290 496 316 omnes
528 280 693 315 conatus
723 277 902 325 videbat,
943 282 1027 315 tum
1061 290 1108 316 ex
1140 278 1222 315 suis
1254 291 1376 315 unum
1408 278 1541 315 scisci-

101 355 227 388 tatum
259 350 428 388 Romam
475 349 525 388 ad
570 353 723 399 patrem
764 348 903 398 mittit,
953 349 1142 398 quidnam
1175 363 1215 387 se
1246 350 1375 387 facere
1407 349 1542 396 vellet,

105 422 265 472 quando
297 421 473 472 quidem,
505 424 550 459 nt
581 421 714 459 omnia
736 433 838 458 unus
857 419 1000 458 Gabiis
1019 424 1164 470 posset,
1197 421 1291 458 eidi
1324 421 1542 459 dedissent.

101 493 208 532 Huic
241 493 397 543 nuntio,
437 493 547 543 quia,
588 492 720 541 credo,
762 492 894 530 dubiae
926 492 1021 530 fidei
1053 492 1276 539 videbatur,
1315 492 1418 530 nihil
1449 506 1543 531 voce
1563 493 1585 529 6

100 579 335 616 responsum
378 568 456 611 est;
497 577 568 602 rex
608 564 719 602 velut
760 563 1104 602 deliberabundus
1136 564 1175 601 in
1208 565 1366 603 hortum
1399 565 1543 602 aedium

99 638 247 676 transit
288 639 477 686 sequente
518 635 657 673 nuntio
689 635 785 682 filii3
827 635 884 673 ibi
926 636 1178 674 inambulans
1208 637 1355 675 tacitus
1386 649 1537 674 summa

100 721 345 760 papaverum
392 708 524 758 capita
571 707 721 745 dicitur
766 707 908 745 baculo
949 707 1184 747 decussisse.
1244 708 1577 757 Interrogando’l

103 779 451 831 exspectandoque
491 792 726 829 responsum
765 780 930 817 nuntius
972 780 1111 827 fessus,
1150 783 1195 817 ut
1226 793 1268 817 re
1302 781 1545 830 imperfecta,

99 853 205 891 redit
225 851 396 898 Gabios3
429 864 518 901 quae
545 851 695 888 dixerit
719 851 806 901 ipse
834 864 1002 902 quaeque
1033 852 1195 899 viderit,
1226 853 1367 890 refert:
1399 865 1467 890 seu
1487 852 1545 889 ira

100 938 170 963 seu
187 925 279 963 odio
315 937 384 962 seu
401 923 591 974 superbia
608 923 729 961 insita
746 924 906 972 ingenio
924 916 1076 962 nullam
1102 918 1196 962 eum'
1207 937 1343 962 vocem
1361 924 1548 962 emisisse.

102 996 226 1035 Sexto
257 996 342 1045 ubi,
376 995 474 1045 quid
506 995 628 1033 vellet
653 1009 798 1045 parens
825 995 974 1046 quidve
1006 997 1244 1046 praeciperet
1273 996 1411 1034 tacitis
1438 995 1545 1034 amb·
1563 994 1588 1031 8

99 1069 252 1118 agibus,
281 1068 423 1119 patuit.
456 1068 653 1117 primores
672 1067 863 1118 Jcivitatis
892 1068 1141 1106 criminando
1169 1069 1271 1107 alios
1294 1068 1399 1118 apud
1415 1081 1542 1118 popu-

100 1141 194 1186 lum,
227 1140 326 1178 alios
343 1153 414 1178 sua
432 1140 540 1189 ipsos
559 1139 711 1178 invidia
731 1142 978 1190 opportunos
995 1141 1214 1179 interemit.
1261 1140 1385 1177 Multi
1403 1141 1545 1190 palam,

104 1213 283 1263 quidam,
315 1213 356 1250 in
388 1212 534 1261 quibus
566 1211 697 1249 minus
725 1211 907 1261 speciosa
926 1212 1150 1250 criminatio
1168 1216 1255 1250 erat
1271 1214 1418 1259 futura,
1449 1213 1546 1249 clam

106 1285 321 1324 interfecti.
368 1284 511 1321 Patuit
542 1283 783 1333 quibusdam
813 1284 1041 1322 volentibus
1072 1286 1176 1333 fuga,
1208 1288 1277 1322 aut
1307 1285 1348 1322 in
1368 1284 1547 1322 exsilium
1567 1286 1589 1321 9

104 1356 185 1395 acti
202 1359 307 1403 sunt,
339 1356 645 1405 absentiumque
661 1356 767 1393 bona
783 1356 896 1393 iuxta
914 1359 1032 1404 atque
1050 1356 1380 1406 interemptorum
1399 1357 1547 1394 divisui

105 1429 227 1466 fuere.
272 1428 532 1478 Largitiones
564 1427 656 1465 inde
688 1427 933 1477 praedaeque;
967 1432 1006 1465 et
1037 1427 1247 1466 dulcedine
1277 1429 1426 1478 privati
1443 1442 1548 1467 com·
1569 1428 1620 1466 10

104 1500 213 1537 modi
246 1513 383 1538 sensus
415 1499 609 1536 malorum
641 1499 895 1549 publicorum
927 1499 1063 1547 adimi,
1096 1500 1220 1538 donec
1252 1500 1350 1538 orba
1381 1500 1547 1538 consilio

106 1571 337 1620 auxilioque
363 1570 524 1609 Gabina
554 1584 618 1609 res
649 1571 738 1620 regi
769 1571 951 1610 Romano
984 1572 1069 1609 sine
1102 1572 1184 1609 ulla
1216 1571 1473 1610 dimicatione
1506 1572 1548 1609 in

104 1656 264 1681 manum
295 1642 484 1682 traditur.

219 1713 360 1752 Gabiis
391 1715 574 1764 receptis,
607 1714 852 1764 Tarquinius
884 1728 1020 1764 pacem
1053 1728 1142 1753 cum
1173 1715 1398 1765 AEquorum
1429 1719 1547 1766 gente
1630 1709 1685 1758 55

104 1787 212 1832 feeit,
251 1786 381 1824 foedus
413 1799 500 1824 cum
533 1786 676 1824 Tuscis
707 1787 926 1825 renovavit.
984 1788 1087 1826 Inde
1119 1788 1170 1825 ad
1200 1787 1363 1836 negotia
1393 1789 1547 1826 urbana

108 1859 283 1896 animum
322 1859 536 1905 convertit3
580 1871 748 1908 quorum
788 1863 875 1896 erat
911 1859 1096 1909 primum,
1136 1863 1181 1897 ut
1210 1859 1322 1897 Iovis
1352 1861 1545 1910 templum

105 1930 147 1967 in
194 1934 327 1968 monte
358 1929 532 1980 Tarpeio
579 1934 876 1968 monumentum
908 1932 1024 1980 regni
1054 1932 1115 1969 sui
1145 1932 1396 1981 nominisque
1426 1932 1546 1969 relin-

105 2005 265 2051 queret:
297 2001 541 2051 Tarquinios
572 2015 686 2052 reges
718 2003 854 2041 ambos
887 2006 1045 2053 patrem
1076 2004 1243 2050 vovisse,
1274 2003 1401 2041 filium
1417 2005 1547 2054 perfe-

105 2075 215 2112 cisse.
265 2073 319 2111 Et
348 2078 394 2111 ut
425 2074 554 2112 libera
585 2087 608 2112 a
639 2075 784 2112 ceteris
816 2075 1081 2124 religionibus
1106 2088 1200 2113 area
1216 2080 1321 2114 esset
1334 2080 1421 2114 tota
1436 2076 1588 2114 Iovis2

103 2146 326 2196 templique
344 2146 440 2192 eius,
473 2147 581 2196 quod
600 2146 922 2197 inaedificaretur,
943 2161 1194 2197 exaugurare
1210 2148 1302 2186 fana
1319 2149 1547 2198 sacellaque

104 2219 259 2266 statuit,
292 2231 380 2267 quae
413 2218 569 2267 aliquot
600 2219 670 2266 ibi,
703 2218 863 2257 aTatio
895 2232 990 2269 rege
1021 2220 1196 2270 primum
1227 2221 1268 2258 in
1294 2221 1382 2270 ipso
1405 2220 1545 2257 discri-

106 2290 210 2327 mine
236 2289 428 2327 adversus
444 2289 662 2328 Romulum
679 2304 823 2341 pugnae
839 2295 944 2341 vota,
978 2295 1210 2330 consecrata
1226 2292 1546 2341 inaugurataque

104 2365 245 2412 postea
275 2362 445 2399 fuerant.
486 2362 599 2400 Inter
630 2363 831 2413 principia
863 2363 1060 2402 condendi
1091 2364 1210 2402 huius
1227 2365 1359 2414 operis
1375 2364 1544 2401 movisse
1563 2364 1587 2401 3

69 2460 74 2465 -
104 2447 251 2471 numen
282 2433 332 2471 ad
363 2433 618 2471 indicandam
648 2435 753 2472 tanti
779 2435 938 2485 imperii
955 2435 1098 2474 molem
1114 2435 1292 2473 traditur
1309 2437 1422 2481 deos;
1454 2447 1544 2473 nam

105 2518 225 2555 quum
275 2506 450 2543 omnium
489 2505 727 2544 sacellorum
771 2507 1107 2556 exaugurationes
1145 2507 1403 2546 admitterent
1441 2519 1543 2553 aves,

106 2577 147 2614 in
172 2576 353 2614 Termini
385 2578 478 2615 fano
509 2591 588 2616 non
620 2577 833 2624 addixere;
864 2579 988 2628 idque
1019 2592 1134 2617 omen
1166 2579 1456 2628 auguriumque
1489 2579 1587 2616 ita4

104 2653 312 2699 acceptum
343 2653 414 2696 est,
443 2662 523 2687 non
554 2653 701 2687 motam
717 2648 896 2688 Termini
929 2650 1060 2689 sedem
1091 2663 1294 2699 unumque
1325 2663 1414 2688 eum
1447 2650 1541 2688 deo-

104 2732 190 2757 rum
215 2733 293 2758 non
321 2724 526 2759 evocatum
553 2721 719 2760 sacratis
745 2722 825 2760 sibi
845 2721 994 2759 finibus
1011 2721 1126 2758 firma
1142 2721 1382 2771 stabiliaque
1400 2726 1544 2759 cuncta
