1821 2928
983 205 1038 240 IV

300 323 468 357 vavimus
494 322 533 355 in
559 332 657 356 anno
691 325 727 354 et
759 320 958 355 consulum
989 319 1071 364 pari
1101 319 1264 361 incuria,
1295 323 1337 353 ut
1369 319 1538 360 videtur,
1571 331 1591 354 a
1614 319 1722 354 Livio

302 379 439 414 omisso
464 378 548 412 libr.
575 377 677 420 VIII,
704 380 744 412 17
771 377 820 420 (a.
846 389 881 411 u.
907 378 983 419 421,
1010 389 1040 411 a.
1068 376 1151 411 Chr.
1177 378 1270 419 333).

393 434 582 480 [Alterum
611 434 685 469 hoc
717 438 784 468 est.
843 434 899 468 Eo
925 435 1007 478 ipso
1033 438 1222 478 tempore,
1261 444 1335 476 quo
1366 432 1407 467 hi
1438 434 1606 478 quinque
1637 435 1724 470 libri

302 504 323 526 a
359 498 466 527 sexto
503 492 550 526 ad
588 492 776 526 decimum
814 491 952 525 iterum
984 491 1083 535 typis
1123 490 1286 525 describi
1321 490 1435 535 coepti
1467 494 1572 534 sunt,
1611 491 1723 526 etiam

303 548 605 583 Emendationes
639 553 779 584 nostrae
805 548 991 590 Livianae.
1023 558 1181 591 quarum
1213 558 1310 581 nova
1342 547 1458 581 editio
1492 547 1724 592 aliquamdiu

302 604 485 650 flagitata.
524 607 589 641 sed
627 619 647 641 a
682 617 742 640 me
776 604 890 639 dilata
922 609 1021 646 erat,
1058 604 1296 648 typographo
1322 604 1549 638 recudendae
1572 604 1724 640 traditae

303 668 409 698 sunt:
436 663 568 707 itaque
595 664 763 698 omnium
788 673 931 703 eorum,
957 671 1041 705 quae
1066 661 1106 694 in
1130 660 1189 694 his
1215 661 1382 705 quinque
1407 660 1513 694 libris
1535 664 1627 705 post
1650 663 1725 706 pri-

303 731 406 754 orem
439 720 761 754 Emendationum
795 719 1003 753 editionem
1035 729 1055 752 a
1085 729 1145 751 me
1180 719 1399 752 coniectura
1426 722 1580 762 reperta
1603 721 1726 753 tenta-

301 781 388 811 tave
415 783 533 813 erant.
561 777 735 821 quaedam
766 777 866 810 inter
897 776 995 810 hanc
1020 775 1140 819 ipsam
1173 775 1381 808 editionem
1413 775 1637 819 parandam,
1668 787 1725 810 ra-

304 834 427 867 tiones
455 845 500 867 ex
525 834 595 868 hac
622 834 844 878 praesatione
871 833 1038 867 sublatas
1062 832 1102 865 in
1125 831 1220 865 illud
1244 831 1420 865 volumen
1444 833 1640 876 transtuli,
1664 831 1726 866 hie

303 894 450 925 tantum
481 892 641 935 paginis,
666 891 731 925 ubi
757 890 1026 935 reperirentur,
1049 888 1238 931 indicatis,
1261 889 1301 922 in
1328 899 1401 932 quo
1427 889 1566 933 prioris
1591 888 1726 924 editio-

303 948 360 982 nis
385 960 563 982 numeros
594 949 633 981 in
659 948 813 982 alterius
840 947 1007 992 margine
1033 949 1187 979 notatos
1213 946 1319 989 sequi
1345 956 1498 980 necesse
1524 945 1608 990 fuit,
1634 957 1725 990 quo-

302 1005 402 1039 niam
431 1005 548 1040 altera
572 1005 743 1039 nondum
771 1005 817 1038 ad
840 1004 911 1038 hos
936 1003 1055 1037 libros
1080 1007 1330 1045 processerat.
1377 1002 1483 1037 Idem
1502 1001 1646 1037 factum
1670 1007 1727 1038 est

301 1062 341 1095 in
361 1061 526 1106 Ussingii
553 1062 788 1105 aliorumque
814 1060 1096 1104 suspicionibus
1123 1065 1234 1094 antea
1255 1060 1296 1093 in
1319 1060 1390 1094 hac
1415 1059 1640 1104 praefatione
1667 1071 1728 1094 ex-

301 1118 464 1163 plicatis.
512 1119 639 1162 Atque
667 1119 779 1152 etiam
807 1118 879 1152 alio
906 1128 1042 1162 genere
1073 1117 1187 1160 paulo
1214 1117 1380 1151 breviori
1405 1116 1497 1150 mihi
1521 1128 1622 1151 nunc
1647 1127 1727 1152 esse

304 1175 404 1209 licet.
453 1175 547 1210 Nam
573 1187 691 1219 quum
716 1174 1049 1208 Weissenborm'us
1074 1174 1284 1217 permultas
1310 1174 1518 1218 scripturas
1544 1185 1565 1208 a
1583 1185 1643 1208 me
1665 1180 1729 1209 aut

305 1243 349 1266 ex
373 1232 652 1266 recentioribus
680 1231 875 1266 codicibus
903 1236 966 1265 aut
994 1242 1038 1264 ex
1063 1230 1259 1264 hominum
1282 1229 1485 1264 doctorum
1499 1230 1728 1265 coniecturis

301 1289 341 1322 in
366 1292 475 1322 textu
500 1289 687 1333 repositas
712 1289 751 1322 in
778 1288 897 1322 alt-era
923 1295 958 1321 et
984 1288 1097 1321 tertia
1123 1287 1179 1320 sui
1206 1287 1367 1331 exempli
1391 1286 1558 1321 editione
1577 1290 1729 1322 secutus

304 1346 362 1380 sit.
389 1357 442 1380 ea.
470 1356 554 1389 quae
582 1346 628 1380 ad
654 1345 857 1379 nonnullas
883 1356 929 1379 ex
953 1344 1011 1378 his
1033 1344 1233 1388 script-uris
1253 1343 1574 1378 commendandas
1595 1348 1634 1378 et
1645 1355 1728 1388 pra-

303 1413 368 1436 vas
393 1403 557 1447 vulgatae
583 1403 782 1447 scripturae
809 1401 1046 1436 defensiones
1071 1400 1291 1435 refutandas
1312 1404 1423 1435 antea
1439 1399 1502 1435 hic
1514 1411 1728 1445 posueram,

305 1460 428 1493 omitti
453 1460 528 1493 iam
553 1465 693 1503 praeter
716 1470 839 1503 pauca
862 1462 1036 1502 possunt.

394 1516 520 1551 Unum
557 1517 671 1550 etiam
709 1515 927 1550 addendum
966 1519 1039 1549 est:
1080 1525 1197 1558 quum
1234 1517 1323 1558 post
1359 1514 1568 1559 descriptas
1614 1513 1728 1549 huius

265 1567 270 1570 ”
306 1572 485 1606 editionis
513 1572 658 1616 aliquot
683 1573 856 1617 plagulas
889 1572 1086 1606 oculorum
1116 1581 1290 1604 meorum
1323 1571 1422 1605 acies
1445 1571 1500 1605 ita
1533 1571 1732 1606 debilitata

305 1635 414 1671 esset,
440 1637 481 1663 ut
497 1629 543 1662 ad
564 1641 656 1663 eam.
683 1630 711 1663 si
730 1628 812 1663 fieri
832 1632 974 1673 posset,
998 1626 1243 1661 reficiendam
1262 1627 1614 1672 restituendamque
1628 1629 1731 1662 omm'

305 1685 397 1720 mihi
422 1686 585 1720 lect-ione
612 1690 648 1720 et
677 1686 883 1730 scriptione
909 1697 978 1729 per
1003 1684 1150 1727 aliquot
1174 1695 1322 1718 menses
1347 1684 1657 1727 interdiceretur,
1689 1684 1730 1720 Ο.

305 1742 544 1787 Siesbyeum‚
588 1754 671 1787 quae
709 1744 789 1777 eius
829 1747 885 1776 est
926 1743 966 1776 in
1002 1752 1060 1775 me
1098 1740 1300 1784 studiaque
1335 1751 1420 1774 mea
1454 1740 1731 1783 benevolentia,

305 1800 490 1834 maiorem
520 1805 667 1844 partem
701 1810 826 1843 operae
862 1800 900 1833 in
937 1798 1106 1833 editione
1141 1796 1373 1842 perficienda
1404 1798 1631 1842 suscepisse,
1669 1799 1730 1833 cui

304 1857 478 1901 pluribus
504 1856 627 1891 verbis
654 1857 793 1901 gratias
820 1867 981 1900 agerem,
1007 1855 1037 1889 si
1061 1854 1100 1888 id
1124 1855 1206 1899 ipse
1230 1853 1313 1888 fieri
1337 1853 1560 1899 pateretur]

397 1913 527 1948 Restat
552 1914 681 1958 igitur,
705 1917 749 1946 ut
774 1916 1013 1956 exponantur

397 2016 610 2060 Exempli
636 2014 1107 2056 Weissenborniani¹)
1142 2014 1389 2058 scripturae
1422 2025 1443 2047 a
1465 2019 1630 2048 nostro

848 2072 1188 2115 discrepantes.

398 2140 468 2175 Lib.
495 2140 547 2173 Vl.
598 2140 726 2185 CapI,
752 2141 773 2174 6
799 2140 964 2184 (legatus
990 2138 1134 2173 notavit
1158 2137 1284 2181 Cobet.)
1310 2137 1536 2173 8Camillus.
1562 2137 1729 2183 [iterum]

306 2198 339 2232 is
366 2196 535 2241 (Baumq.
563 2195 682 2239 Cras.)
710 2199 750 2231 11
774 2196 915 2230 nullius
942 2194 1122 2238 (PEins.‚
1148 2195 1232 2238 alii)
1258 2195 1304 2238 Π,
1330 2197 1350 2229 3
1373 2194 1586 2230 defectione
1611 2195 1671 2239 (V,
1690 2195 1733 2230 in

308 2265 378 2299 quo
393 2253 925 2295 accesseratadedefectionis)
940 2254 961 2287 5
981 2253 1150 2286 eiusdem
1166 2252 1298 2296 (Eine,
1310 2262 1397 2287 rece.
1411 2250 1576 2296 quidm)
1598 2251 1604 2297 Ι
1626 2252 1733 2288 cuius

309 2310 410 2355 (PH,
433 2320 520 2345 rece.
545 2309 655 2353 quid„
679 2309 760 2344 Em.
787 2310 850 2352 28)
873 2311 913 2343 11
936 2309 1063 2353 (Scrib.
1078 2308 1186 2343 eVer.
1203 2310 1471 2354 superantibus
1495 2308 1636 2344 vallum
1665 2309 1732 2344 mi-

307 2368 439 2402 litibus
464 2367 654 2401 munitum
677 2367 717 2400 in
743 2368 804 2401 cet.
813 2377 824 2410 ;
847 2378 877 2401 v.
904 2366 984 2401 Em.
1009 2366 1092 2409 129)
1117 2366 1191 2408 111,
1215 2368 1236 2399 7
1261 2366 1356 2409 (Em.
1381 2366 1467 2409 129)
1493 2365 1556 2409 IV,
1587 2367 1609 2400 5
1632 2364 1732 2405 Veis,

311 2435 376 2459 om.
406 2436 427 2458 a
451 2433 573 2458 errore
598 2424 668 2457 7et
690 2422 857 2457 SRufus.
886 2423 1094 2457 exercitum
1109 2423 1274 2468 (interp.)
1299 2422 1343 2464 V,
1369 2424 1389 2457 3
1413 2422 1631 2457 habuerunt
1643 2421 1738 2466 (My.

310 2480 484 2524 Em.130)
499 2482 519 2515 5
529 2481 747 2524 (moverunt
784 2479 859 2524 My.
871 2479 1048 2524 Em.129;
1058 2479 1137 2514 Mm
1149 2480 1168 2513 1
1180 2483 1371 2522 moveunt,
1380 2478 1601 2522 Pmoverat3
1614 2478 1732 2514 Drak.

311 2537 522 2581 moverant)
547 2538 569 2571 8
594 2536 685 2571 aedis
713 2536 774 2578 VI,
800 2538 820 2570 5
844 2537 1080 2571 voluntarios
1105 2535 1182 2570 sine
1207 2535 1313 2570 uncis
1331 2535 1419 2580 (My.
1434 2535 1515 2570 Em.
1540 2534 1624 2579 130)
1649 2537 1670 2570 7
1692 2535 1733 2570 in

347 2663 365 2682 ¹1
387 2664 475 2694 Apud
494 2663 710 2689 Weidmannos
729 2669 754 2687 a.
774 2663 847 2687 1869.

1763 2194 1812 2928 amtksssssleu‚
1792 2180 1811 2185 ;
1804 2163 1810 2172 .
1804 2142 1806 2146 -
1798 2114 1812 2126 2
