1821 2928
541 193 632 219 Liber
651 193 737 219 vm.
776 194 823 222 (A.
845 194 897 220 eh.
918 195 1075 224 328-327.)
1403 186 1479 222 121

93 310 178 348 ullo
207 309 370 359 publico
403 308 571 346 consilio
603 309 806 347 auxiliove
838 309 968 347 iuvari
1000 308 1172 357 Graecos,
1204 323 1275 348 nec
1299 310 1540 349 Fundanum

95 378 404 416 Formianumve
436 391 458 414 a
489 390 529 414 se
567 377 826 424 sollicitatos;
873 378 1022 428 quippe
1070 378 1230 416 minime
1271 379 1463 428 paenitere
1501 393 1541 417 se

93 446 240 485 virium
270 458 442 492 suarum,
473 445 506 482 si
536 445 687 482 bellum
719 446 888 495 placeat.
949 446 1134 484 Ceterum
1166 460 1245 484 non
1276 461 1391 497 posse
1423 447 1537 485 dissi·
1556 447 1580 484 6

94 515 260 562 mulare,
291 527 396 562 aegre
425 513 510 563 pati
552 513 756 551 civitatem
789 512 1049 561 Samnitium,
1097 515 1205 564 quod
1246 515 1454 565 Fregellas
1495 529 1542 553 ex

95 583 255 622 Volscis
288 586 424 632 captas
455 582 690 631 dirutasque
723 582 773 619 ab
807 596 847 620 se
877 583 1102 620 restituerit
1124 583 1329 621 Romanus
1360 583 1543 633 populus,

95 651 371 699 coloniamque
404 650 445 686 in
477 648 719 687 Samnitium
751 664 846 699 agro
880 651 1156 701 imposuerint,
1189 666 1306 701 quam
1333 652 1463 690 coloni
1480 665 1542 689 eo-

94 732 183 756 rum
213 718 421 767 Fregellas
452 718 676 768 appellent3
723 732 808 756 eam
855 732 895 756 se
941 719 1222 757 contumeliam
1262 720 1542 769 iniuriamque,
1562 720 1585 755 7

95 788 137 825 ni
168 787 246 824 sibi
277 787 327 824 ab
360 786 420 833 iis,
452 787 520 836 qui
548 787 727 834 fecerint,
759 786 953 833 dematur,
984 788 1091 837 ipsos
1118 789 1225 826 omni
1240 788 1281 826 vi
1305 787 1544 837 depulsuros

96 868 191 893 esse.
252 854 383 902 Quum
414 855 619 892 Romanus
650 855 806 904 legatus
838 856 890 893 ad
922 855 1226 906 disceptandum
1259 869 1324 893 eos
1356 856 1407 893 ad
1439 868 1540 892 com·
1559 855 1585 892 8

95 937 234 961 munes
265 923 393 961 socios
419 926 539 973 atque
564 923 711 961 amicos
733 927 908 970 vocaret,
942 924 1076 972 „Quid
1107 925 1298 974 perplexe
1330 922 1540 973 agimus?·‘

97 991 240 1041 inquit.
317 991 490 1037 „Nostra
530 992 764 1038 certamina,
809 992 1001 1039 Romani,
1046 1006 1127 1030 non
1156 993 1281 1030 verba
1318 993 1543 1041 legatorum

96 1072 168 1097 nec
199 1059 406 1096 hominum
437 1059 649 1109 quisquam
691 1060 958 1110 disceptator,
1004 1060 1072 1097 sed
1113 1074 1274 1115 campus
1306 1060 1545 1110 Campanus,

96 1128 138 1165 in
169 1141 248 1178 quo
280 1129 596 1166 concurrendum
628 1132 698 1176 est,
745 1133 784 1166 et
828 1142 939 1166 arma
978 1132 1017 1165 et
1055 1129 1274 1166 communis
1304 1129 1415 1166 Mars
1446 1129 1544 1167 belli

97 1197 295 1234 decernet.
354 1196 534 1234 Proinde
565 1197 673 1235 inter
698 1197 876 1247 Capuam
900 1196 1210 1246 Suessulamque
1242 1200 1371 1234 castra
1403 1197 1543 1235 castris
1562 1198 1586 1234 9

97 1265 347 1303 conferamus
379 1267 428 1311 et,
460 1262 618 1302 Samnis
648 1265 906 1304 Romanusne
938 1266 1108 1315 imperio
1125 1266 1291 1303 Italiam
1322 1270 1447 1315 regat,
1479 1266 1544 1303 de-

51 1359 54 1361 >
97 1336 340 1371 cernamus.“
417 1333 562 1381 Legati
594 1333 866 1372 Romanorum
913 1348 1034 1383 quum
1073 1347 1113 1371 se
1151 1348 1249 1381 non,
1295 1348 1373 1384 quo
1413 1335 1538 1372 hostis
1559 1334 1611 1371 10

96 1406 288 1448 vocasset,
319 1401 388 1439 sed
421 1414 498 1450 quo
532 1401 795 1451 imperatores
826 1403 887 1439 sui
921 1403 1144 1449 duxissent,
1191 1403 1333 1452 [ituros
1373 1416 1456 1440 esse
1486 1417 1545 1441 re-

96 1469 366 1520 spondissent]
377 1467 466 1488 ***'”³⁴
482 1471 512 1519 1)

210 1536 390 1575 ****iam
422 1537 625 1575 Publilius
659 1538 763 1576 inter
780 1538 1020 1588 Palaepolim
1035 1538 1328 1588 Neapolimque
1360 1539 1448 1577 loco
1472 1553 1543 1590 op-

96 1610 267 1657 portune
283 1609 400 1655 capto
417 1606 634 1644 diremerat
655 1607 838 1645 hostibus
862 1607 1093 1645 societatem
1119 1607 1260 1644 auxilii
1283 1608 1423 1654 mutui,
1455 1622 1545 1658 qua,

96 1678 140 1711 ut
171 1674 341 1724 quisque
374 1674 483 1712 locus
522 1679 786 1724 premeretur,
833 1675 941 1712 inter
978 1689 1018 1713 se
1055 1676 1117 1713 usi
1154 1676 1323 1713 fuerant.
1399 1676 1543 1726 ltaque
1564 1678 1610 1714 11

98 1756 219 1792 quum
251 1747 289 1780 et
320 1743 572 1781 comitiorum
604 1743 689 1781 dies
720 1743 906 1791 instaret,
944 1748 983 1781 et
1014 1744 1239 1781 Publilium
1272 1745 1544 1783 imminentem

96 1811 271 1849 hostium
302 1811 427 1848 muris
459 1813 619 1850 avocari
651 1813 701 1850 ab
733 1825 803 1862 spe
835 1812 1040 1862 capiendae
1073 1813 1114 1850 in
1146 1812 1232 1850 dies
1255 1813 1367 1850 urbis
1391 1813 1499 1851 haud
1524 1827 1544 1850 e

96 1892 139 1916 re
168 1879 331 1929 publica
364 1884 478 1928 esset,
509 1884 641 1918 actum
673 1894 760 1918 cum
786 1881 962 1918 tribunis
986 1884 1055 1927 est,
1088 1882 1138 1918 ad
1164 1882 1356 1931 populum
1379 1882 1541 1929 ferrent,
1563 1881 1611 1919 12

96 1951 151 1993 ut,
183 1960 305 1997 quum
336 1947 542 1985 Publilius
574 1949 697 1987 Philo
729 1949 940 1987 consulatu
971 1949 1131 1994 abisset,
1163 1963 1236 1999 pro
1269 1949 1430 1987 consule
1460 1963 1543 1987 rem

97 2019 263 2065 gereret,
305 2015 438 2064 quoad
471 2015 715 2054 debellatum
748 2030 836 2054 cum
875 2016 1029 2054 Graecis
1076 2021 1187 2054 esset.
1263 2017 1308 2055 L.
1340 2017 1541 2065 Cornelio,
1564 2019 1612 2056 13

97 2084 192 2134 quia
221 2097 271 2121 ne
303 2097 391 2121 eum
423 2083 584 2133 quidem
618 2084 658 2121 in
676 2083 881 2122 Samnium
915 2085 994 2122 iam
1026 2086 1248 2135 ingressum
1279 2086 1461 2123 revocari
1494 2087 1543 2125 ab

99 2153 250 2202 impetu
273 2153 369 2190 belli
396 2152 593 2202 placebat,
626 2152 772 2189 litterae
795 2153 935 2199 missae,
967 2157 1011 2190 ut
1038 2153 1275 2192 dictatorem
1293 2154 1544 2192 comitiorum

98 2233 216 2258 causa
248 2220 411 2258 diceret.
470 2220 594 2257 Dixit
624 2219 678 2257 M.
711 2220 926 2258 Claudium
957 2221 1213 2266 Marcellum;
1259 2223 1309 2260 ab
1341 2236 1386 2260 eo
1418 2223 1540 2272 magi·
1563 2223 1613 2260 14

98 2291 178 2326 ster
210 2288 389 2338 equitum
422 2288 554 2325 dictus
586 2287 653 2338 Sp.
686 2289 927 2327 Postumius.
988 2289 1069 2328 Nec
1101 2293 1233 2328 tamen
1265 2291 1313 2327 ab
1346 2290 1544 2327 dictatore

99 2357 262 2395 comitia
293 2361 385 2394 sunt
411 2357 561 2404 habita,
593 2357 699 2406 quia,
730 2357 885 2395 vitione
912 2362 1067 2396 creatus
1093 2362 1204 2405 esset,
1236 2358 1277 2396 in
1295 2358 1542 2408 disquisitio-

98 2437 187 2462 nem
216 2425 337 2462 venit.
399 2425 584 2462 Consulti
616 2438 788 2474 augures
818 2425 1009 2464 vitiosum
1039 2427 1170 2465 videri
1199 2427 1437 2464 dictatorem
1454 2440 1543 2476 pro-

99 2493 397 2530 nuntiaverunt.
472 2494 572 2531 Eam
609 2506 692 2531 rem
730 2493 884 2531 tribuni
915 2499 1138 2545 suspectam
1170 2496 1436 2544 infamemque
1469 2495 1541 2531 cri·
1563 2495 1617 2533 15

99 2560 290 2598 minando
321 2561 517 2598 fecerunt:
567 2573 657 2599 nam
696 2575 825 2612 neque
867 2563 983 2600 facile
1021 2563 1144 2601 fuisse
1175 2564 1216 2601 id
1247 2563 1391 2600 vitium
1423 2564 1543 2611 nosci,

135 2658 162 2702 ¹)
189 2657 344 2694 Excidit
368 2659 451 2694 finis
477 2661 706 2694 narrationis
733 2660 777 2695 de
804 2661 836 2695 le
867 2662 937 2696 atis
965 2665 1003 2696 et
1033 2662 1078 2696 de
1104 2663 1203 2697 bello
1230 2661 1461 2696 Samnitibus
1488 2663 1541 2696 in-

194 2704 306 2748 dicto,
333 2709 412 2739 tum
438 2706 585 2740 initium
613 2706 820 2741 obsidionis
847 2720 861 2741 4
884 2708 1025 2751 eapolis
1052 2712 1090 2742 et
1115 2708 1275 2742 sortasse
1303 2708 1385 2742 alia.
