1821 2928
549 164 638 190 Liber
657 164 709 189 VI.
747 164 794 191 (A.
815 164 867 189 Ch.
887 165 1045 193 379—377.)
1415 157 1466 194 33

86 283 327 322 Volscorum
379 280 579 328 ingressas
632 277 729 314 fines
782 278 1050 328 popularique
1102 279 1252 328 passim
1298 280 1524 319 Romanum

84 365 225 401 agrum
256 349 437 387 attulere.
483 348 532 384 In
564 360 643 395 qua
673 346 947 395 trepidatione
978 351 1132 384 tantum
1165 348 1278 394 afuit,
1309 352 1352 385 ut
1384 349 1565 387 civilia—1

86 418 305 457 certamina
343 420 475 453 terror
506 421 692 452 externus
725 414 944 461 cohiberet,
983 419 1026 451 ut
1059 420 1199 453 contra
1230 431 1275 454 eo
1306 418 1526 456 violentior

84 489 262 537 potestas
276 483 502 521 tribunicia
527 482 784 532 impediendo
803 482 955 520 dilectu
979 488 1092 530 esset,
1124 483 1250 521 donec
1267 486 1526 525 condiciones

86 554 285 605 impositae
315 551 513 602 patribus,
543 564 591 587 ne
624 550 724 599 quis,
757 550 890 599 quoad
914 550 1160 589 debellatum
1185 557 1298 600 esset,
1328 554 1527 593 tributum

85 623 201 661 daret
245 625 314 659 aut
358 621 421 657 ius
462 619 510 656 de
547 618 719 668 pecunia
750 619 905 656 credita
936 618 1149 656 diceretur.
1208 620 1268 658 Eo
1300 622 1569 662 laxamento5

84 690 197 741 plebi
227 692 399 739 sumpto,
430 700 541 725 mora
565 686 733 723 dilectui
765 700 845 723 non
877 690 937 723 est
968 687 1085 725 facta.
1130 687 1382 737 Legionibus
1413 693 1529 730 novis

85 758 260 808 scriptis,
289 756 446 806 placuit
477 755 577 792 duos
609 755 807 792 exercitus
839 755 881 791 111
913 768 1053 803 agrum
1071 755 1266 794 Volscum
1297 758 1528 807 legionibus

87 826 232 865 divisis
263 825 368 862 duci.
415 822 482 873 Sp.
513 823 675 869 Fui-im,
706 823 761 859 M.
791 823 990 860 Horatius
1029 823 1260 862 dextrorsus
1294 824 1342 865 in
1372 829 1527 865 mariti-

86 908 191 933 mam
222 907 333 931 oram
363 896 483 942 atque
515 891 700 938 Antium,
731 891 778 938 Q.
811 889 1010 929 Servilius
1042 896 1082 929 et
1112 892 1157 930 L.
1190 892 1397 943 Geganius
1429 897 1529 935 laeva

87 963 138 1001 ad
182 965 337 1000 montes
377 960 565 998 Ecetram
610 963 793 1009 pergunt.
852 959 1007 997 Neutra
1051 964 1165 1009 parte
1211 962 1338 1000 hostis
1385 964 1569 1002 obvius6

86 1032 176 1069 fuit.
235 1029 456 1079 Populatio
490 1029 626 1077 itaque
658 1041 737 1064 11011
769 1027 834 1064 illi
864 1041 977 1076 vagae
1009 1028 1166 1076 similis,
1205 1044 1323 1080 quam
1355 1031 1528 1071 Volscus

87 1098 297 1137 latrocinii
320 1110 441 1144 more,
473 1096 688 1133 discordiae
712 1096 890 1132 hostium
914 1096 1038 1133 fretus
1063 1101 1101 1134 et
1124 1098 1315 1136 virtutem
1339 1106 1529 1149 metuens,

86 1181 158 1219 per
187 1165 502 1216 trepidationem
533 1164 683 1213 raptim
713 1165 873 1211 fecerat,
905 1164 973 1201 sed
998 1165 1047 1202 ab
1080 1165 1186 1203 iusto
1214 1168 1392 1205 exercitu
1423 1170 1529 1207 iusta

88 1237 149 1274 ira
178 1236 298 1281 facta,
329 1233 459 1283 spatio
493 1245 651 1282 quoque
682 1232 877 1282 temporis
909 1233 1082 1280 gravior.
1128 1234 1289 1285 Quippe
1315 1250 1336 1274 a
1355 1237 1527 1285 Volscis,
1549 1237 1569 1272 7

46 1350 50 1353 -
86 1303 337 1349 timentibus,
368 1316 416 1339 ue
448 1302 611 1338 interim
643 1301 842 1337 exercitus
873 1300 924 1337 ab
948 1300 1078 1338 Roma
1109 1303 1247 1350 exiret,
1279 1304 1530 1343 incursiones

89 1372 132 1409 in
173 1374 348 1408 extrema
392 1370 533 1406 finium
577 1370 691 1406 factae
732 1372 863 1413 eraut3
909 1368 1092 1406 Romano
1140 1376 1278 1409 contra
1319 1373 1440 1410 etiam
1488 1375 1530 1412 in

88 1440 245 1477 hostico
277 1438 462 1476 morandi
501 1450 620 1474 causa
651 1441 747 1482 erat,
778 1440 823 1472 ut
853 1437 1007 1473 hostem
1039 1438 1089 1474 ad
1122 1444 1323 1476 certamen
1354 1441 1528 1479 eliceret.

87 1508 233 1557 Itaque
274 1506 460 1544 omnibus
498 1505 649 1555 passim
679 1504 797 1541 tectis
837 1517 1025 1552 agrorum
1065 1506 1246 1556 vicisque
1286 1509 1407 1546 etiam
1439 1509 1568 1560 qui-8

90 1576 259 1614 busdam
305 1575 466 1621 exustis,
511 1587 591 1611 non
637 1573 780 1610 arbore
821 1573 1028 1621 frugifera,
1074 1587 1152 1611 non
1194 1576 1291 1614 satis
1332 1577 1375 1614 in
1420 1592 1529 1628 spem

89 1646 247 1694 frugum
279 1643 446 1690 relictis,
488 1642 608 1689 omni,
649 1653 736 1691 quae
769 1644 881 1678 extra
911 1643 1058 1680 moenia
1088 1643 1176 1690 fuit,
1217 1645 1424 1682 hominum
1461 1660 1527 1697 pe-

90 1712 313 1761 cudumque
344 1711 482 1761 praeda
513 1710 666 1756 abacta,
703 1708 875 1746 Romam
913 1710 1102 1760 utrinque
1134 1713 1331 1750 exercitus
1361 1714 1529 1752 reducti.

202 1779 337 1817 Parvo
369 1779 584 1816 intervallo
618 1778 670 1815 ad
699 1777 980 1827 respirandum
1005 1779 1262 1818 debitoribus
1287 1781 1391 1828 dato,
1422 1787 1529 1832 post-
1605 1778 1664 1825 32

89 1862 208 1899 quam
233 1848 379 1898 quietae
403 1861 466 1884 res
490 1847 540 1884 ab
564 1845 750 1883 hostibus
773 1850 898 1893 erant,
930 1847 1127 1885 celebrari
1153 1844 1210 1885 de'
1229 1850 1387 1898 integro
1412 1850 1529 1887 iuris-

90 1917 228 1964 dictio,
260 1920 299 1953 et
328 1920 485 1953 tantum
517 1915 654 1952 abesse
686 1928 774 1964 spes
805 1915 954 1952 veteris
987 1916 1149 1954 levandi
1181 1918 1344 1964 fenoris,
1382 1922 1427 1955 ut
1457 1919 1528 1955 tri-

90 1985 188 2024 buto
219 1998 367 2022 novum
396 1983 511 2020 fenus
543 1983 845 2020 contraheretur
870 1983 912 2020 in
936 1997 1091 2021 murum
1117 1999 1139 2022 a
1163 1986 1395 2024 censoribus
1427 1987 1530 2025 loca-

89 2059 173 2092 tum
204 2066 298 2092 saxo
331 2053 530 2102 quadrato
562 2051 814 2097 faciundum3
861 2052 923 2088 cui
955 2053 1213 2091 succumbere
1245 2055 1358 2092 oneri
1390 2056 1569 2093 coacta2

90 2123 239 2173 plebes,
271 2122 376 2172 quia,
401 2134 517 2171 quem
542 2120 736 2157 dilectum
760 2119 1015 2169 impedirent,
1042 2134 1121 2158 non
1145 2122 1352 2160 habebant
1372 2123 1531 2160 tribuni

90 2191 233 2242 plebis.
279 2190 483 2227 Tribunos
507 2189 628 2226 etiam
653 2188 851 2225 militares
881 2188 1076 2237 patricios
1100 2203 1236 2228 omnes
1260 2196 1398 2229 coacta
1421 2192 1531 2242 prin·
1550 2194 1573 2229 3

92 2259 225 2310 cipum
256 2259 403 2309 opibus
442 2258 550 2303 fecit,
588 2256 634 2293 L.
666 2256 892 2303 AEmilium,
930 2257 976 2294 P.
1009 2257 1221 2296 Valerium
1261 2264 1459 2309 quartum,
1491 2260 1532 2297 C.
1551 2259 1736 2321 2:¹¹61‘1222332

92 2327 318 2374 Veturium,
360 2326 443 2364 Ser.
485 2324 724 2375 Sulpicium,
765 2324 810 2361 L.
851 2330 889 2362 et
927 2325 968 2363 C.
1000 2326 1216 2373 Quinctios
1257 2327 1531 2365 Cincinnatos

91 2395 243 2434 Iisdem
274 2396 420 2446 opibus
452 2394 676 2440 obtinuere,
706 2398 750 2430 ut
773 2393 964 2431 adversus
980 2394 1151 2433 Latinos
1168 2395 1428 2445 Volscosque,
1460 2395 1530 2444 qui
1550 2397 1575 2432 4

94 2465 320 2502 coniunctis
352 2463 582 2513 legionibus
612 2463 663 2501 ad
681 2461 882 2499 Satricum
900 2467 1030 2500 castra
1060 2463 1277 2510 habebant,
1314 2463 1426 2500 nullo
1460 2463 1531 2500 im-

93 2532 279 2582 pediente
296 2532 481 2570 omnibus
507 2531 737 2568 iunioribus
760 2536 1007 2568 sacramento
1031 2531 1198 2579 adactis,
1228 2536 1309 2568 tres
1333 2531 1532 2568 exercitus

95 2600 327 2648 scriberent,
356 2614 479 2638 unum
497 2600 549 2637 ad
571 2599 806 2650 praesidium
822 2599 948 2646 urbis,
965 2600 1147 2648 alterum,
1165 2600 1246 2650 qui,
1278 2600 1312 2636 si
1330 2599 1400 2649 qui
1426 2599 1529 2638 alibi
1549 2600 1572 2636 5

163 2678 266 2704 Livius
285 2686 323 2704 ex
341 2686 400 2704 rec.
419 2678 573 2710 Madvigii.
610 2678 650 2703 11.
1222 2678 1243 2710 3
