1821 2928
292 127 374 164 310
739 123 855 158 Liber
880 122 927 158 V.
976 123 1037 166 (A.
1064 133 1098 156 u.
1125 134 1155 157 c.
1180 123 1275 167 364.)

254 250 278 286 7
297 249 469 289 sinatis?
530 249 667 297 Quid?
707 249 741 287 si
771 263 851 288 non
882 248 992 287 Galli
1023 249 1110 295 hoc,
1146 248 1214 287 sed
1245 251 1397 286 veteres
1427 247 1560 288 hostes
1590 251 1731 298 vestri,

293 320 634 372 AEquiVolscive‚
666 321 824 367 faciant,
855 324 900 358 ut
926 322 1186 370 commigrent
1201 320 1381 367 Romam,
1412 321 1610 370 velitisne,
1633 322 1727 360 illos

291 394 506 439 Romanos,
550 406 620 431 vos
651 393 842 431 Veientes
888 392 1002 430 esse?
1047 405 1097 429 an
1142 392 1288 429 malitis
1327 392 1429 430 hanc
1468 392 1726 431 solitudinem

291 469 464 503 vestram
496 478 614 514 quam
637 465 776 502 urbem
802 464 974 502 hostium
1002 463 1114 501 esse?
1158 463 1248 502 Non
1266 463 1451 513 equidem
1465 463 1597 512 video,
1626 465 1726 515 quid

293 537 421 585 magis
452 537 563 574 nefas
595 537 657 574 sit.
712 535 811 574 Haec
842 536 1006 583 scelera,
1038 536 1131 585 quia
1162 536 1275 585 piget
1305 534 1514 582 aedificare,
1544 536 1629 574 haec
1659 536 1725 574 de·

251 608 276 645 8
294 609 438 646 decora
468 608 556 658 pati
586 608 717 658 parati
736 608 858 646 estis?
904 607 948 645 Si
964 611 1049 645 tota
1064 607 1162 645 urbe
1179 608 1330 645 nullum
1348 607 1487 645 melius
1504 607 1729 658 ampliusve

291 684 439 719 tectum
470 680 559 718 fieri
590 681 728 730 possit,
760 693 877 730 quam
910 693 1001 717 casa
1029 679 1098 717 illa
1115 679 1331 716 conditoris
1347 681 1408 716 est
1424 679 1562 726 nostri,
1590 679 1727 717 nonin

293 753 393 790 casis
439 753 522 790 ritu
566 756 771 802 pastorum
817 752 1114 801 agrestiumque
1158 750 1340 788 habitare
1378 753 1437 788 est
1466 750 1591 788 satius
1621 750 1730 788 inter

253 822 275 859 9
294 838 407 862 sacra
429 828 674 874 penatesque
697 827 853 861 nostros
871 837 988 873 quam
1006 823 1227 860 exsulatum
1244 822 1405 871 publice
1423 820 1508 859 ire?
1551 821 1729 860 Maiores

291 897 430 943 nostri,
472 909 655 934 convenae
686 899 956 946 pastoresque,
1000 908 1123 944 quum
1155 894 1195 931 in
1226 893 1288 931 his
1320 893 1420 930 locis
1450 892 1552 930 nihil
1581 896 1729 943 praeter

291 969 413 1006 silvas
444 967 691 1018 paludesque
724 971 837 1013 esset,
869 981 1011 1005 novam
1043 966 1183 1003 urbem
1214 969 1294 1003 tam
1318 964 1431 1002 brevi
1458 964 1725 1010 aedificarunt;

290 1054 373 1087 nos,
406 1039 617 1089 Capitolio,
650 1052 739 1076 arce
757 1039 961 1084 incolumi,
995 1038 1194 1076 stantibus
1219 1036 1381 1086 templis
1399 1036 1575 1082 deorum,
1606 1035 1728 1072 aedifi-

291 1126 381 1150 care
412 1112 573 1148 incensa
603 1110 742 1160 piget?
783 1114 833 1156 et,
867 1110 973 1160 quod
1005 1110 1153 1158 singuli
1184 1108 1329 1146 facturi
1360 1108 1518 1155 fuimus,
1559 1107 1593 1145 si
1623 1107 1728 1145 aedes

163 1176 218 1223 54
293 1188 438 1222 nostrae
471 1183 768 1232 deflagrassent,
799 1183 874 1220 hoc
904 1183 944 1219 in
977 1181 1137 1232 publico
1170 1180 1354 1218 incendio
1379 1179 1556 1217 universi
1570 1191 1726 1216 recusa—

276 1269 375 1305 ‚mus
407 1254 577 1293 facere?
626 1253 734 1300 Quid
773 1253 964 1292 tandem?
1002 1254 1036 1291 si
1074 1253 1223 1298 fraude,
1264 1253 1297 1290 si
1328 1264 1420 1289 casu
1448 1250 1565 1288 -Veiis
1595 1251 1727 1288 incen-

291 1327 401 1364 dium
449 1331 578 1364 ortum
624 1327 686 1373 sit,
732 1330 942 1375 ventoque,
990 1328 1034 1362 ut
1078 1324 1166 1362 fieri
1204 1327 1343 1374 potest,
1389 1321 1533 1360 diffusa
1571 1321 1730 1358 flamma

290 1412 473 1447 magnam
518 1401 671 1448 partem
717 1398 828 1435 urbis
875 1398 1069 1445 absumat,
1114 1396 1289 1434 Fidenas
1334 1393 1428 1431 inde
1468 1396 1537 1431 aut
1577 1392 1730 1430 Gabios

291 1470 460 1508 aliamve
500 1465 618 1519 quam
657 1471 794 1508 urbem
830 1469 1038 1519 quaesituri
1071 1480 1214 1514 sumus,
1262 1480 1340 1517 quo
1371 1463 1732 1513 transmigremus?

251 1539 273 1575 2
293 1543 409 1579 Adeo
441 1541 545 1578 nihil
574 1546 683 1579 tenet
713 1542 841 1579 solum
873 1541 1014 1591 patriae
1046 1554 1117 1578 nec
1147 1540 1230 1576 haec
1261 1543 1379 1584 terra,
1412 1550 1530 1587 quam
1561 1539 1726 1573 matrem

291 1614 547 1663 appellamus,
586 1612 655 1649 sed
696 1613 735 1649 in
775 1613 984 1662 superficie
1021 1612 1228 1660 tignisque
1266 1610 1410 1647 caritas
1441 1608 1555 1647 nobis
1584 1607 1728 1658 patriae

252 1683 273 1718 3
292 1684 467 1735 pendet?
527 1683 725 1733 Equidem
759 1684 932 1731 (fatebor
962 1684 1089 1730 vobis,
1132 1683 1206 1719 etsi
1237 1682 1366 1718 minus
1397 1679 1554 1717 iniuriae
1583 1682 1728 1718 vestrae

290 1770 406 1806 quam
425 1756 551 1806 [meae]
571 1755 811 1793 calamitatis
844 1755 1072 1793 meminisse
1106 1754 1232 1801 iuvat)
1261 1766 1382 1802 quum
1406 1750 1596 1798 abessem,
1628 1764 1720 1801 quo-

289 1827 521 1873 tiescunque
551 1824 684 1873 patria
717 1824 755 1860 in
788 1826 955 1861 mentem
988 1823 1153 1866 veniret,
1186 1821 1270 1858 haec
1297 1820 1430 1858 omnia
1453 1822 1729 1870 occurrebant,

289 1897 410 1935 colles
443 1895 649 1945 campique
683 1899 722 1932 et
741 1894 899 1932 Tiberis
927 1897 965 1932 et
983 1896 1139 1932 assueta
1157 1892 1283 1930 oculis
1300 1892 1413 1940 regio
1431 1897 1469 1931 et
1483 1894 1558 1931 hoc
1576 1893 1728 1940 caelum,

289 1969 362 2006 sub
394 1981 472 2017 quo
504 1970 620 2004 natus
653 1967 922 2015 educatusque
954 1979 1098 2012 essem3
1147 1977 1234 2014 quae
1265 1977 1346 2010 vos,
1393 1963 1581 2012 Quirites,
1621 1978 1726 2002 nunc

288 2043 473 2078 moveant
503 2039 636 2088 potius
668 2039 833 2076 caritate
865 2052 947 2085 sua,
980 2042 1025 2075 ut
1052 2036 1244 2075 maneatis
1262 2036 1302 2073 in
1321 2035 1413 2073 sede
1429 2039 1574 2082 vestra,
1607 2049 1727 2085 quam

246 2111 271 2147 4
289 2116 440 2162 postea,
472 2123 591 2160 quum
622 2110 870 2159 reliqueritis
903 2123 1000 2156 eam,
1036 2112 1234 2146 macerent
1265 2107 1472 2145 desiderio.
1518 2107 1610 2146 Non
1640 2107 1726 2144 sine

288 2197 406 2222 causa
444 2183 483 2219 di
520 2182 779 2231 hominesque
820 2182 925 2219 hunc
957 2181 1051 2218 urbi
1084 2178 1299 2217 condendae
1339 2179 1471 2216 locum
1509 2178 1729 2228 elegerunt,

287 2255 569 2293 saluberrimos
601 2253 735 2299 colles,
767 2253 914 2290 flumen
932 2255 1213 2303 opportunum,
1246 2264 1324 2300 quo
1351 2264 1399 2287 ex
1423 2250 1728 2288 mediterraneis

285 2324 383 2361 locis
414 2323 547 2370 fruges
579 2323 838 2369 devehantur,
871 2337 949 2374 quo
982 2323 1172 2361 maritimi
1196 2324 1437 2360 commeatus
1460 2321 1726 2372 accipiantur,

287 2409 394 2433 mare
425 2394 600 2432 vicinum
632 2394 682 2431 ad
715 2395 1015 2433 commoditates
1047 2407 1120 2432 nec
1151 2393 1377 2443 expositum
1407 2392 1531 2430 nimia
1561 2392 1724 2442 propin-

287 2467 438 2516 quitate
485 2467 535 2503 ad
580 2465 760 2516 pericula
805 2467 991 2504 classium
1039 2469 1305 2512 externarum,
1349 2464 1557 2514 regionem
1593 2462 1726 2500 Italiae

245 2538 270 2575 5
289 2537 468 2575 mediam.
514 2537 583 2575 Ad
607 2537 893 2574 incrementum
919 2538 1031 2575 urbis
1057 2540 1193 2575 natum
1209 2536 1325 2574 unice
1343 2547 1427 2574 esse
1444 2535 1586 2582 locum,
1609 2546 1723 2582 argu-

286 2613 418 2646 mento
458 2612 518 2646 est
558 2609 646 2659 ipsa
684 2608 916 2657 magnitudo
959 2612 1041 2646 tam
1083 2621 1195 2646 novae
1225 2607 1348 2645 urbis.
1409 2604 1727 2643 Trecentesimus

286 2681 554 2729 sexagesimus
585 2665 748 2730 quintus
779 2692 904 2717 annus
935 2679 1058 2725 urbis,
1102 2678 1290 2727 Quirites,
1331 2676 1484 2726 agitur3
1530 2676 1636 2714 inter
1664 2678 1727 2712 tot
