1821 2928
565 197 655 222 Liber
673 196 758 222 vm.
796 196 844 226 (Α.
864 196 916 223 ch.
935 197 1007 224 825.)
1378 182 1456 223 135

72 311 244 358 fuerunt,
274 325 324 349 an
355 312 438 349 ulla
469 314 559 362 post
586 311 685 349 hanc
714 312 820 349 diem
851 315 992 350 essent.
1057 310 1148 349 Non
1179 323 1291 348 noxae
1318 310 1509 348 eximitur
1529 308 1551 346 5

74 379 122 427 Q,-
153 379 318 427 Fabius,
364 381 434 430 qui
481 384 619 418 contra
666 381 839 418 edictum
886 379 1142 429 imperatoris
1180 379 1397 428 pugnavit,
1443 378 1513 415 sed

74 460 186 486 noxoe
214 449 426 486 damnatus
453 447 626 487 donatur
664 449 814 499 populo
849 449 1045 495 Romano,
1077 448 1250 485 donatur
1279 446 1513 484 tribuniciae

73 518 277 567 potestati,
309 518 545 568 precarium,
577 531 657 554 non
689 518 839 555 iustum
871 517 1067 555 auxilium
1100 515 1255 553 ferenti.
1316 514 1432 560 Vive,
1463 515 1511 560 Q.
1530 516 1552 554 6

74 584 188 632 Fabi,
218 586 377 624 felicior
407 586 482 623 hoc
514 598 706 623 consensu
735 586 912 624 civitatis
939 585 990 623 ad
1007 584 1200 622 tuendum
1215 587 1255 621 te
1273 596 1402 633 quam,
1435 595 1513 631 qua

72 654 194 703 paulo
225 657 316 691 ante
348 653 588 701 exsultabas,
619 655 813 701 victoria;
843 655 945 701 vive,
979 654 1019 691 id
1050 653 1205 691 facinus
1237 664 1367 697 ausus,
1399 650 1512 688 cuius

73 722 152 759 tibi
184 735 233 759 ne
264 736 409 772 parens
441 723 625 773 quidem,
672 723 706 761 si
745 723 882 762 eodem
924 723 1012 760 loco
1043 721 1204 767 fuisset,
1249 733 1327 770 quo
1359 719 1434 756 fuit
1467 718 1512 755 L.

73 790 277 841 Papirius,
308 792 466 830 veniam
499 792 687 830 dedisset.
761 791 940 837 Mecum,
978 794 1023 829 ut
1054 790 1180 836 voles,
1226 787 1439 826 reverteris
1471 787 1511 824 in
1532 790 1554 827 7

73 859 266 908 gratiam3
298 861 448 910 populo
475 860 672 907 Romano,
704 860 769 898 cui
800 860 925 898 vitam
959 860 1089 906 debes,
1119 857 1223 896 nihil
1254 857 1382 895 maius
1413 868 1513 906 prte-

72 927 236 974 stiteris‚
268 942 386 978 quam
417 929 451 966 si
476 929 539 965 hic
562 929 641 966 tibi
669 928 756 966 dies
780 928 876 966 satis
895 927 1124 966 documenti
1141 926 1311 972 dederit,
1342 929 1386 963 ut
1404 924 1512 962 bello

72 1009 117 1033 ac
149 1009 246 1046 pace
277 998 365 1046 pati
398 997 577 1045 legitima
605 997 773 1046 imperia
799 997 963 1046 possis.'·‘
1014 997 1147 1044 Quum
1171 1009 1211 1033 se
1235 994 1340 1032 nihil
1363 993 1552 1033 morari8

73 1064 311 1113 magistrum
357 1066 539 1116 equitum
584 1065 901 1116 pronuntiasset,
955 1065 1185 1114 degressum
1231 1076 1319 1100 eum
1362 1062 1513 1111 templo

74 1132 187 1171 laetus
218 1137 388 1179 senat-us,
420 1135 553 1172 laetior
583 1135 766 1184 populus,
799 1134 1031 1172 circumfusi
1062 1147 1105 1172 ac
1139 1132 1388 1181 gratulantes
1418 1131 1513 1168 hinc

73 1202 267 1251 magistro
294 1204 485 1253 equitum,
515 1204 610 1241 hinc
637 1203 838 1249 dictatori,
869 1202 1073 1253 prosecuti
1100 1205 1202 1249 sunt,
1233 1202 1511 1252 firmatumque
1531 1201 1553 1238 9

72 1270 287 1320 imperium
318 1272 495 1310 militare
527 1272 637 1310 haud
669 1272 799 1309 minus
831 1271 1010 1321 periculo
1044 1271 1090 1318 Q.
1121 1271 1241 1309 Fabii
1273 1284 1392 1321 quam
1424 1284 1513 1321 sup-

72 1339 198 1388 plicio
229 1340 454 1378 miserabili
486 1341 754 1379 adolescentis
784 1339 933 1378 Manlii
964 1340 1192 1378 videbatur.

185 1408 309 1447 Forte
340 1409 398 1447 ita
430 1423 474 1448 eo
507 1423 610 1447 anno
644 1409 788 1455 evenit,
818 1412 874 1456 ut,
906 1408 1220 1458 quotiescunque
1252 1408 1429 1445 dictator
1460 1408 1510 1445 ab
1533 1407 1582 1444 10

70 1477 248 1514 exercitu
278 1478 518 1525 recessisset,
548 1479 681 1516 hostes
705 1479 747 1516 in
765 1478 928 1516 Samnio
955 1480 1220 1515 moverentur.
1268 1475 1452 1513 Ceterum
1471 1477 1513 1513 in

71 1545 199 1583 oculis
231 1546 454 1596 exemplum
482 1550 567 1584 erat
593 1546 639 1594 Q.
656 1547 811 1584 Fabius
827 1546 882 1583 M.
900 1545 1066 1583 Valerio
1094 1545 1239 1594 legato,
1271 1545 1340 1595 qui
1370 1545 1512 1582 castris

71 1618 251 1664 praeerat,
282 1627 331 1652 ne
361 1629 481 1665 quam
503 1615 585 1652 vim
614 1615 791 1652 hostium
823 1613 949 1663 magis
981 1627 1100 1663 quam
1122 1617 1275 1651 trucem
1299 1613 1511 1651 dictatoris

72 1682 174 1721 iram
204 1683 374 1721 timeret.
434 1684 579 1733 Itaque
609 1683 917 1721 frumentatores
948 1695 1070 1732 quum
1097 1682 1360 1720 circumventi
1387 1696 1435 1719 ex
1453 1682 1511 1719 in·
1534 1683 1577 1718 11

72 1750 192 1789 sidiis
223 1752 315 1789 caesi
345 1752 434 1790 loco
467 1752 606 1802 iniquo
639 1756 780 1799 essent,
820 1752 1019 1789 creditum
1049 1751 1171 1800 vulgo
1205 1754 1274 1797 est,
1305 1750 1514 1788 subveniri

72 1818 129 1856 eis
161 1819 212 1857 ab
243 1819 375 1869 legato
402 1821 590 1871 potuisse,
620 1820 663 1858 ni
684 1821 821 1858 tristia
846 1821 977 1859 edicta
993 1819 1279 1857 exhorruisset.
1338 1819 1399 1856 Ea
1416 1832 1512 1869 quo·
1533 1818 1582 1855 12

73 1901 149 1937 que
180 1887 241 1925 ira
272 1889 465 1928 alienavit
496 1903 518 1926 a
550 1889 745 1926 dictatore
776 1889 955 1926 militum
996 1888 1160 1934 animos,
1200 1888 1280 1925 iam
1321 1890 1413 1925 ante
1455 1887 1513 1924 in-

73 1956 215 2003 fensos,
247 1958 355 2007 quod
388 1957 659 2007 implacabilis
677 1957 723 2004 Q.
741 1957 870 1995 Fabio
888 1957 1031 1995 fuisset
1063 1960 1112 2003 et,
1144 1956 1251 2006 quod
1277 1956 1362 1993 suis
1384 1955 1512 2006 preci-

73 2026 147 2063 bus
177 2030 373 2075 negasset,
405 2026 488 2064 eius
520 2025 671 2075 populo
704 2025 886 2063 Romano
917 2025 1075 2063 veniam
1107 2023 1297 2062 dedisset.

187 2094 409 2146 Postquam
441 2094 629 2140 dictator,
660 2093 876 2143 praeposito
910 2094 952 2132 in
984 2092 1082 2130 urbe
1100 2092 1146 2130 L.
1163 2092 1332 2143 Papirio
1359 2092 1515 2138 Crasso,
1593 2088 1648 2135 3ss

75 2163 268 2212 magistro
300 2163 480 2214 equitum
513 2162 559 2210 Q.
591 2162 722 2200 Fabio
754 2162 880 2200 vetito
923 2162 1139 2212 quicquam
1171 2175 1244 2211 pro
1275 2162 1516 2210 magistratu

74 2244 203 2280 agere,
235 2232 277 2268 iu
310 2236 441 2270 castra
471 2231 605 2278 rediit,
637 2244 765 2280 neque
791 2230 947 2268 civibus
971 2231 1068 2268 satis
1085 2230 1200 2268 laetus
1217 2230 1412 2268 adventus
1430 2229 1515 2266 eius
1533 2230 1556 2266 2

74 2299 152 2337 fuit
168 2314 240 2337 nec
256 2300 437 2338 hostibus
456 2300 670 2350 quicquam
688 2299 827 2337 attulit
843 2299 1022 2337 terroris.
1060 2299 1246 2349 Namque
1262 2302 1421 2349 postero
1439 2297 1516 2344 die,

75 2381 144 2406 seu
175 2368 317 2417 ignari,
347 2369 502 2406 venisse
533 2368 782 2415 dictatorem,
812 2381 892 2414 seu,
923 2368 1081 2406 adesset
1111 2381 1162 2406 an
1201 2367 1369 2413 abesset,
1400 2366 1515 2416 parvi

75 2436 278 2483 facientes,
310 2437 505 2474 instructa
537 2437 622 2474 acie
653 2435 704 2473 ad
737 2439 865 2474 castra
896 2439 1158 2474 accesserunt.
1219 2435 1403 2474 Ceterum
1429 2438 1516 2473 tan·
1535 2435 1558 2471 3

74 2507 159 2542 tum
190 2506 382 2543 momenti
415 2505 456 2542 in
488 2518 567 2542 uno
598 2504 687 2542 viro
719 2504 764 2542 L.
797 2504 964 2555 Papirio
995 2505 1091 2552 fuit,
1121 2508 1176 2551 ut,
1213 2505 1248 2542 si
1281 2504 1394 2541 ducis
1427 2516 1517 2541 con-

77 2574 170 2612 silia
210 2574 322 2612 savor
363 2574 597 2612 subsecutus
643 2573 817 2610 militum
862 2573 976 2620 foret,
1023 2572 1220 2611 debellari
1252 2586 1297 2609 eo
1330 2571 1396 2609 din
1429 2584 1516 2609 cum

78 2640 328 2680 Samnitibus
345 2642 535 2692 potuisse,
566 2655 638 2692 pro
661 2641 769 2678 haud
796 2640 920 2680 dubio
944 2641 1125 2680 habitum
1145 2641 1215 2686 sit;
1249 2639 1301 2677 ita
1330 2639 1516 2677 instruxit
1535 2639 1560 2676 4
