1821 2928
606 198 696 224 Liber
714 199 766 223 w.
804 198 852 225 (A.
873 198 925 223 oh.
947 199 1018 227 38⁹.)
1457 190 1480 225 3

90 316 243 354 tribuni
274 314 445 352 militum
476 314 538 350 his
570 313 622 350 A.
653 313 842 359 Manlius,
882 313 980 359 illis,
1021 314 1090 362 qui
1123 314 1314 351 adversus
1346 314 1536 352 Etruscos
1555 314 1580 349 8

92 384 367 429 mittebantur,
409 382 454 419 L.
496 381 686 418 AEmilius
728 382 981 431 praepositus.
1041 381 1219 419 Tertiam
1260 386 1415 432 partem
1459 383 1542 432 ipse

92 453 143 490 ad
162 452 332 490 Volscos
364 451 492 497 duxit,
523 463 596 487 nec
628 449 768 498 procul
801 463 823 486 a
854 449 1038 487 Lanuvio
1072 451 1139 498 (ad
1156 450 1331 488 Mecium
1363 451 1395 488 is
1429 451 1539 488 locus

93 520 257 569 dicitur)
299 523 428 557 castra
460 531 695 569 oppugnare
727 521 785 554 est
817 518 994 555 adortus.
1040 518 1197 565 Quibus
1224 520 1273 556 ab
1300 523 1540 568 contemptu,
1559 519 1582 555 9

94 588 201 639 quod
240 602 366 638 prope
405 601 560 625 omnem
601 586 773 623 deletam
806 600 827 623 a
861 585 992 623 Gallis
1030 586 1253 624 Romanam
1293 588 1541 625 iuventutem

92 657 311 704 crederent,
342 657 393 693 ad
424 656 572 693 bellum
606 655 794 704 profectis
825 659 981 692 tantum
1007 654 1200 692 Camillus
1225 656 1387 693 auditus
1418 657 1541 706 impe-

93 729 203 763 rator
242 725 408 762 terroris
450 724 654 769 intulerat,
699 727 741 760 ut
783 723 891 761 vallo
933 737 973 761 se
1015 724 1105 773 ipsi.
1150 724 1301 761 vallum
1344 725 1542 773 congestis

91 794 304 832 arboribus
327 793 527 842 saepirent,
558 806 606 829 ne
632 806 709 841 qua
735 792 886 829 intrare
909 792 961 830 ad
977 793 1222 829 munimenta
1247 793 1372 830 hostis
1398 796 1542 842 posset.

92 862 212 910 Quod
249 862 319 899 ubi
357 861 641 899 animadvertit
673 860 876 906 Camillus,
916 861 1049 909 ignem
1088 860 1130 897 in
1162 860 1358 898 obiectam
1397 874 1540 910 saepem
1562 862 1612 898 10

95 930 238 967 coniiei
271 930 406 975 iussit:
439 934 475 966 et
507 930 611 966 forte
644 933 730 966 erat>
760 929 821 965 vis
852 942 995 977 magna
1020 929 1130 966 venti
1154 942 1269 966 versa
1300 929 1342 966 in
1372 929 1544 975 hostenr:

96 999 233 1048 itaque
273 1012 353 1035 non
393 997 551 1047 aperuit
592 997 720 1035 solum
760 996 945 1034 incendio
986 997 1111 1043 viam,
1157 997 1244 1043 sed,
1290 998 1458 1035 flammis
1499 998 1609 1035 11111

97 1071 227 1105 cast-ra
258 1066 530 1112 tendentibus,
568 1079 717 1115 vapore
750 1065 870 1102 etiam
908 1078 954 1102 ae
993 1065 1100 1102 fumo
1134 1066 1368 1115 crepituque
1399 1066 1542 1103 viridis

96 1135 273 1173 materiae
314 1134 524 1183 flagrantis
566 1134 621 1171 ita
664 1134 933 1172 consternavit
974 1134 1125 1180 hostes,
1167 1138 1211 1171 ut
1251 1134 1382 1172 minor
1422 1134 1544 1171 moles

95 1203 380 1254 superantibus
424 1203 572 1239 vallum
622 1202 663 1239 in
710 1205 838 1239 castra
888 1201 1128 1239 Volscorum
1172 1202 1366 1240 Romanis
1412 1202 1543 1248 fuerit,

96 1285 211 1322 quam
259 1272 636 1309 transcendentibus
682 1284 827 1320 saepem
874 1270 1058 1307 incendio
1104 1271 1356 1320 absumptam
1401 1271 1542 1307 fuerat.

67 1353 71 1356 ·
94 1341 212 1379 Fusis
243 1340 425 1377 hostibus
450 1340 639 1388 caesisque
665 1353 786 1388 quum
819 1342 947 1375 castra
980 1338 1132 1387 impetu
1157 1339 1328 1387 cepisset
1352 1338 1537 1376 dictator.
1560 1339 1606 1374 12

95 1408 271 1458 praedam
311 1407 432 1444 militi
463 1407 586 1452 dedit,
625 1420 703 1455 quo
744 1407 874 1443 minus
913 1410 1113 1456 speratam
1150 1406 1312 1443 minime
1349 1406 1543 1454 largitore

97 1477 207 1521 duce,
238 1489 284 1513 eo
315 1475 437 1512 militi
468 1475 695 1523 gratiorem.
742 1475 982 1512 Persecutus
1007 1474 1151 1511 deinde
1177 1475 1387 1523 fugientes.
1419 1487 1542 1523 quum
1563 1475 1612 1511 13

95 1557 250 1581 omnem
296 1543 486 1581 Volscum
532 1556 673 1591 agrum
719 1543 986 1593 depopulatus
1032 1546 1151 1589 esset,
1196 1543 1247 1580 ad
1293 1543 1539 1580 deditionem

97 1611 266 1649 Volscos
296 1611 589 1662 septuagesimo
621 1611 779 1648 demum
805 1625 908 1649 anno
935 1612 1104 1659 subegit.
1151 1611 1294 1649 Victor
1318 1625 1366 1648 ex
1382 1610 1541 1648 Volscis
1563 1611 1614 1648 14

97 1681 138 1717 in
182 1680 338 1730 *Equos
384 1681 566 1726 transiit,
612 1684 651 1717 et
698 1680 804 1729 ipsos
851 1679 1000 1716 bellum
1046 1680 1272 1725 molientes:
1325 1679 1544 1716 exercitum

97 1762 232 1787 eorum
264 1748 314 1785 ad
332 1748 454 1786 Bolas
486 1749 696 1797 oppressit,
729 1762 799 1785 1160
833 1752 963 1785 castra
991 1749 1122 1795 modo⁷
1153 1749 1221 1786 sed
1253 1748 1392 1785 urbem
1423 1747 1544 1784 etiam

98 1830 309 1866 aggressus
341 1817 493 1866 impetu
525 1817 653 1866 primo
686 1817 802 1866 cepit.

212 1886 345 1933 Quum
378 1885 418 1921 in
451 1899 493 1921 ea
527 1888 653 1934 parte,
693 1885 733 1922 in
771 1898 851 1933 qua
884 1889 1003 1934 caput
1033 1885 1092 1921 rei
1123 1885 1314 1921 Romanae
1348 1884 1541 1922 Camillus
1631 1880 1659 1927 3

99 1957 195 2000 erat,
226 1967 271 1991 ea
294 1954 455 1991 fortuna
479 1956 592 1999 esset,
623 1953 742 1990 aliam
767 1953 808 1991 in
832 1957 988 2002 partem
1010 1957 1140 1989 terror
1163 1952 1303 2000 ingens
1328 1953 1545 2001 ingruerat.

98 2022 265 2059 Etruria
297 2035 422 2071 prope
454 2022 581 2058 omnis
613 2025 765 2058 armata
797 2019 989 2067 Sutrium,
1028 2020 1155 2057 socios
1187 2021 1328 2070 populi
1359 2020 1583 2066 Romani,2

100 2090 327 2129 obsidebat:
367 2103 536 2139 quorum
568 2090 700 2137 legati,
739 2103 852 2138 opem
884 2089 1002 2125 rebus
1034 2089 1183 2126 affectis
1215 2093 1387 2132 orantes,
1425 2101 1546 2137 quum

101 2161 281 2196 senatum
313 2157 502 2199 adissent,
539 2158 741 2195 decretum
773 2158 912 2197 tulere,
943 2161 986 2194 ut
1019 2157 1193 2194 dictator
1224 2158 1353 2206 primo
1386 2170 1544 2206 quoque

98 2231 277 2276 tempore
316 2226 509 2263 auxilium
540 2225 716 2263 Sutrinis
753 2227 886 2263 ferret.
947 2225 1071 2263 Cuius
1108 2225 1194 2275 spei
1231 2239 1382 2263 moram
1421 2225 1585 2274 quum3

100 2295 186 2344 pati
216 2295 377 2332 fortuna
415 2295 665 2333 obsessorum
703 2308 782 2332 non
821 2294 1028 2343 potuisset,
1066 2295 1324 2343 confectaque
1363 2294 1544 2343 paucitas

102 2363 396 2413 oppidanorum
428 2377 558 2413 opere,
597 2362 760 2411 vigiliis,
797 2363 1044 2409 vulneribus,
1083 2376 1170 2412 quae
1202 2376 1356 2411 semper
1387 2361 1544 2398 eosdem

99 2431 309 2480 urgebant,
347 2446 417 2481 per
456 2431 680 2481 pactionem
718 2431 816 2468 urbe
847 2431 1028 2468 hostibus
1058 2431 1223 2476 tradita,
1262 2430 1424 2467 inermis
1457 2444 1544 2466 cum

102 2498 270 2548 singulis
310 2500 451 2537 emissa
482 2499 728 2537 vestimentis
771 2499 991 2536 miserabili
1032 2499 1190 2547 agmine
1232 2502 1394 2548 penates
1425 2498 1544 2534 relin-

105 2572 254 2615 queret,
285 2582 329 2606 eo
361 2570 464 2606 forte
495 2572 674 2617 tempore
692 2567 884 2605 Camillus
912 2580 997 2603 cum
1023 2568 1198 2604 exercitu
1216 2567 1398 2604 Romano
1423 2566 1542 2602 inter-
1563 2565 1589 2601 4

103 2634 224 2671 venit.
268 2635 345 2673 Cui
368 2650 491 2686 quum
523 2650 562 2674 se
588 2640 724 2673 maesta
748 2637 867 2673 turba
893 2636 943 2673 ad
976 2636 1096 2686 pedes
1128 2635 1404 2685 provolvisset,
1437 2633 1545 2682 prin—

1272 2712 1311 2744 1*
