1821 2928
529 114 645 149 Liber
669 112 721 148 II.
772 113 833 158 (A.
860 113 924 148 Ch.
950 114 1161 157 480—479.)
1489 116 1569 154 109

119 242 272 281 habere
304 255 383 288 eos,
416 255 584 292 quorum
617 241 813 290 sanguine
839 254 883 279 ac
911 241 1056 280 sudore
1081 244 1219 291 partus
1235 241 1297 278 sit.
1343 242 1568 292 Aspernati
1586 243 1610 279 3

121 319 257 366 patres
289 318 397 361 sunt3
431 314 562 364 questi
594 326 752 364 quoque
785 312 962 363 quidam,
996 313 1119 351 nimia
1143 313 1277 362 gloria
1301 314 1505 352 luxuriare
1532 319 1569 351 et

123 400 358 426 evanescere
388 385 569 424 vividum
601 384 801 436 quondam
835 385 938 422 illud
971 384 1147 423 Caesonis
1180 386 1395 435 ingenium.

239 459 372 498 Nullae
405 458 549 496 deinde
579 458 744 496 urbanae
776 457 971 495 factiones
1002 458 1131 504 fuere;
1162 460 1412 496 vexabantur
1434 459 1565 496 incur·
1587 458 1612 495 4

123 531 305 569 sionibus
339 531 563 581 AEquorum
596 530 743 568 Latini.
792 529 852 567 Eo
885 543 974 567 cum
1007 530 1186 568 exercitu
1214 530 1326 569 Caeso
1357 532 1498 569 missus
1530 532 1569 568 in

125 604 303 654 ipsorum
335 603 560 654 AEquorum
603 616 742 652 agrum
786 601 1112 652 depopulandum
1152 604 1308 641 transit.
1370 604 1494 654 AEqui
1530 618 1570 641 se

126 677 168 714 in
211 676 363 727 oppida
394 679 632 727 receperunt
663 675 865 725 murisque
898 688 938 712 se
968 675 1177 721 tenebant;
1217 689 1260 712 eo
1292 677 1406 714 nulla
1436 690 1571 726 pugna

124 747 396 786 memorabilis
424 750 510 787 fuit.
559 749 618 786 At
644 761 665 785 a
684 746 854 785 Veiente
880 747 994 785 hoste
1011 748 1144 786 clades
1163 753 1328 798 accepta
1344 749 1568 786 temeritate
1588 747 1611 785 5

126 821 291 858 alterius
323 819 514 867 consulis,
545 823 757 869 actumque
792 819 840 858 de
872 820 1052 858 exercitu
1078 822 1192 869 foret,
1224 822 1266 859 ni
1285 822 1338 859 Κ,
1358 821 1569 859 Fabiusin

123 897 304 943 tempore
336 891 520 930 subsidio
552 892 738 929 venisset.
790 892 852 929 Ex
885 906 930 930 eo
961 896 1141 943 tempore
1172 907 1300 944 neque
1330 908 1410 944 pax
1443 908 1570 944 neque

123 965 274 1003 bellum
314 979 403 1002 cum
436 963 679 1002 Veientibus
720 964 814 1011 fuit,
854 978 916 1002 res
958 967 1139 1015 proxime
1169 966 1337 1004 formam
1367 967 1573 1004 latrocinii

122 1042 299 1076 venerat.
345 1037 595 1086 Legionibus
613 1037 806 1075 Romanis
834 1037 1030 1076 cedebant
1048 1038 1090 1076 in
1107 1039 1265 1086 urbem;
1289 1039 1360 1077 ubi
1376 1039 1569 1077 abductas
1588 1038 1611 1074 6

124 1114 331 1149 senserant
362 1110 556 1159 legiones,
587 1123 705 1159 agros
738 1110 1008 1157 incursabant,
1040 1111 1189 1148 bellum
1217 1112 1363 1162 quiete,
1396 1112 1572 1162 quietem

123 1183 231 1222 bello
264 1183 305 1220 in
337 1182 466 1220 vicem
498 1182 712 1220 eludentes.
758 1182 824 1220 Ita
847 1196 975 1233 neque
1000 1184 1132 1221 omitti
1156 1187 1241 1222 tota
1264 1198 1326 1222 res
1343 1198 1414 1222 nec
1431 1184 1571 1235 perfici

124 1258 303 1306 poterat;
336 1259 376 1293 et
406 1255 487 1309 alia
517 1255 626 1292 bella
658 1258 726 1292 aut
758 1256 973 1305 praesentia
1005 1257 1220 1304 instabant,
1260 1261 1305 1295 ut
1344 1257 1394 1295 ab
1425 1258 1572 1308 AEquis

125 1328 378 1378 Volscisque,
424 1341 503 1365 non
545 1327 709 1374 diutius,
755 1341 873 1377 quam
904 1341 1044 1365 recens
1077 1329 1194 1366 dolor
1223 1330 1418 1379 proximae
1450 1330 1573 1367 eladis

125 1401 330 1447 transiret,
362 1399 674 1449 quiescentibus.
715 1403 783 1437 aut
814 1413 905 1437 mox
936 1404 1114 1438 moturos
1145 1402 1367 1451 apparebat
1399 1400 1572 1440 Sabinos

127 1485 283 1522 semper
300 1471 465 1509 infestos
475 1470 762 1521 Etruriamque
780 1485 946 1510 omnem.
980 1472 1059 1510 Sed
1072 1473 1223 1511 Veiens
1235 1474 1373 1522 hostis,
1387 1474 1572 1512 assiduus
1592 1473 1614 1508 7

128 1545 255 1594 magis
288 1557 406 1594 quam
438 1543 585 1592 gravis,
619 1544 870 1582 contumeliis
898 1545 1043 1595 saepius
1071 1559 1189 1595 quam
1213 1546 1395 1596 periculo
1422 1547 1573 1584 animos

128 1617 321 1666 agitabat,
368 1615 475 1666 quod
507 1616 620 1654 nullo
651 1619 830 1667 tempore
862 1618 1015 1667 negligi
1045 1622 1205 1668 poterat
1237 1622 1306 1656 aut
1337 1619 1464 1656 averti
1495 1619 1574 1657 alio

127 1688 296 1727 sinebat.
345 1688 447 1726 Tum
464 1687 593 1726 Fabia
617 1702 714 1738 gens
739 1693 920 1727 senatum
946 1690 1057 1729 adiit.
1104 1690 1255 1729 Consul
1280 1704 1355 1742 pro
1382 1694 1500 1741 gente
1517 1692 1571 1729 lo·
1592 1690 1618 1726 8

129 1762 287 1812 quitur:
323 1760 526 1808 „Assiduo
545 1761 672 1811 magis
691 1775 809 1811 quam
827 1776 971 1811 magno
989 1763 1192 1813 praesidio,
1223 1767 1268 1801 ut
1293 1763 1418 1811 scitis,
1441 1767 1577 1814 patres

130 1834 358 1884 conscripti,
388 1833 540 1871 bellum
557 1833 709 1871 Veiens
741 1838 844 1884 eget.
891 1835 975 1873 Vos
1007 1836 1087 1873 alia
1113 1836 1220 1874 bella
1247 1840 1395 1883 curate,
1427 1836 1577 1875 Fabios

131 1906 265 1944 hostes
296 1905 536 1944 Veientibus
571 1907 675 1944 date.
736 1905 937 1945 Auctores
969 1921 1114 1954 sumus,
1146 1912 1274 1946 tutam
1304 1909 1363 1946 ibi
1394 1909 1576 1947 maiesta-

129 1982 210 2018 tem
242 1979 418 2017 Romani
448 1979 622 2016 nominis
652 1979 749 2017 fore.
795 1979 986 2018 Nostrum
1018 1980 1059 2018 id
1090 1981 1206 2019 nobis
1237 1981 1348 2018 velut
1376 1981 1576 2019 familiare
1595 1981 1619 2017 9

130 2051 283 2089 bellum
321 2051 481 2102 privato
523 2055 684 2102 sumptu
715 2065 855 2101 gerere
886 2053 928 2090 in
959 2053 1093 2091 animo
1125 2057 1203 2100 est3
1249 2067 1313 2091 res
1343 2054 1510 2104 publica
1541 2059 1577 2093 et

130 2123 263 2161 milite
294 2124 379 2161 illic
412 2126 452 2161 et
482 2125 653 2174 pecunia
683 2128 834 2163 vacet.‘·'
885 2124 1039 2163 Gratiae
1067 2125 1251 2174 ingentes
1269 2129 1379 2165 actae.
1427 2126 1576 2165 Consul
1599 2124 1649 2161 10

133 2210 154 2233 e
196 2197 308 2235 curia
348 2209 531 2246 egressus
571 2197 785 2235 comitante
818 2197 1037 2236 Fabiorum
1069 2198 1238 2247 agmine,
1284 2199 1355 2248 qui
1386 2199 1427 2237 in
1458 2201 1576 2238 vesti-

131 2269 229 2306 bulo
262 2268 383 2306 curiae
415 2272 574 2306 senatus
607 2269 831 2307 consultum
863 2273 1142 2321 exspectantes
1172 2274 1378 2317 steterant,
1419 2269 1577 2307 domum

133 2340 251 2379 redit.
297 2341 404 2380 Iussi
429 2342 573 2379 armati
598 2346 758 2392 postero
777 2342 841 2380 die
859 2343 910 2381 ad
926 2343 1050 2381 limen
1068 2343 1244 2381 consulis
1261 2342 1414 2388 adesse3
1441 2341 1578 2378 domos

134 2413 227 2451 inde
266 2412 487 2451 discedunt.
549 2413 689 2452 Manat
726 2417 811 2453 tota
849 2416 949 2453 urbe
980 2428 1135 2462 rumor3
1176 2415 1324 2453 Fabios
1356 2414 1407 2452 ad
1439 2413 1577 2450 caelum
1651 2408 1707 2455 49

136 2485 326 2524 laudibus
357 2486 508 2523 ferunt:
539 2485 731 2524 familiam
763 2500 882 2525 unam
914 2488 1070 2525 subisse
1087 2487 1262 2525 civitatis
1280 2499 1395 2532 onus3
1429 2484 1579 2521 Veiens

135 2557 288 2596 bellum
320 2557 362 2595 in
393 2556 593 2608 privatam
624 2571 772 2606 curam,
803 2560 844 2597 in
875 2560 1034 2611 privata
1065 2573 1175 2598 arma
1204 2571 1374 2596 versum.
1421 2555 1464 2593 Si
1495 2556 1617 2594 sint2

138 2630 227 2668 duae
257 2630 413 2668 roboris
445 2628 621 2668 eiusdem
652 2630 694 2667 in
724 2631 823 2669 urbe
862 2635 1011 2681 genteS‚
1049 2631 1266 2681 deposcant
1296 2630 1380 2666 haec
1412 2627 1580 2666 Volscos

137 2702 227 2749 sibi,
258 2702 331 2740 illa
361 2702 537 2752 AEquos:
570 2702 719 2752 populo
750 2702 932 2742 Romano
962 2702 1225 2752 tranquillam
1256 2714 1394 2751 pacem
1426 2704 1581 2750 agente,
