1821 2928
6 2751 7 2754 Α
0 0 18 2738 „qffl

642 181 733 207 Liber
751 182 804 206 VI.
842 180 890 210 (Α.
911 181 962 206 cn.
983 181 1054 210 385.)
1474 171 1522 207 17

137 301 301 341 crimine
318 302 479 337 senatus
496 298 722 347 oblataeque
738 298 833 335 vani
849 296 949 334 furti
974 296 1149 343 invidiae,
1173 300 1387 346 negantem
1411 297 1581 334 arbitrio

134 370 387 409 inimicorum
434 381 474 405 se
521 367 748 405 locuturum
795 367 836 404 in
867 366 1000 404 vincla
1046 365 1139 402 duci
1185 365 1311 403 iussit.
1378 366 1622 416 Arreptus2

133 454 156 478 a
185 439 340 477 viatore
375 436 613 486 „Iuppiteffl
650 436 783 486 inquit
818 435 992 485 „optime
1024 434 1194 472 maxime
1225 434 1409 485 Iunoque
1440 435 1581 484 regina

134 523 178 546 ac
209 507 394 544 Minerva
436 505 636 555 ceterique
680 504 721 542 di
765 506 938 554 deaeque,
985 503 1055 553 qui
1087 503 1334 553 Capitolium
1372 517 1582 553 arcemque

134 576 321 623 incolitis,
364 575 488 613 sicine
528 577 704 611 vestrum
744 574 913 610 militem
955 587 1000 610 ac
1041 572 1252 622 praesidem
1284 573 1415 611 sinitis
1446 573 1584 610 vexari

133 647 182 684 ab
214 645 415 683 inimicis?
454 644 538 681 haec
571 644 725 690 dextra,
765 657 843 692 qua
876 642 1016 680 Gallos
1048 642 1135 678 fudi
1165 655 1188 678 a
1220 642 1399 679 delubris
1429 642 1583 688 vestris,

133 716 212 753 iam
243 715 285 752 in
315 713 460 752 vinclis
492 716 531 750 et
561 712 713 749 catenis
745 712 874 748 01111194ί
930 710 1093 749 Nullius
1125 724 1195 747 nec
1227 711 1334 748 oculi
1364 724 1436 748 nec
1467 725 1583 748 aures
1602 712 1625 749 3

133 784 419 833 indignitatem
449 782 649 828 ferebant3
682 781 751 819 sed
784 781 935 819 invicta
966 779 1043 817 sibi
1075 779 1259 828 quaedam
1290 780 1584 829 patientissima

134 853 228 891 iusti
259 851 421 902 imperii
452 851 594 889 civitas
625 851 785 897 fecerat,
816 864 889 887 nec
916 849 1107 886 adversus
1131 847 1387 886 dictatoriam
1409 849 1491 886 vim
1516 852 1584 886 aut

130 922 288 960 tribuni
318 921 449 971 plebis
481 924 550 958 aut
572 921 660 970 ipsa
686 920 799 970 plebs
823 918 1005 956 attollere
1029 917 1164 955 oculos
1191 921 1261 955 aut
1283 918 1437 955 hiscere
1465 918 1585 955 aude·

132 992 242 1029 bant.
303 990 495 1028 Coniecto
537 990 578 1026 in
620 1002 819 1027 carcerem
848 986 1017 1033 Manlio,
1063 987 1160 1024 satis
1202 990 1359 1024 constat
1398 987 1627 1035 magnam4

133 1063 289 1111 partem
330 1059 460 1109 plebis
489 1061 641 1096 vestem
681 1060 867 1103 mutasse,
908 1056 1055 1093 multos
1096 1056 1285 1093 mortales
1318 1056 1508 1105 capillum
1540 1069 1586 1093 ac

133 1129 301 1167 barbam
332 1128 574 1178 promisisse,
607 1128 937 1175 obversatamque
966 1125 1165 1162 vestibulo
1199 1125 1369 1162 carceris
1409 1128 1586 1162 maestam

131 1198 304 1235 turbam.
363 1196 556 1235 Dictator
587 1196 635 1234 de
668 1194 828 1234 Volscis
858 1194 1136 1243 triumphavit,
1182 1193 1427 1243 invidiaeque
1459 1193 1584 1242 magis
1605 1193 1627 1230 5

132 1266 361 1316 triumphus
379 1279 499 1315 quam
522 1265 661 1314 gloriae
684 1264 782 1309 fuit;
815 1263 966 1312 quippe
993 1263 1112 1310 domi,
1142 1277 1223 1300 non
1246 1263 1401 1300 militiae
1427 1266 1587 1312 partum

91 1357 95 1360 >
135 1349 223 1374 eum
265 1338 478 1384 actumque
511 1335 559 1372 de
592 1334 687 1380 cive,
730 1346 811 1369 non
843 1332 891 1368 de
933 1332 1046 1368 hoste
1088 1332 1327 1377 fremebant3
1368 1345 1491 1369 unum
1523 1331 1587 1369 de-

132 1405 255 1442 fuisse
294 1407 453 1441 tantum
484 1402 694 1452 superbiae,
735 1401 843 1451 quod
875 1413 955 1438 non
986 1400 1040 1438 M.
1097 1401 1251 1439 Ianlius
1291 1404 1383 1438 ante
1427 1414 1585 1438 currum

137 1473 190 1511 sit
231 1473 385 1510 ductus.
445 1471 612 1520 lamque
652 1470 761 1507 haud
803 1470 944 1520 procul
985 1469 1180 1508 seditione
1220 1483 1283 1507 res
1325 1473 1427 1516 erat3
1475 1469 1629 1506 01111156

137 1540 334 1579 leniendae
365 1554 496 1587 causa,
526 1539 757 1589 postulante
787 1538 911 1585 nullo,
942 1538 1112 1587 largitor
1142 1539 1394 1576 voluntarius
1425 1541 1590 1588 repente

136 1614 297 1649 senatus
337 1610 467 1647 factus
499 1608 701 1646 Satricum
733 1608 931 1645 coloniam
974 1607 1052 1645 duo
1094 1607 1222 1644 millia
1264 1607 1412 1645 civium
1442 1607 1589 1645 Roma-

137 1692 282 1717 norum
315 1678 461 1715 deduci
492 1677 619 1715 iussit.
666 1676 771 1715 Bina
802 1677 942 1726 iugera
975 1680 1013 1714 et
1045 1677 1226 1715 semisses
1257 1676 1345 1726 agri
1376 1676 1589 1725 assignati3

136 1748 245 1798 quod
278 1761 400 1797 quum
432 1750 472 1784 et
511 1759 680 1797 parvum
721 1748 760 1783 et
800 1745 940 1796 paucis
983 1746 1121 1783 datum
1163 1748 1203 1783 et
1242 1746 1465 1783 mercedem
1506 1746 1631 1783 esse7

137 1816 339 1867 prodendi
355 1816 410 1853 Μ.
427 1816 574 1853 Manlii
598 1816 975 1865 interpretarentur,
1005 1813 1182 1853 remedio
1215 1814 1400 1852 irritatur
1431 1814 1589 1852 seditio.

137 1886 192 1923 Et
215 1886 295 1924 iam
318 1885 445 1934 magis
470 1884 640 1933 insignis
663 1883 851 1922 sordibus
876 1886 916 1920 et
938 1884 1040 1921 facie
1062 1897 1223 1921 reorum
1243 1884 1364 1921 turba
1379 1883 1589 1921 Manliana
1607 1883 1631 1920 8

139 1957 234 2002 erat,
266 1958 500 2004 amotusque
532 1956 624 2003 post
654 1952 902 2002 triumphum
934 1952 1188 1990 abdicatione
1221 1951 1431 1989 dictaturae
1458 1954 1590 1989 terror

139 2027 179 2061 et
223 2023 404 2072 linguam
450 2025 490 2059 et
534 2022 687 2060 animos
733 2021 978 2058 liberaverat
1023 2020 1241 2059 hominum.
1301 2021 1590 2058 Audiebantur

138 2092 275 2142 itaque
298 2091 509 2141 propalam
531 2103 649 2128 voces
673 2090 1002 2140 exprobrantium
1024 2089 1290 2137 multitudini,
1321 2089 1430 2139 quod
1458 2089 1591 2126 defen-

139 2174 247 2199 sores
278 2174 369 2198 suos
401 2173 556 2210 semper
588 2159 630 2196 in
660 2158 910 2209 praecipitem
948 2158 1078 2196 locum
1109 2159 1246 2197 favore
1276 2152 1410 2205 tollat,'
1448 2157 1593 2196 deinde

139 2229 182 2267 in
212 2230 299 2279 ipso
331 2228 562 2267 discrimine
593 2228 766 2278 periculi
789 2227 999 2265 destituat:
1031 2227 1090 2265 sic
1115 2225 1183 2278 Sp.
1201 2227 1383 2265 Cassium
1406 2227 1448 2264 in
1473 2240 1591 2276 agros
1608 2227 1631 2262 2

139 2297 298 2347 plebem
328 2301 550 2344 vocantem,
581 2297 638 2335 sic
670 2295 738 2346 Sp.
761 2296 942 2333 Maelium
974 2296 1023 2333 ab
1056 2309 1125 2333 ore
1156 2296 1304 2333 civium
1335 2297 1477 2333 famem
1509 2294 1592 2332 suis

140 2365 330 2416 impensis
362 2366 666 2416 propulsantem
696 2378 926 2415 oppressos;
957 2364 1014 2402 510
1037 2364 1092 2401 M.
1108 2364 1321 2412 Manlium,
1352 2376 1520 2401 mersam
1553 2366 1593 2400 et

143 2433 328 2472 obrutam
359 2435 495 2473 fenore
527 2438 682 2485 partem
709 2433 887 2472 civitatis
919 2433 961 2471 in
993 2433 1220 2472 libertatem
1238 2448 1283 2471 ac
1314 2434 1443 2470 lucem
1461 2434 1590 2469 extra—

142 2502 312 2551 hentem,
343 2504 549 2554 proditum
580 2503 764 2541 inimicis.
811 2500 1008 2552 Saginare
1037 2502 1196 2552 plebem
1219 2501 1466 2552 [populares]
1488 2513 1592 2548 suos,
1610 2501 1633 2538 3

144 2573 190 2607 ut
211 2571 453 2621 iugulentur.
498 2572 657 2610 Hocine
674 2571 909 2621 patiendum
933 2571 1065 2618 fuisse,
1096 2571 1131 2609 si
1147 2571 1199 2608 ad
1223 2574 1364 2608 nutum
1382 2569 1593 2607 dictatoris

145 2651 224 2676 non
263 2641 517 2690 responderit
556 2641 619 2679 vir
651 2640 901 2678 consularis?
962 2640 1195 2689 Fingerent,
1236 2639 1448 2677 mentitum
1489 2641 1592 2685 ante,

213 2717 316 2744 Livius
337 2726 375 2745 ex
393 2727 452 2746 rec.
472 2720 627 2752 Madvigii.
655 2720 696 2745 11.
1318 2717 1340 2741 9

1319 2738 1338 2749 ,Δ

1667 2016 1720 2064 17
