1821 2928
305 129 387 167 308
757 124 874 160 Liber
897 125 944 160 V.
993 128 1054 170 (A.
1079 138 1113 161 u.
1139 138 1169 164 c.
1194 129 1288 171 364.)

304 253 386 290 tela
417 251 627 301 degressus
658 265 705 289 ex
737 265 828 290 arce
859 253 1049 291 sollemne
1079 252 1216 291 Fabiae
1248 254 1378 303 gentis
1408 255 1450 292 in
1476 256 1575 293 colle
1602 255 1740 304 Quiri-

266 326 292 361 4
309 324 391 362 nali
422 322 549 360 obiit?
595 322 662 360 An
695 324 901 372 gentilicia
931 337 1042 362 sacra
1072 338 1121 362 ne
1146 325 1188 362 in
1212 325 1319 363 bello
1337 325 1496 375 quidem
1514 327 1740 376 intermitti,

306 395 468 445 publica
504 407 616 431 sacra
657 398 696 432 et
726 395 926 433 Romanos
959 396 1054 433 deos
1086 397 1204 434 etiam
1237 397 1277 434 in
1308 411 1405 446 pace
1437 397 1565 436 deseri
1594 399 1738 449 placet,

306 470 345 503 et
374 465 580 515 pontifices
611 466 870 516 flaminesque
898 467 1210 516 negligentiores
1227 469 1480 518 publicarum
1496 470 1738 519 religionum

266 537 289 575 5
309 551 402 584 esse,
433 551 551 587 quam
575 537 756 586 privatus
785 538 824 575 in
841 539 1025 576 sollemni
1044 540 1171 588 gentis
1187 539 1339 577 fuerit?
1384 541 1574 579 Forsitan
1591 542 1739 592 aliquis

304 609 422 655 dicat,
455 612 522 646 aut
540 609 652 646 Veiis
685 623 729 647 ea
760 623 830 647 nos
861 611 1037 648 facturos
1069 614 1137 648 aut
1165 610 1241 648 huc
1273 611 1365 648 inde
1397 612 1586 650 missuros
1612 626 1739 651 sacer-

306 681 418 718 dotes
450 684 618 725 nostros.
647 671 721 730 ‘qui
752 682 916 727 faciant3
951 695 1118 731 quorum
1149 685 1333 720 neutrum
1365 683 1451 721 fieri
1482 684 1603 722 salvis
1629 685 1740 722 oaeri-

264 753 287 789 6
306 752 449 789 moniis
473 755 613 801 potest.
661 752 714 790 Et
737 767 785 790 ne
810 754 940 791 omnia
965 753 1188 802 generatim
1212 767 1323 792 sacra
1346 768 1559 805 omnesque
1576 769 1739 805 percen-

304 837 408 861 seam
441 823 546 868 deos,
579 824 618 860 in
636 824 744 862 Iovis
778 826 894 875 epulo
926 839 1019 862 num
1051 825 1150 862 alibi
1173 839 1289 875 quam
1316 827 1356 863 in
1375 825 1582 877 Capitolio
1607 827 1737 877 pulvi-

266 896 287 931 7
308 908 380 932 nar
396 895 547 944 suscipi
564 895 724 944 potest?
742 896 848 943 Quid
866 897 914 934 de
928 896 1085 934 aeternis
1097 895 1230 934 Vestae
1241 897 1402 945 ignibus
1415 898 1619 949 signoque,
1631 899 1739 949 quod

305 967 463 1016 imperii
480 967 625 1016 pignus
643 968 823 1005 custodia
842 969 925 1005 eius
942 968 1083 1018 templi
1099 971 1270 1015 tenetur,
1298 969 1439 1019 loquar
1451 969 1470 1006 ‘?
1496 969 1593 1019 quid
1610 970 1657 1007 de
1674 983 1743 1008 an-

305 1037 454 1074 cilibus
470 1038 628 1085 vestrm,
644 1039 753 1076 Mars
773 1038 950 1077 Gradive
967 1045 1103 1090 tuque,
1126 1040 1297 1087 Quirine
1313 1040 1457 1090 pater?
1494 1041 1594 1079 Haec
1611 1041 1744 1079 omnia

305 1109 345 1146 in
377 1109 544 1158 profano
577 1109 706 1148 deseri
736 1111 869 1161 placet
893 1125 1014 1157 sacra,
1046 1111 1216 1161 aequalia
1241 1111 1344 1158 urbi,
1377 1112 1556 1162 quaedam
1572 1113 1743 1151 vetusti-

265 1182 289 1219 8
306 1193 376 1218 ora
400 1181 555 1230 origine
570 1181 710 1219 urbis?
756 1182 809 1220 Et
824 1183 967 1230 videte,
999 1183 1097 1232 quid
1115 1183 1218 1220 inter
1235 1197 1306 1221 nos
1324 1197 1369 1221 ac
1387 1183 1558 1222 maiores
1574 1184 1742 1223 intersit.

307 1252 378 1289 Illi
410 1266 522 1290 sacra
552 1252 733 1302 quaedam
766 1255 806 1291 in
838 1259 969 1292 monte
987 1255 1148 1292 Albano
1165 1254 1404 1305 Laviniique
1428 1255 1543 1293 nobis
1560 1255 1744 1294 facienda

304 1324 569 1361 tradiderunt.
617 1325 683 1362 An
717 1339 763 1362 ex
794 1326 970 1364 hostium
996 1326 1165 1364 urbibus
1182 1326 1350 1364 Romam
1378 1326 1428 1363 ad
1444 1340 1515 1364 nos
1531 1327 1743 1365 transferri

306 1409 418 1434 sacra
442 1396 677 1445 religiosum
703 1397 791 1443 fuit,
816 1397 909 1434 hinc
935 1398 1019 1435 sine
1037 1398 1196 1448 piaculo
1214 1397 1254 1435 in
1271 1397 1446 1435 host-ium
1462 1398 1601 1435 urbem
1617 1397 1742 1436 Veios

266 1471 289 1507 9
307 1467 617 1505 transferemus?
659 1468 951 1515 Recordamini‚
975 1470 1081 1518 agite
1100 1469 1204 1516 dum,
1223 1469 1378 1519 quoties
1394 1483 1507 1507 sacra
1522 1470 1744 1507 instauren-

306 1543 383 1585 tur,
406 1539 499 1588 quia
524 1540 677 1589 aliquid
696 1553 743 1577 ex
761 1542 892 1590 patrio
909 1541 991 1578 ritu
1008 1541 1257 1590 negligentia
1274 1554 1416 1579 casuve
1432 1541 1743 1591 praetermissum

306 1614 376 1648 est.
421 1609 544 1648 Modo
572 1624 659 1660 quae
680 1625 743 1649 res
760 1618 850 1661 post
866 1612 1094 1662 prodigium
1112 1612 1266 1649 Albani
1283 1613 1391 1650 lacus
1408 1612 1487 1649 nisi
1503 1612 1742 1651 instauratio

307 1695 506 1719 sacrorum
549 1683 894 1732 auspiciorumque
933 1684 1138 1720 renovatio
1171 1683 1319 1720 affectae
1351 1683 1516 1721 Veienti
1545 1683 1652 1721 bello
1683 1684 1744 1721 rei

240 1755 290 1793 lO
309 1753 481 1803 publioae
504 1753 681 1791 remedio
697 1753 800 1791 fuit?
847 1755 905 1792 At
931 1755 1059 1801 etiam,
1089 1758 1280 1804 tanquam
1304 1758 1482 1792 veterum
1499 1754 1741 1805 religionum

306 1838 511 1871 memores,
544 1828 582 1862 et
612 1825 847 1875 peregrinos
880 1826 973 1864 deos
1004 1826 1280 1863 transtulimus
1297 1825 1466 1863 Romam
1498 1830 1539 1863 et
1563 1826 1740 1864 institui-

306 1911 392 1934 mus
422 1910 555 1934 novos.
617 1897 720 1934 Iuno
752 1898 893 1946 regina
922 1900 1149 1935 transvecta
1181 1910 1202 1933 a
1233 1896 1345 1934 Veiis
1377 1910 1502 1947 nuper
1533 1897 1575 1934 in
1605 1897 1742 1936 Aven-

306 1969 390 2006 tino
423 1981 540 2018 quam
573 1968 721 2017 insigni
745 1970 794 2006 ob
821 1970 1016 2006 excellens
1035 1973 1303 2007 matronarum
1319 1968 1496 2005 studium
1512 1969 1741 2018 celebrique

243 2042 289 2078 ll
310 2039 491 2077 dedicata
536 2043 595 2076 est
641 2040 722 2077 die!
784 2040 866 2077 Aio
898 2040 1066 2078 Locutio
1111 2039 1305 2089 templum
1343 2042 1507 2088 propter
1546 2040 1742 2077 caelestem

308 2125 440 2149 vocem
473 2111 698 2148 exauditam
730 2112 771 2148 in
788 2111 901 2149 Nova
931 2112 998 2149 via
1015 2111 1200 2148 iussimus
1217 2110 1326 2156 fieri3
1361 2109 1609 2160 Capitolinos
1626 2110 1742 2148 ludos

307 2182 564 2221 sollemnibus
595 2183 684 2220 aliis
716 2183 957 2229 addidimus,
989 2182 1283 2231 collegiumque
1315 2181 1365 2218 ad
1398 2181 1441 2218 id
1470 2194 1618 2220 novum
1648 2194 1742 2221 auc—

242 2255 290 2292 12
308 2257 395 2291 tore
440 2257 580 2291 senatu
626 2254 894 2301 condidimus3
941 2253 1036 2303 quid
1073 2254 1214 2291 horum
1255 2266 1352 2303 opus
1391 2253 1468 2290 fuit
1505 2252 1664 2303 suscipi,
1709 2253 1744 2290 si

308 2339 387 2363 una
432 2339 519 2362 cum
561 2323 691 2362 Gallis
736 2325 874 2363 urbem
906 2325 1125 2363 Romanam
1165 2324 1347 2361 relicturi
1384 2324 1543 2371 fuimus,
1587 2324 1622 2361 si
1661 2337 1740 2362 non

310 2397 514 2434 voluntate
543 2397 760 2433 mansimus
793 2397 832 2433 in
850 2396 1053 2446 Capitolio
1076 2409 1148 2445 per
1163 2398 1224 2433 tot
1238 2409 1392 2433 menses
1409 2395 1640 2441 obsidionis,
1671 2394 1741 2432 sed

245 2469 294 2506 13
313 2468 361 2505 ab
393 2467 575 2506 hostibus
606 2471 712 2505 metu
744 2469 889 2505 retenti
919 2467 1084 2505 sumus?
1139 2467 1203 2505 De
1234 2467 1358 2504 sacris
1388 2466 1591 2516 loquimur
1622 2468 1662 2502 et
1692 2465 1742 2502 de

309 2539 487 2589 templis3
518 2539 616 2589 quid
646 2538 805 2575 tandem
837 2538 884 2574 de
915 2538 1186 2576 sacerdotibus
1218 2550 1348 2575 nonne
1372 2537 1413 2574 in
1437 2539 1604 2574 mentem
1620 2536 1741 2580 venit,

310 2614 501 2660 quantum
519 2610 671 2660 piaculi
689 2608 988 2647 committatur?
1035 2608 1267 2646 Vestalibus
1289 2620 1431 2657 nempe
1447 2620 1527 2644 una
1543 2606 1615 2643 illa
1630 2605 1744 2644 sedes

311 2685 382 2727 est,
416 2695 463 2718 ex
495 2694 573 2730 qua
605 2694 670 2718 eas
696 2665 804 2718 'nihil
834 2693 1007 2728 unquam
1039 2683 1304 2728 praeterquam
1334 2678 1428 2716 urbs
1455 2680 1572 2727 capta
1596 2677 1740 2723 movit;
