1821 2928
282 137 335 174 94
671 134 784 169 Liber
809 134 862 169 ΙΙ.
911 136 971 179 (A.
996 147 1034 170 u.
1059 146 1088 170 ο.
1114 136 1323 180 261—263.)

214 260 264 298 10
396 261 545 299 Eodem
578 275 681 299 anno
715 262 902 313 Agrippa
933 262 1142 301 Menenius
1174 263 1354 313 moritur,
1388 264 1451 300 vir
1488 263 1597 301 omni
1627 264 1711 302 vita

282 333 434 383 pariter
465 333 649 383 patribus
682 347 726 371 ac
758 334 868 383 plebi
901 347 1025 381 carus,
1057 339 1146 384 post
1171 335 1430 372 secessionem
1457 335 1585 373 carior
1599 335 1712 385 plebi

214 407 261 445 11
283 405 420 442 factus.
481 405 587 442 Huic
621 405 829 456 interpreti
862 406 1094 455 arbitroque
1128 406 1352 444 concordiae
1385 406 1542 455 civium,
1575 406 1710 455 legato

281 481 438 526 patrum
473 477 521 514 ad
553 478 723 527 plebem,
749 477 949 516 reductori
979 478 1107 527 plebis
1132 477 1322 515 Romanae
1349 478 1389 514 in
1413 477 1552 515 urbem
1578 491 1712 528 sump-

281 552 344 586 tus
390 549 520 586 funeri
569 549 716 595 defuit,
758 550 905 587 extulit
937 563 1025 586 eum
1057 549 1171 599 plebs
1203 549 1451 587 sextantibus
1483 549 1639 588 collatis
1670 550 1712 587 in

282 621 426 670 capita.

145 684 202 732 34
402 691 592 730 Consules
638 693 782 730 deinde
829 692 873 729 T.
922 691 1138 741 Geganius,
1171 693 1217 732 P.
1251 692 1455 731 Minucius
1486 693 1592 730 facti.
1651 692 1711 730 Eo

91 757 127 783 A.
141 766 168 784 u.
187 766 212 785 c.
224 761 282 787 262.

95 798 132 823 A·
153 799 203 827 Ch.
223 802 282 826 492.

239 838 262 874 2
282 835 494 885 discordia,
520 836 630 873 aliud
655 836 776 873 multo
802 837 963 885 gravius
993 837 1137 874 malum
1163 837 1367 875 civitatem
1385 837 1547 885 invasit,
1567 836 1712 873 caritas

286 778 387 802 anno
420 777 540 814 quum
568 768 605 801 et
629 765 724 802 foris
753 764 889 814 quieta
917 765 1046 802 omnia
1071 779 1092 802 a
1116 765 1222 802 bello
1249 769 1377 803 essent
1394 768 1434 802 et
1451 764 1558 802 domi
1574 769 1712 802 sanata

281 909 453 958 primum
485 921 649 945 annonae
679 921 726 944 ex
754 908 917 946 incultis
935 922 1006 958 per
1023 909 1283 946 secessionem
1301 908 1435 958 plebis
1452 909 1573 957 agris,
1590 909 1713 945 fames

241 981 264 1018 3
283 980 438 1027 deinde,
456 980 586 1029 qualis
605 991 688 1018 esse
707 980 852 1017 clausis
870 981 980 1018 solet.
1016 980 1269 1030 Ventumque
1294 981 1344 1018 ad
1369 980 1576 1018 interitum
1593 980 1712 1017 servi-

278 1053 425 1090 tiorum
453 1052 594 1101 utique
620 1057 657 1089 et
683 1052 810 1102 plebis
837 1058 949 1098 esset,
980 1053 1020 1089 ni
1038 1053 1219 1090 consules
1237 1052 1517 1102 providissent,
1536 1051 1713 1089 dimissis

278 1125 428 1174 passim
476 1124 526 1160 ad
571 1125 811 1162 frumentum
859 1125 1128 1173 coemendum,
1176 1138 1254 1162 non
1286 1125 1327 1162 in
1357 1124 1561 1162 Etruriam
1591 1123 1709 1160 modo

280 1196 431 1234 dextris
464 1195 513 1233 ab
547 1194 661 1233 Ostia
694 1196 893 1242 litoribus,
936 1196 1114 1246 laevoque
1159 1210 1229 1246 per
1260 1196 1428 1235 Volscos
1458 1195 1559 1234 mari
1587 1207 1714 1244 usque

279 1268 328 1306 ad
361 1267 518 1317 Cumas,
550 1267 619 1304 sed
655 1265 896 1319 [quaesitum]
924 1268 963 1305 in
991 1267 1172 1306 Siciliam
1201 1282 1376 1319 quoque3
1404 1269 1502 1306 adeo
1525 1267 1712 1304 finitimo-

238 1345 262 1381 4
281 1353 368 1377 rum
401 1339 491 1377 odia
522 1339 752 1388 longinquis
784 1344 994 1388 coegerant
1027 1340 1208 1390 indigere
1233 1340 1405 1379 auxiliis.
1453 1339 1715 1377 Frumentum

283 1411 417 1449 Cumis
451 1425 570 1462 quum
604 1415 827 1461 coemptum
860 1416 972 1458 esset,
1005 1425 1123 1449 naves
1155 1425 1227 1462 pro
1259 1412 1373 1449 bonis
1400 1411 1712 1461 Tarquiniorum

281 1484 330 1521 ab
359 1484 616 1521 Aristodemo
642 1488 828 1532 tyranno,
851 1484 919 1533 qui
945 1483 1058 1521 heres
1098 1488 1193 1531 erat,
1216 1488 1380 1521 retentae
1413 1487 1521 1530 sunt3
1548 1483 1588 1520 in
1613 1481 1711 1520 Vol-

281 1557 355 1593 scis
389 1556 684 1605 Pomptinoque
709 1569 758 1593 ne
783 1556 858 1593 emi
884 1555 1044 1605 quidem
1073 1557 1222 1606 potuit,
1247 1556 1469 1606 periculum
1486 1567 1644 1605 quoque
1661 1554 1710 1592 ab

239 1629 262 1666 5
283 1629 433 1678 impetu
450 1627 653 1664 hominum
673 1627 771 1676 ipsis
798 1627 1156 1665 frumentatoribus
1181 1629 1274 1674 fuit3
1307 1642 1353 1665 ex
1377 1627 1518 1665 Tuscis
1542 1628 1713 1664 frumen-

280 1704 364 1737 tum
394 1699 532 1737 Tiberi
558 1699 686 1745 venit3
717 1712 761 1736 eo
785 1702 1005 1736 sustentata
1047 1704 1106 1736 est
1133 1700 1256 1749 plebs.
1317 1697 1574 1737 Incommodo
1604 1697 1711 1735 bello

280 1773 321 1810 in
353 1776 434 1809 tam
466 1771 563 1809 artis
595 1770 880 1809 commeatibus
910 1771 1041 1808 vexati
1073 1772 1213 1820 forent,
1247 1771 1288 1808 ni
1319 1770 1490 1808 Volscos
1522 1770 1600 1807 iam
1631 1782 1713 1807 mo-

240 1846 262 1882 6
281 1848 416 1882 ventes
449 1856 557 1881 arma
583 1842 812 1892 pestilentia
835 1843 976 1892 ingens
1004 1843 1224 1882 invasisset.
1268 1843 1327 1881 Ea
1353 1843 1466 1881 clade
1483 1840 1709 1879 conterritis

280 1916 455 1954 hostium
486 1915 641 1963 animis,
687 1918 731 1952 ut
777 1914 908 1960 etiam,
954 1915 1024 1952 ubi
1069 1929 1114 1952 ea
1141 1915 1366 1961 remisisset,
1395 1919 1548 1952 terrore
1577 1913 1713 1962 aliquo

281 1990 524 2034 tenerentur,
556 1990 595 2024 et
627 1986 796 2024 Velitris
822 1999 964 2024 auxere
992 2000 1197 2024 numerum
1222 1987 1452 2025 colonorum
1469 1984 1652 2032 Romani,
1670 1987 1709 2022 et

282 2059 459 2098 Norbam
492 2059 533 2096 in
566 2062 717 2096 montes
747 2071 889 2096 novam
937 2058 1142 2108 coloniam,
1184 2071 1273 2109 quae
1311 2072 1383 2096 arx
1423 2058 1464 2095 in
1495 2056 1710 2107 Pomptino

284 2135 398 2178 esset,
430 2132 632 2168 miserunt.

245 2208 266 2242 7
398 2202 455 2241 M.
487 2203 667 2240 Minucio
699 2202 842 2240 deinde
875 2206 913 2240 et
943 2202 995 2242 A.
1029 2200 1263 2252 Sempronio
1302 2199 1531 2239 consulibus
1569 2211 1714 2248 magna

125 2270 269 2338 u'cssigis
289 2275 348 2312 vis
381 2274 571 2311 frumenti
603 2288 650 2312 ex
682 2273 822 2312 Sicilia
853 2273 1029 2323 advecta,
1058 2272 1331 2322 agitatumque
1347 2273 1387 2309 in
1407 2274 1557 2317 senatu,
1573 2269 1714 2320 quanti

244 2345 269 2381 8
287 2346 399 2396 plebi
418 2345 590 2383 daretur.
630 2346 752 2384 Multi
775 2347 929 2384 venisse
954 2348 1110 2395 tempus
1126 2344 1352 2395 premendae
1369 2343 1499 2394 plebis
1514 2342 1712 2393 putabant.

285 2417 628 2467 recuperandique
666 2418 764 2464 iura,
805 2430 892 2467 quae
932 2420 1089 2455 extorta
1128 2417 1346 2454 secessione
1385 2429 1432 2454 ac
1460 2415 1501 2453 vi
1529 2413 1711 2465 patribus

287 2494 428 2528 essent.
475 2489 525 2526 In
555 2489 694 2539 primis
727 2489 903 2526 Marcius
929 2488 1176 2535 Coriolanus,
1198 2488 1322 2526 hostis
1352 2486 1579 2525 tribuniciae
1603 2488 1718 2535 pote-

242 2563 408 2608 9statis,
443 2559 514 2611 „Si
544 2560 765 2598 annonam“
800 2560 930 2610 inquit
963 2564 1164 2609 „veterem
1201 2559 1355 2608 volunt,
1396 2558 1457 2596 ius
1495 2556 1712 2607 pristinum

285 2633 454 2671 reddant
483 2632 677 2683 patribus.
725 2630 806 2669 Cur
837 2644 909 2680 ego
940 2630 1119 2681 plebeios
1136 2630 1406 2679 magistratus,
1430 2641 1500 2666 cur
1516 2626 1712 2665 Sicinium

287 2708 491 2754 potentem
535 2705 665 2762 video,
707 2703 779 2740 sub
821 2703 961 2752 iugum
1002 2703 1154 2749 missus,
1185 2704 1376 2751 tanquam
1407 2700 1457 2738 ab
1488 2697 1714 2738 latronibus
