1821 2928
453 73 567 107 Liber
591 71 660 107 IV.
709 74 769 116 (A.
797 72 861 107 Ch.
885 73 1095 117 443-441.)
1407 76 1489 114 207

167 200 376 251 AEquavit,
409 200 517 251 quod
542 200 650 238 haud
672 199 790 237 facile
815 204 892 248 est,
926 198 1140 246 Quinctius
1165 200 1302 238 consul
1324 204 1486 250 togatus
1503 202 1528 238 8

52 272 197 310 armati
227 272 398 321 gloriam
429 272 611 322 collegae,
656 271 752 321 quia
783 271 1007 309 conoordiae
1038 272 1228 322 pacisque
1259 272 1488 311 domesticae

53 357 187 382 curam
216 344 307 382 iura
337 343 485 381 infimis
516 343 760 393 summisque
791 342 1036 381 moderando
1070 343 1125 381 ita
1155 344 1295 391 tenuit,
1325 347 1370 382 ut
1400 357 1486 382 eum

52 419 92 453 et
121 419 256 466 patres
286 429 467 454 severum
499 415 699 454 consulem
732 418 772 452 et
801 414 915 465 plebs
939 415 1036 452 satis
1061 428 1210 453 comem
1229 415 1486 454 crediderint.

50 487 105 526 Et
135 487 326 526 adversus
355 488 541 526 tribunos
572 487 812 525 auctoritate
835 487 953 537 plura
968 499 1087 536 quam
1104 488 1323 526 certamine
1339 488 1486 536 tenuit;
1504 490 1527 526 9

51 560 229 610 quinque
260 560 488 598 consulatus
519 559 659 597 eodem
690 562 828 597 tenore
854 559 958 608 gesti
982 559 1146 609 vitaque
1163 560 1292 598 omnis
1309 560 1488 599 consula-

49 631 150 670 riter
180 635 269 669 acta
298 631 517 669 verendum
547 644 660 682 paene
693 631 824 681 ipsum
854 631 983 680 magis
1014 644 1132 681 quam
1154 631 1346 670 honorem
1370 633 1486 671 facie-

50 703 158 743 bant.
205 703 265 741 Eo
295 703 550 741 tribunorum
581 703 818 741 militarium
849 703 960 741 nulla
991 703 1139 742 mentio
1170 703 1233 742 bis
1257 705 1486 742 consulibus

48 776 146 823 fuit3
179 775 361 814 consules
392 779 529 814 creant
553 775 608 813 M.
627 775 799 813 Fabium
817 774 1078 821 Vibulanum,
1110 775 1343 814 Postumum
1361 776 1486 814 AEbu-
1576 758 1622 807 ῙῙ

48 848 149 886 tium
180 846 450 886 Cornicinem.
511 847 662 885 Fabius
693 850 733 885 et
762 846 955 885 AEbutius
987 847 1186 897 consules,
1235 861 1314 898 quo
1346 848 1488 887 maiori
1506 822 1694 889 {1333}

48 920 189 969 gloriae
219 932 354 958 rerum
386 919 494 958 domi
525 919 704 969 forisque
735 922 937 968 gestarum
963 919 1176 957 succedere
1200 933 1241 957 se
1259 919 1529 967 cernebant,2

49 992 220 1030 maxime
267 994 399 1029 autem
445 991 744 1029 memorabilem
790 1004 937 1029 annum
983 991 1090 1041 apud
1130 991 1322 1030 finitimos
1359 992 1486 1030 socios

47 1065 263 1114 hostesque
294 1076 398 1111 esse,
439 1062 546 1113 quod
576 1062 824 1101 Ardeatibus
856 1064 899 1100 in
929 1077 971 1100 re
1002 1064 1210 1114 praecipiti
1240 1067 1354 1102 tanta
1383 1064 1485 1102 foret

49 1149 144 1174 cura
174 1136 424 1185 subventum,
456 1148 502 1173 eo
533 1135 763 1186 impensius,
795 1139 841 1173 ut
873 1135 1053 1173 delerent
1078 1149 1243 1185 prorsus
1268 1150 1316 1174 ex
1339 1135 1482 1174 animis
1502 1137 1525 1174 3

46 1208 251 1246 hominum
288 1207 494 1245 infamiam
531 1207 690 1254 iudicii,
729 1211 889 1245 senatus
926 1208 1152 1245 consultum
1191 1208 1391 1257 fecerunt,
1430 1211 1484 1253 ut,

47 1280 236 1330 quoniam
268 1279 412 1318 civitas
430 1279 670 1318 Ardeatium
687 1279 879 1317 intestino
896 1279 1072 1316 tumultu
1088 1279 1251 1317 redacta
1269 1279 1319 1317 ad
1336 1292 1483 1330 paucos

47 1355 163 1401 esset,
196 1351 327 1389 coloni
360 1364 405 1388 eo
437 1351 616 1400 praesidii
641 1364 760 1389 causa
786 1350 975 1389 adversus
1001 1350 1170 1389 Volscos
1198 1351 1482 1389 scriberentur.

48 1424 137 1462 Hoc
167 1423 300 1474 palam
331 1423 500 1460 relatum
530 1423 571 1460 in
594 1422 764 1470 tabulas,
795 1426 839 1461 ut
863 1423 1019 1473 plebem
1042 1423 1307 1473 tribunosque
1324 1423 1524 1461 falleret4

48 1495 189 1534 iudicii
219 1494 476 1532 rescindendi
508 1495 719 1533 consilium
750 1495 911 1541 initum3
944 1498 1226 1534 consenserant
1253 1498 1398 1542 autem,
1427 1497 1484 1541 ut,

48 1567 172 1606 multo
204 1566 356 1604 maiore
386 1570 500 1617 parte
530 1566 775 1605 Rutulorum
806 1567 1038 1606 colonorum
1071 1581 1189 1617 quam
1211 1566 1482 1605 Romanorum

47 1640 214 1689 scripta,
261 1651 332 1676 nec
374 1652 470 1688 ager
507 1639 614 1677 ullus
644 1638 893 1677 divideretur
924 1639 1002 1676 nisi
1033 1639 1087 1687 is,
1134 1640 1203 1690 qui
1235 1640 1484 1689 interceptus

47 1711 197 1750 iudicio
229 1711 369 1749 infami
405 1715 501 1758 erat,
531 1725 602 1749 nec
633 1710 707 1748 ulli
733 1711 844 1761 prius
861 1711 1044 1749 Romano
1062 1711 1132 1759 ibi,
1163 1725 1280 1762 quam
1298 1711 1484 1749 omnibus

46 1783 210 1822 Rutulis
241 1782 394 1821 divisus
425 1786 539 1832 esset,
572 1783 691 1832 gleba
722 1783 805 1820 ulla
835 1783 925 1834 agri
956 1785 1241 1834 assignaretur.
1287 1782 1356 1821 Sic
1387 1795 1481 1832 ager
1499 1785 1522 1822 5

46 1856 97 1894 ad
114 1855 316 1894 Ardeates
346 1854 478 1892 rediit.
526 1855 749 1893 Triumviri
780 1855 830 1893 ad
861 1856 1058 1894 coloniam
1078 1855 1258 1894 Ardeam
1287 1854 1481 1892 deducen-

47 1927 138 1966 dam
154 1927 278 1966 creati
295 1926 485 1977 Agrippa
501 1927 728 1977 Menenius,
760 1927 806 1966 Τ.
826 1927 991 1965 Cloelius
1009 1926 1184 1974 Siculus,
1216 1927 1271 1965 M,
1290 1926 1483 1965 AEbutius

45 1999 161 2039 Elva.
209 1999 290 2047 Qui
319 2012 391 2049 per
418 1999 579 2038 minime
605 2000 798 2051 populare
815 2000 1092 2047 ministerium,
1125 2013 1221 2050 agro
1240 1998 1480 2048 assignando
1498 2004 1522 2040 6

45 2072 176 2122 sociis,
209 2085 327 2121 quem
357 2071 528 2122 populus
545 2071 750 2110 Romanus
777 2085 890 2110 suum
915 2072 1142 2119 iudicasset,
1175 2085 1298 2123 quum
1324 2070 1484 2121 plebem

45 2143 318 2192 offendissent,
350 2156 400 2180 ne
431 2143 674 2193 primoribus
701 2143 862 2194 quidem
888 2147 1046 2194 patrum
1064 2144 1161 2182 satis
1178 2142 1345 2194 accepti,
1376 2141 1484 2192 quod

45 2216 148 2255 nihil
178 2215 323 2266 gratiae
350 2214 584 2264 cuiusquam
613 2215 817 2264 dederant,
847 2216 1091 2264 vexationes,
1122 2217 1172 2255 ad
1190 2215 1382 2267 populum
1401 2213 1480 2252 iam
1502 2219 1523 2254 7

46 2288 111 2327 die
141 2287 249 2326 dicta
280 2287 330 2325 ab
360 2285 546 2333 tribunis,
577 2287 711 2325 coloni
743 2287 940 2338 adscripti
972 2288 1214 2326 remanendo
1246 2288 1288 2325 in
1315 2285 1482 2329 colonia,

46 2373 163 2411 quam
194 2361 337 2397 testem
369 2357 617 2408 integritatis
649 2358 894 2410 iustitiaeque
926 2360 1140 2407 habebant,
1171 2361 1360 2399 vitavere.

160 2430 247 2468 Pax
287 2429 394 2467 domi
431 2430 610 2480 forisque
648 2430 725 2469 fuit
764 2434 804 2469 et
840 2431 914 2470 hoc
945 2435 987 2470 et
1015 2432 1248 2482 insequente
1279 2444 1395 2481 anno,
1435 2427 1478 2466 C.
1566 2429 1616 2478 12

46 2502 171 2541 Furio
203 2501 344 2540 Pacilo
376 2505 415 2539 et
444 2501 501 2541 M.
527 2501 696 2552 Papirio
729 2502 873 2542 Crasso
904 2504 1148 2542 consulibus.
1195 2503 1303 2542 Ludi
1335 2504 1384 2541 ab
1416 2501 1481 2540 de·
1502 2493 1688 2561 ἓξὲξ·

47 2574 232 2613 cemviris
260 2586 333 2624 per
363 2574 623 2612 secessionem
646 2574 776 2625 plebis
800 2589 824 2614 a
846 2575 1033 2626 patribus
1058 2589 1105 2613 ex
1123 2579 1282 2613 senatus
1300 2574 1481 2613 consulto

45 2646 129 2684 voti
166 2658 211 2683 eo
250 2657 355 2684 anno
394 2645 490 2684 facti
531 2649 635 2686 sunt.
705 2645 835 2686 Causa
874 2647 1114 2686 seditionum
1155 2647 1420 2697 nequicquam
1457 2648 1522 2686 a3
