1821 2928
506 83 622 119 Liber
645 82 698 118 11.
749 85 808 128 (A.
837 84 901 119 Ch.
927 85 1136 123 499-495.)
1489 88 1539 125 81

104 215 326 264 capessant.
387 211 509 249 Dicto
548 224 738 261 paruere;
781 211 974 249 desiliunt
1005 226 1052 249 ex
1085 212 1211 262 equis,
1252 212 1466 263 provolant
1498 213 1541 250 in

102 287 274 337 primum
313 288 352 322 et
389 297 462 334 pro
503 283 777 332 antesignanis
819 296 976 333 parmas
1009 284 1219 323 obiiciunt.
1280 284 1444 335 Recipit-
1476 298 1541 322 ex·
1565 285 1611 323 11

102 357 250 408 templo
284 357 459 394 animum
490 354 691 406 pedestris
723 355 840 404 acies,
874 360 1085 406 postquam
1112 356 1332 395 iuventutis
1358 370 1542 407 proceres

102 432 259 480 aequato
285 441 429 478 genere
455 440 600 478 pugnae
624 440 757 465 secum
785 431 937 477 partem
962 429 1131 478 periculi
1157 429 1399 467 sustinentes
1423 429 1540 469 vidit.

101 501 203 540 Tum
258 501 414 539 demum
462 499 626 549 impulsi
673 499 810 537 Latini
856 501 1119 550 perculsaque
1166 501 1378 539 inclinavit
1423 501 1540 539 acies.

99 573 243 624 Equiti
277 572 428 610 admoti
454 572 558 622 equi,
588 575 633 609 ut
658 573 846 622 persequi
870 571 1024 610 hostem
1052 577 1205 623 posset;
1238 577 1372 610 secuta
1403 577 1442 610 et
1473 586 1538 624 pe·
1560 573 1610 610 12

98 645 246 684 destris
278 645 395 683 acies.
442 644 509 682 Ibi
542 644 643 681 nihil
675 658 745 682 nec
779 644 928 682 divinae
952 658 1024 682 1100
1051 644 1232 682 humanae
1257 645 1344 695 opis
1371 645 1543 683 dictator

100 717 413 769 praetermittens
460 716 581 754 aedem
616 715 772 754 Castori
818 717 972 754 vovisse
1009 717 1137 754 fertur
1179 730 1222 754 ac
1262 718 1541 767 pronuntiasse

100 789 226 828 militi
258 789 435 840 praemia,
475 789 543 838 qui
584 788 748 838 primus,
789 789 858 838 qui
889 788 1084 828 secundus
1116 792 1247 827 castra
1278 789 1452 827 hostium
1483 790 1540 827 in-

97 866 261 907 trasset;
297 866 513 911 tantusque
546 860 665 899 ardor
696 862 785 910 fuit,
817 866 862 899 ut
894 860 1031 899 eodem
1055 861 1218 912 impetu,
1250 874 1328 911 quo
1355 861 1540 900 fuderant
1562 862 1611 900 13

97 934 248 972 hostem
289 933 476 983 Romani,
519 939 649 971 castra
690 937 887 983 caperent.
949 933 1039 971 Hoc
1072 933 1189 971 modo
1221 933 1270 971 ad
1304 934 1433 971 lacum
1463 933 1541 972 Re-

97 1006 237 1056 gillum
268 1009 490 1056 pugnatum
522 1008 592 1044 est.
658 1005 843 1043 Dictator
882 1008 921 1043 et
958 1006 1150 1055 magister
1181 1006 1358 1057 equitum
1388 1006 1530 1044 trium-

95 1079 266 1130 phantes
298 1079 338 1116 in
369 1078 508 1115 urbem
540 1077 707 1116 rediere.

211 1150 402 1188 Triennio
431 1149 574 1188 deinde
602 1163 673 1187 nec
703 1153 811 1187 certa
834 1163 912 1199 pax
935 1163 1006 1188 nec
1033 1150 1184 1188 bellurn
1200 1149 1290 1190 fuit.
1340 1150 1532 1189 Consules
1613 1148 1662 1198 21

99 1221 145 1270 Q.
177 1221 347 1260 Cloelius
379 1226 419 1260 et
449 1221 494 1259 T.
526 1221 707 1268 Larcius,
747 1222 838 1260 inde
870 1222 921 1260 A.
954 1220 1213 1272 Sempronius
1244 1227 1283 1260 et
1314 1223 1368 1260 M.
1401 1212 1748 1281 Minu·ff{ss{{}{}2

99 1295 194 1333 cius.
241 1295 318 1332 His
352 1294 584 1333 consulibus
616 1294 720 1332 aedes
739 1292 912 1332 Saturno
946 1293 1141 1343 dedicata,
1175 1292 1408 1332 Saturnalia
1425 1295 1539 1334 insti·
1559 1295 1583 1332 2

1554 1358 1631 1386 A‚n.
1646 1367 1672 1387 c.
1688 1363 1747 1388 258.

1554 1398 1591 1425 A.
1612 1399 1664 1426 Ch.
1689 1404 1748 1429 496,

99 1439 206 1477 sules
238 1438 350 1476 facti.
398 1438 488 1476 Hoc
519 1437 676 1475 demum
709 1451 812 1476 anno
845 1437 894 1475 ad
919 1437 1124 1487 Regillum
1157 1438 1286 1476 lacum
1318 1444 1539 1489 pugnatum
1558 1440 1582 1478 3

97 1370 208 1405 tutus
239 1367 366 1405 festus
399 1366 495 1404 dies.
541 1366 593 1404 A.
627 1365 770 1403 deinde
802 1366 1033 1403 Postumius
1065 1369 1104 1403 et
1129 1365 1174 1404 T.
1193 1366 1411 1416 Verginius
1443 1381 1533 1406 con-

99 1511 204 1561 apud
246 1510 439 1560 quosdam
479 1510 657 1557 invenio3
701 1509 754 1550 A.
787 1509 1051 1560 Postumium,
1095 1511 1189 1561 quia
1221 1511 1374 1561 collega
1407 1512 1539 1550 dubiae

98 1581 191 1620 fidei
222 1582 357 1630 fuerit,
398 1596 439 1620 se
471 1583 681 1620 consulatu
713 1582 937 1629 abdicasse;
979 1582 1218 1621 dictatorem
1249 1583 1342 1621 inde
1376 1584 1537 1624 factum.

98 1654 219 1692 Tanti
253 1667 405 1692 errores
431 1654 641 1704 implicant
667 1657 903 1704 temporum,
936 1654 1055 1693 aliter
1080 1654 1186 1706 apud
1209 1655 1310 1693 alios
1336 1655 1535 1695 ordinatis
1553 1658 1579 1694 4

97 1726 409 1775 magistratibus,
452 1730 496 1764 ut
526 1740 597 1764 nec
628 1727 699 1777 qui
732 1727 912 1764 consules
944 1727 1160 1765 secundum
1194 1740 1305 1778 quos,
1336 1742 1408 1767 1100
1441 1729 1539 1779 quid

98 1811 255 1848 quoque
287 1811 390 1836 anno
423 1801 553 1836 actum
585 1799 648 1845 sit,
689 1799 728 1836 in
760 1802 873 1837 tanta
904 1802 1102 1837 vetustate
1133 1813 1211 1838 non
1242 1813 1375 1839 rerum
1408 1801 1539 1851 modo,

97 1870 165 1908 sed
198 1870 320 1908 etiam
351 1874 558 1908 auctorum
592 1870 777 1919 digerere
808 1870 949 1921 possis,

211 1941 320 1992 App.
340 1941 534 1981 Claudius
566 1942 708 1981 deinde
741 1946 780 1981 et
813 1943 858 1981 P.
878 1941 1075 1982 Servilius
1108 1944 1291 1982 consules
1317 1944 1424 1982 facti.
1470 1945 1537 1983 In·
1557 1945 1580 1983 5

97 2014 225 2063 signis
269 2014 335 2051 hic
381 2028 507 2052 annus
552 2019 612 2053 est
655 2016 796 2053 nuntio
843 2015 1054 2065 Tarquinii
1099 2016 1250 2054 mortis.
1347 2017 1532 2056 Mortuus
1551 2006 1746 2074 ssjssh‘f'fggj

99 2085 249 2135 Cumis,
285 2099 362 2135 quo
394 2099 434 2123 se
466 2089 559 2137 post
587 2087 735 2126 fractas
768 2101 861 2138 opes
893 2087 1130 2126 Latinorum
1163 2088 1213 2126 ad
1233 2089 1535 2128 Aristodemum

95 2160 309 2206 tyrannum
342 2158 576 2197 contulerat.
623 2159 682 2197 Eo
710 2160 851 2198 nuntio
884 2160 1005 2197 erecti
1035 2163 1182 2210 patres,
1216 2165 1348 2199 erecta
1379 2161 1534 2212 plebes;
1554 2162 1576 2197 6

97 2229 166 2268 sed
190 2229 374 2280 patribus
398 2231 516 2268 nimis
542 2231 745 2270 luxuriosa
773 2245 819 2270 ea
844 2232 924 2270 fuit
948 2232 1111 2280 laetitia3
1144 2233 1264 2283 plebi,
1293 2234 1357 2271 cui
1383 2233 1433 2271 ad
1452 2247 1536 2272 eam

95 2301 201 2340 diem
233 2315 384 2340 summa
414 2316 488 2353 ope
520 2303 753 2342 inservitum
785 2306 880 2351 erat,
922 2304 1080 2342 iniuriae
1119 2318 1142 2343 a
1172 2305 1417 2355 primoribus
1449 2306 1535 2343 fieri

96 2385 263 2424 coepere.
325 2373 476 2412 Eodem
516 2387 619 2413 anno
651 2373 790 2424 Signia
822 2376 991 2422 colonia,
1034 2389 1152 2427 quam
1183 2390 1253 2414 rex
1286 2377 1533 2428 Tarquinius
1554 2376 1575 2411 7

98 2444 331 2493 deduxerat,
373 2446 558 2496 suppleto
597 2460 762 2486 numero
803 2448 1034 2486 colonorum
1074 2448 1218 2486 iterum
1259 2448 1431 2486 deducta
1462 2451 1534 2487 est.

95 2516 234 2556 Romae
265 2518 396 2556 tribus
427 2531 506 2556 una
537 2523 576 2557 et
605 2519 750 2569 viginti
781 2521 906 2558 factae.
970 2520 1093 2558 AEdes
1125 2519 1319 2558 Mercurii
1352 2519 1537 2558 dedicata

97 2591 156 2626 est
184 2589 315 2628 idibus
347 2589 481 2628 Maiis.

166 2671 274 2698 Livius
293 2679 329 2698 ex
348 2678 404 2698 rec.
425 2672 584 2705 Madvig-ii.
621 2674 644 2700 1.
1308 2672 1329 2704 6
