<?xml version="1.0" encoding="UTF-8"?>
<!DOCTYPE html PUBLIC "-//W3C//DTD XHTML 1.0 Transitional//EN"
    "http://www.w3.org/TR/xhtml1/DTD/xhtml1-transitional.dtd">
<html xmlns="http://www.w3.org/1999/xhtml" xml:lang="en" lang="en">
 <head>
  <title>
</title>
<meta http-equiv="Content-Type" content="text/html;charset=utf-8" />
  <meta name='ocr-system' content='tesseract 3.04.00' />
  <meta name='ocr-capabilities' content='ocr_page ocr_carea ocr_par ocr_line ocrx_word'/>
</head>
<body>
  <div class='ocr_page' id='page_1' title='image "./historiarumroman01livyuoft_0277.png"; bbox 0 0 1821 2928; ppageno 0'>
   <div class='ocr_carea' id='block_1_1' title="bbox 508 95 1549 142">
    <p class='ocr_par' dir='ltr' id='par_1_1' title="bbox 508 95 1549 142">
     <span class='ocr_line' id='line_1_1' title="bbox 508 95 1549 142; baseline 0.011 -12"><span class='ocrx_word' id='word_1_1' title='bbox 508 95 621 131; x_wconf 89' lang='lat' dir='ltr'>Liber</span> <span class='ocrx_word' id='word_1_2' title='bbox 644 96 713 130; x_wconf 91' lang='lat' dir='ltr'>IV.</span> <span class='ocrx_word' id='word_1_3' title='bbox 763 97 826 139; x_wconf 83' lang='lat' dir='ltr'>(A.</span> <span class='ocrx_word' id='word_1_4' title='bbox 853 97 917 131; x_wconf 92' lang='lat' dir='ltr'>Ch.</span> <span class='ocrx_word' id='word_1_5' title='bbox 944 99 1155 142; x_wconf 82' lang='lat'>408—406.)</span> <span class='ocrx_word' id='word_1_6' title='bbox 1471 103 1549 141; x_wconf 81' lang='lat'>251</span> 
     </span>
    </p>
   </div>
   <div class='ocr_carea' id='block_1_2' title="bbox 112 223 1772 2725">
    <p class='ocr_par' dir='ltr' id='par_1_2' title="bbox 114 223 1553 276">
     <span class='ocr_line' id='line_1_2' title="bbox 114 223 1553 276; baseline 0.002 -14"><span class='ocrx_word' id='word_1_7' title='bbox 114 223 296 262; x_wconf 86' lang='lat' dir='ltr'>nissimos</span> <span class='ocrx_word' id='word_1_8' title='bbox 328 237 375 262; x_wconf 85' lang='lat' dir='ltr'>ex</span> <span class='ocrx_word' id='word_1_9' title='bbox 407 223 576 274; x_wconf 90' lang='lat' dir='ltr'>plebeiis</span> <span class='ocrx_word' id='word_1_10' title='bbox 609 223 842 263; x_wconf 86' lang='lat' dir='ltr'>candidatos</span> <span class='ocrx_word' id='word_1_11' title='bbox 868 226 1056 272; x_wconf 89' lang='lat' dir='ltr'>omnium,</span> <span class='ocrx_word' id='word_1_12' title='bbox 1089 226 1207 264; x_wconf 88' lang='lat' dir='ltr'>etiam</span> <span class='ocrx_word' id='word_1_13' title='bbox 1232 226 1455 276; x_wconf 86' lang='lat' dir='ltr'>dignorum,</span> <span class='ocrx_word' id='word_1_14' title='bbox 1487 231 1553 265; x_wconf 80' lang='lat' dir='ltr'>tae-</span> 
     </span>
    </p>

    <p class='ocr_par' dir='ltr' id='par_1_3' title="bbox 113 295 1554 350">
     <span class='ocr_line' id='line_1_3' title="bbox 113 295 1554 350; baseline 0.003 -17"><span class='ocrx_word' id='word_1_15' title='bbox 113 295 223 334; x_wconf 90' lang='lat' dir='ltr'>dium</span> <span class='ocrx_word' id='word_1_16' title='bbox 254 296 443 342; x_wconf 77' lang='lat' dir='ltr'><strong>fecerant,</strong></span> <span class='ocrx_word' id='word_1_17' title='bbox 476 296 533 333; x_wconf 86' lang='lat' dir='ltr'>sic</span> <span class='ocrx_word' id='word_1_18' title='bbox 548 298 645 342; x_wconf 87' lang='lat' dir='ltr'>tum,</span> <span class='ocrx_word' id='word_1_19' title='bbox 676 296 920 347; x_wconf 89' lang='lat' dir='ltr'>primoribus</span> <span class='ocrx_word' id='word_1_20' title='bbox 937 303 1096 347; x_wconf 86' lang='lat' dir='ltr'>patrum</span> <span class='ocrx_word' id='word_1_21' title='bbox 1114 298 1327 348; x_wconf 83' lang='lat' dir='ltr'>splendore</span> <span class='ocrx_word' id='word_1_22' title='bbox 1344 300 1554 350; x_wconf 76' lang='lat' dir='ltr'>gratiaque</span> 
     </span>
    </p>

    <p class='ocr_par' dir='ltr' id='par_1_4' title="bbox 112 367 1553 423">
     <span class='ocr_line' id='line_1_4' title="bbox 112 367 1553 423; baseline 0.003 -17"><span class='ocrx_word' id='word_1_23' title='bbox 112 367 163 406; x_wconf 83' lang='lat' dir='ltr'>ad</span> <span class='ocrx_word' id='word_1_24' title='bbox 194 368 410 423; x_wconf 87' lang='lat' dir='ltr'>petendum</span> <span class='ocrx_word' id='word_1_25' title='bbox 441 368 694 418; x_wconf 77' lang='lat' dir='ltr'>praeparatis,</span> <span class='ocrx_word' id='word_1_26' title='bbox 726 369 857 406; x_wconf 87' lang='lat' dir='ltr'>omnia</span> <span class='ocrx_word' id='word_1_27' title='bbox 874 369 964 407; x_wconf 86' lang='lat' dir='ltr'>loca</span> <span class='ocrx_word' id='word_1_28' title='bbox 981 369 1202 417; x_wconf 80' lang='lat' dir='ltr'>obtinuere,</span> <span class='ocrx_word' id='word_1_29' title='bbox 1233 384 1282 408; x_wconf 87' lang='lat' dir='ltr'>ne</span> <span class='ocrx_word' id='word_1_30' title='bbox 1314 371 1378 410; x_wconf 87' lang='lat' dir='ltr'>cui</span> <span class='ocrx_word' id='word_1_31' title='bbox 1394 371 1553 422; x_wconf 91' lang='lat' dir='ltr'>plebeio</span> 
     </span>
    </p>

    <p class='ocr_par' dir='ltr' id='par_1_5' title="bbox 112 439 1759 778">
     <span class='ocr_line' id='line_1_5' title="bbox 112 439 1623 488; baseline 0.002 -10"><span class='ocrx_word' id='word_1_32' title='bbox 112 440 248 478; x_wconf 87' lang='lat' dir='ltr'>aditus</span> <span class='ocrx_word' id='word_1_33' title='bbox 294 444 407 478; x_wconf 86' lang='lat' dir='ltr'>esset.</span> <span class='ocrx_word' id='word_1_34' title='bbox 469 439 670 487; x_wconf 76' lang='lat' dir='ltr'><strong>Quattuor</strong></span> <span class='ocrx_word' id='word_1_35' title='bbox 717 441 841 479; x_wconf 82' lang='lat' dir='ltr'>creati</span> <span class='ocrx_word' id='word_1_36' title='bbox 887 444 990 488; x_wconf 90' lang='lat' dir='ltr'>sunt,</span> <span class='ocrx_word' id='word_1_37' title='bbox 1035 455 1170 479; x_wconf 88' lang='lat' dir='ltr'>omnes</span> <span class='ocrx_word' id='word_1_38' title='bbox 1215 443 1293 480; x_wconf 88' lang='lat' dir='ltr'>iam</span> <span class='ocrx_word' id='word_1_39' title='bbox 1341 443 1468 481; x_wconf 88' lang='lat' dir='ltr'>functi</span> <span class='ocrx_word' id='word_1_40' title='bbox 1506 456 1550 481; x_wconf 91' lang='lat' dir='ltr'>eo</span> <span class='ocrx_word' id='word_1_41' title='bbox 1575 444 1623 481; x_wconf 82' lang='lat'>12</span> 
     </span>
     <span class='ocr_line' id='line_1_6' title="bbox 112 511 1759 571; baseline 0.002 -21"><span class='ocrx_word' id='word_1_42' title='bbox 112 513 275 559; x_wconf 89' lang='lat' dir='ltr'>honore,</span> <span class='ocrx_word' id='word_1_43' title='bbox 299 511 347 552; x_wconf 89' lang='lat' dir='ltr'>L.</span> <span class='ocrx_word' id='word_1_44' title='bbox 365 511 512 550; x_wconf 86' lang='lat' dir='ltr'>Furius</span> <span class='ocrx_word' id='word_1_45' title='bbox 529 512 793 560; x_wconf 85' lang='lat' dir='ltr'>Medullinus,</span> <span class='ocrx_word' id='word_1_46' title='bbox 812 512 855 551; x_wconf 85' lang='lat' dir='ltr'>C.</span> <span class='ocrx_word' id='word_1_47' title='bbox 872 512 1061 551; x_wconf 87' lang='lat' dir='ltr'>Valerius</span> <span class='ocrx_word' id='word_1_48' title='bbox 1078 513 1252 561; x_wconf 88' lang='lat' dir='ltr'>Potitus,</span> <span class='ocrx_word' id='word_1_49' title='bbox 1270 514 1386 553; x_wconf 90' lang='lat' dir='ltr'>Num.</span> <span class='ocrx_word' id='word_1_50' title='bbox 1404 515 1554 554; x_wconf 81' lang='lat' dir='ltr'>Fabius</span> <span class='ocrx_word' id='word_1_51' title='bbox 1574 516 1680 571; x_wconf 40' lang='lat' dir='ltr'>Aac.</span> <span class='ocrx_word' id='word_1_52' title='bbox 1701 519 1759 571; x_wconf 44' lang='lat' dir='ltr'>³)st</span> 
     </span>
     <span class='ocr_line' id='line_1_7' title="bbox 114 562 1757 631; baseline 0.002 -9"><span class='ocrx_word' id='word_1_53' title='bbox 114 584 355 631; x_wconf 85' lang='lat' dir='ltr'>Vibulanus,</span> <span class='ocrx_word' id='word_1_54' title='bbox 387 583 432 622; x_wconf 83' lang='lat' dir='ltr'>O.</span> <span class='ocrx_word' id='word_1_55' title='bbox 449 583 646 622; x_wconf 86' lang='lat' dir='ltr'>Servilius</span> <span class='ocrx_word' id='word_1_56' title='bbox 664 584 809 630; x_wconf 84' lang='lat' dir='ltr'>Ahala,</span> <span class='ocrx_word' id='word_1_57' title='bbox 841 585 905 622; x_wconf 89' lang='lat' dir='ltr'>hic</span> <span class='ocrx_word' id='word_1_58' title='bbox 930 586 1118 630; x_wconf 87' lang='lat' dir='ltr'>refectus,</span> <span class='ocrx_word' id='word_1_59' title='bbox 1149 587 1379 625; x_wconf 86' lang='lat' dir='ltr'>continuato</span> <span class='ocrx_word' id='word_1_60' title='bbox 1405 588 1554 626; x_wconf 87' lang='lat' dir='ltr'>honore</span> <span class='ocrx_word' id='word_1_61' title='bbox 1575 562 1611 586; x_wconf 47' lang='lat' dir='ltr'>A*</span> <span class='ocrx_word' id='word_1_62' title='bbox 1630 562 1680 587; x_wconf 47' lang='lat' dir='ltr'>Ch*</span> <span class='ocrx_word' id='word_1_63' title='bbox 1700 563 1757 586; x_wconf 39' lang='lat' dir='ltr'>W*</span> 
     </span>
     <span class='ocr_line' id='line_1_8' title="bbox 113 656 1556 706; baseline 0.001 -12"><span class='ocrx_word' id='word_1_64' title='bbox 113 669 235 706; x_wconf 89' lang='lat' dir='ltr'>quum</span> <span class='ocrx_word' id='word_1_65' title='bbox 266 657 316 694; x_wconf 92' lang='lat' dir='ltr'>ob</span> <span class='ocrx_word' id='word_1_66' title='bbox 347 656 447 694; x_wconf 86' lang='lat' dir='ltr'>alias</span> <span class='ocrx_word' id='word_1_67' title='bbox 477 656 658 703; x_wconf 85' lang='lat' dir='ltr'>virtutes,</span> <span class='ocrx_word' id='word_1_68' title='bbox 691 660 777 694; x_wconf 89' lang='lat' dir='ltr'>tum</span> <span class='ocrx_word' id='word_1_69' title='bbox 809 657 859 694; x_wconf 93' lang='lat' dir='ltr'>ob</span> <span class='ocrx_word' id='word_1_70' title='bbox 890 660 1088 696; x_wconf 75' lang='lat' dir='ltr'>recentem</span> <span class='ocrx_word' id='word_1_71' title='bbox 1121 658 1296 697; x_wconf 86' lang='lat' dir='ltr'>favorem</span> <span class='ocrx_word' id='word_1_72' title='bbox 1329 660 1448 697; x_wconf 84' lang='lat' dir='ltr'>unica</span> <span class='ocrx_word' id='word_1_73' title='bbox 1478 673 1556 696; x_wconf 90' lang='lat' dir='ltr'>mo-</span> 
     </span>
     <span class='ocr_line' id='line_1_9' title="bbox 114 727 523 778; baseline 0.002 -13"><span class='ocrx_word' id='word_1_74' title='bbox 114 727 321 767; x_wconf 90' lang='lat' dir='ltr'>deratione</span> <span class='ocrx_word' id='word_1_75' title='bbox 352 732 523 778; x_wconf 90' lang='lat' dir='ltr'>partum.</span> 
     </span>
    </p>

    <p class='ocr_par' dir='ltr' id='par_1_6' title="bbox 115 800 1690 1067">
     <span class='ocr_line' id='line_1_10' title="bbox 229 800 1690 853; baseline 0.002 -15"><span class='ocrx_word' id='word_1_76' title='bbox 229 800 288 838; x_wconf 88' lang='lat' dir='ltr'>Eo</span> <span class='ocrx_word' id='word_1_77' title='bbox 319 813 435 848; x_wconf 89' lang='lat' dir='ltr'>anno,</span> <span class='ocrx_word' id='word_1_78' title='bbox 473 800 568 850; x_wconf 89' lang='lat' dir='ltr'>quia</span> <span class='ocrx_word' id='word_1_79' title='bbox 607 803 764 850; x_wconf 87' lang='lat' dir='ltr'>tempus</span> <span class='ocrx_word' id='word_1_80' title='bbox 801 800 1048 839; x_wconf 72' lang='lat' dir='ltr'>indutiarum</span> <span class='ocrx_word' id='word_1_81' title='bbox 1082 815 1168 839; x_wconf 89' lang='lat' dir='ltr'>cum</span> <span class='ocrx_word' id='word_1_82' title='bbox 1203 801 1374 840; x_wconf 79' lang='lat' dir='ltr'>Veiente</span> <span class='ocrx_word' id='word_1_83' title='bbox 1406 804 1555 853; x_wconf 89' lang='lat' dir='ltr'>populo</span> <span class='ocrx_word' id='word_1_84' title='bbox 1638 802 1690 848; x_wconf 80' lang='grc'>58</span> 
     </span>
     <span class='ocr_line' id='line_1_11' title="bbox 117 872 1608 924; baseline 0.002 -14"><span class='ocrx_word' id='word_1_85' title='bbox 117 872 282 919; x_wconf 84' lang='lat' dir='ltr'>exierat,</span> <span class='ocrx_word' id='word_1_86' title='bbox 327 886 399 923; x_wconf 87' lang='lat' dir='ltr'>per</span> <span class='ocrx_word' id='word_1_87' title='bbox 445 873 599 921; x_wconf 86' lang='lat' dir='ltr'>legatos</span> <span class='ocrx_word' id='word_1_88' title='bbox 640 872 876 923; x_wconf 81' lang='lat' dir='ltr'>fetialesque</span> <span class='ocrx_word' id='word_1_89' title='bbox 921 886 985 911; x_wconf 90' lang='lat' dir='ltr'>res</span> <span class='ocrx_word' id='word_1_90' title='bbox 1025 874 1152 924; x_wconf 89' lang='lat' dir='ltr'>repeti</span> <span class='ocrx_word' id='word_1_91' title='bbox 1194 878 1344 924; x_wconf 81' lang='lat' dir='ltr'>coeptae.</span> <span class='ocrx_word' id='word_1_92' title='bbox 1406 875 1560 922; x_wconf 77' lang='lat' dir='ltr'>Quibus</span> <span class='ocrx_word' id='word_1_93' title='bbox 1604 876 1608 879; x_wconf 81' lang='grc'><strong>’</strong></span> 
     </span>
     <span class='ocr_line' id='line_1_12' title="bbox 115 944 1600 994; baseline 0.002 -12"><span class='ocrx_word' id='word_1_94' title='bbox 115 945 369 983; x_wconf 87' lang='lat' dir='ltr'>venientibus</span> <span class='ocrx_word' id='word_1_95' title='bbox 400 944 450 982; x_wconf 88' lang='lat' dir='ltr'>ad</span> <span class='ocrx_word' id='word_1_96' title='bbox 482 944 600 982; x_wconf 87' lang='lat' dir='ltr'>finem</span> <span class='ocrx_word' id='word_1_97' title='bbox 632 945 781 994; x_wconf 82' lang='lat' dir='ltr'>legatio</span> <span class='ocrx_word' id='word_1_98' title='bbox 814 945 1045 984; x_wconf 83' lang='lat' dir='ltr'>Veientium</span> <span class='ocrx_word' id='word_1_99' title='bbox 1077 946 1198 985; x_wconf 88' lang='lat' dir='ltr'>obvia</span> <span class='ocrx_word' id='word_1_100' title='bbox 1232 946 1321 984; x_wconf 90' lang='lat' dir='ltr'>fuit.</span> <span class='ocrx_word' id='word_1_101' title='bbox 1383 947 1557 994; x_wconf 44' lang='lat' dir='ltr'>Periere,</span> <span class='ocrx_word' id='word_1_102' title='bbox 1577 949 1600 985; x_wconf 83' lang='lat'><strong>2</strong></span> 
     </span>
     <span class='ocr_line' id='line_1_13' title="bbox 116 1017 1560 1067; baseline 0.001 -13"><span class='ocrx_word' id='word_1_103' title='bbox 116 1030 175 1065; x_wconf 89' lang='lat' dir='ltr'>ne,</span> <span class='ocrx_word' id='word_1_104' title='bbox 205 1017 438 1067; x_wconf 90' lang='lat' dir='ltr'>priusquam</span> <span class='ocrx_word' id='word_1_105' title='bbox 470 1017 548 1066; x_wconf 89' lang='lat' dir='ltr'>ipsi</span> <span class='ocrx_word' id='word_1_106' title='bbox 581 1020 760 1054; x_wconf 86' lang='lat' dir='ltr'>senatum</span> <span class='ocrx_word' id='word_1_107' title='bbox 789 1017 1014 1055; x_wconf 89' lang='lat' dir='ltr'>Romanum</span> <span class='ocrx_word' id='word_1_108' title='bbox 1046 1018 1234 1066; x_wconf 84' lang='lat' dir='ltr'>adissent,</span> <span class='ocrx_word' id='word_1_109' title='bbox 1267 1018 1392 1057; x_wconf 86' lang='lat' dir='ltr'>Veios</span> <span class='ocrx_word' id='word_1_110' title='bbox 1422 1019 1560 1056; x_wconf 87' lang='lat' dir='ltr'>iretur.</span> 
     </span>
    </p>

    <p class='ocr_par' dir='ltr' id='par_1_7' title="bbox 117 1088 1607 1933">
     <span class='ocr_line' id='line_1_14' title="bbox 119 1088 1562 1139; baseline 0.002 -13"><span class='ocrx_word' id='word_1_111' title='bbox 119 1088 188 1127; x_wconf 88' lang='lat' dir='ltr'>Ab</span> <span class='ocrx_word' id='word_1_112' title='bbox 235 1092 374 1127; x_wconf 86' lang='lat' dir='ltr'>senatu</span> <span class='ocrx_word' id='word_1_113' title='bbox 418 1089 685 1139; x_wconf 86' lang='lat' dir='ltr'>impetratum,</span> <span class='ocrx_word' id='word_1_114' title='bbox 732 1089 829 1139; x_wconf 89' lang='lat' dir='ltr'>quia</span> <span class='ocrx_word' id='word_1_115' title='bbox 868 1090 1072 1128; x_wconf 80' lang='lat' dir='ltr'>discordia</span> <span class='ocrx_word' id='word_1_116' title='bbox 1109 1090 1300 1129; x_wconf 88' lang='lat' dir='ltr'>intestina</span> <span class='ocrx_word' id='word_1_117' title='bbox 1331 1091 1562 1129; x_wconf 86' lang='lat' dir='ltr'>laborarent</span> 
     </span>
     <span class='ocr_line' id='line_1_15' title="bbox 120 1161 1558 1212; baseline 0.001 -13"><span class='ocrx_word' id='word_1_118' title='bbox 120 1161 320 1208; x_wconf 85' lang='lat' dir='ltr'>Veientes,</span> <span class='ocrx_word' id='word_1_119' title='bbox 350 1174 400 1199; x_wconf 90' lang='lat' dir='ltr'>ne</span> <span class='ocrx_word' id='word_1_120' title='bbox 430 1174 494 1199; x_wconf 89' lang='lat' dir='ltr'>res</span> <span class='ocrx_word' id='word_1_121' title='bbox 525 1161 574 1199; x_wconf 86' lang='lat' dir='ltr'>ab</span> <span class='ocrx_word' id='word_1_122' title='bbox 608 1161 657 1199; x_wconf 86' lang='lat' dir='ltr'>iis</span> <span class='ocrx_word' id='word_1_123' title='bbox 688 1165 988 1212; x_wconf 88' lang='lat' dir='ltr'>repeterentur;</span> <span class='ocrx_word' id='word_1_124' title='bbox 1018 1167 1174 1200; x_wconf 89' lang='lat' dir='ltr'>tantum</span> <span class='ocrx_word' id='word_1_125' title='bbox 1206 1164 1319 1210; x_wconf 90' lang='lat' dir='ltr'>afuit,</span> <span class='ocrx_word' id='word_1_126' title='bbox 1351 1167 1395 1201; x_wconf 89' lang='lat' dir='ltr'>ut</span> <span class='ocrx_word' id='word_1_127' title='bbox 1426 1177 1474 1202; x_wconf 87' lang='lat' dir='ltr'>ex</span> <span class='ocrx_word' id='word_1_128' title='bbox 1501 1164 1558 1201; x_wconf 86' lang='lat' dir='ltr'>in-</span> 
     </span>
     <span class='ocr_line' id='line_1_16' title="bbox 117 1233 1602 1286; baseline 0.001 -14"><span class='ocrx_word' id='word_1_129' title='bbox 117 1233 321 1272; x_wconf 90' lang='lat' dir='ltr'>commodo</span> <span class='ocrx_word' id='word_1_130' title='bbox 353 1233 486 1272; x_wconf 90' lang='lat' dir='ltr'>alieno</span> <span class='ocrx_word' id='word_1_131' title='bbox 517 1246 588 1272; x_wconf 87' lang='lat' dir='ltr'>sua</span> <span class='ocrx_word' id='word_1_132' title='bbox 619 1234 775 1272; x_wconf 84' lang='lat' dir='ltr'>occasio</span> <span class='ocrx_word' id='word_1_133' title='bbox 807 1237 1021 1285; x_wconf 89' lang='lat' dir='ltr'>peteretur.</span> <span class='ocrx_word' id='word_1_134' title='bbox 1068 1235 1122 1272; x_wconf 85' lang='lat' dir='ltr'>Et</span> <span class='ocrx_word' id='word_1_135' title='bbox 1154 1235 1194 1272; x_wconf 90' lang='lat' dir='ltr'>in</span> <span class='ocrx_word' id='word_1_136' title='bbox 1212 1235 1371 1273; x_wconf 85' lang='lat' dir='ltr'>Volscis</span> <span class='ocrx_word' id='word_1_137' title='bbox 1397 1240 1561 1286; x_wconf 84' lang='lat' dir='ltr'>accepta</span> <span class='ocrx_word' id='word_1_138' title='bbox 1580 1237 1602 1274; x_wconf 85' lang='lat'><strong>3</strong></span> 
     </span>
     <span class='ocr_line' id='line_1_17' title="bbox 119 1293 1563 1358; baseline 0.001 -15"><span class='ocrx_word' id='word_1_139' title='bbox 119 1305 254 1344; x_wconf 85' lang='lat' dir='ltr'>clades</span> <span class='ocrx_word' id='word_1_140' title='bbox 286 1305 430 1344; x_wconf 85' lang='lat' dir='ltr'>amisso</span> <span class='ocrx_word' id='word_1_141' title='bbox 447 1293 675 1355; x_wconf 83' lang='lat' dir='ltr'>Verrugine</span> <span class='ocrx_word' id='word_1_142' title='bbox 706 1306 913 1356; x_wconf 88' lang='lat' dir='ltr'>praesidio;</span> <span class='ocrx_word' id='word_1_143' title='bbox 944 1306 1014 1344; x_wconf 89' lang='lat' dir='ltr'>ubi</span> <span class='ocrx_word' id='word_1_144' title='bbox 1040 1311 1195 1344; x_wconf 83' lang='lat' dir='ltr'>tantum</span> <span class='ocrx_word' id='word_1_145' title='bbox 1221 1307 1262 1344; x_wconf 90' lang='lat' dir='ltr'>in</span> <span class='ocrx_word' id='word_1_146' title='bbox 1288 1311 1469 1358; x_wconf 89' lang='lat' dir='ltr'>tempore</span> <span class='ocrx_word' id='word_1_147' title='bbox 1485 1308 1563 1345; x_wconf 86' lang='lat' dir='ltr'>fuit</span> 
     </span>
     <span class='ocr_line' id='line_1_18' title="bbox 119 1378 1562 1430; baseline 0.001 -14"><span class='ocrx_word' id='word_1_148' title='bbox 119 1378 322 1425; x_wconf 90' lang='lat' dir='ltr'>momenti,</span> <span class='ocrx_word' id='word_1_149' title='bbox 352 1381 408 1425; x_wconf 93' lang='lat' dir='ltr'>ut,</span> <span class='ocrx_word' id='word_1_150' title='bbox 439 1391 561 1427; x_wconf 86' lang='lat' dir='ltr'>quum</span> <span class='ocrx_word' id='word_1_151' title='bbox 594 1379 850 1427; x_wconf 88' lang='lat' dir='ltr'>precantibus</span> <span class='ocrx_word' id='word_1_152' title='bbox 877 1391 990 1429; x_wconf 90' lang='lat' dir='ltr'>opem</span> <span class='ocrx_word' id='word_1_153' title='bbox 1016 1379 1227 1427; x_wconf 88' lang='lat' dir='ltr'>militibus,</span> <span class='ocrx_word' id='word_1_154' title='bbox 1260 1380 1330 1430; x_wconf 91' lang='lat' dir='ltr'>qui</span> <span class='ocrx_word' id='word_1_155' title='bbox 1349 1380 1406 1418; x_wconf 90' lang='lat' dir='ltr'>ibi</span> <span class='ocrx_word' id='word_1_156' title='bbox 1423 1394 1446 1418; x_wconf 91' lang='lat' dir='ltr'>a</span> <span class='ocrx_word' id='word_1_157' title='bbox 1465 1379 1562 1418; x_wconf 89' lang='lat' dir='ltr'>Vol-</span> 
     </span>
     <span class='ocr_line' id='line_1_19' title="bbox 120 1449 1563 1501; baseline 0.001 -13"><span class='ocrx_word' id='word_1_158' title='bbox 120 1450 195 1488; x_wconf 88' lang='lat' dir='ltr'>scis</span> <span class='ocrx_word' id='word_1_159' title='bbox 228 1449 530 1495; x_wconf 87' lang='lat' dir='ltr'>obsidebantur,</span> <span class='ocrx_word' id='word_1_160' title='bbox 569 1450 760 1496; x_wconf 89' lang='lat' dir='ltr'>succurri,</span> <span class='ocrx_word' id='word_1_161' title='bbox 790 1450 824 1487; x_wconf 88' lang='lat' dir='ltr'>si</span> <span class='ocrx_word' id='word_1_162' title='bbox 855 1453 1097 1488; x_wconf 83' lang='lat' dir='ltr'>maturatum</span> <span class='ocrx_word' id='word_1_163' title='bbox 1130 1455 1243 1497; x_wconf 90' lang='lat' dir='ltr'>esset,</span> <span class='ocrx_word' id='word_1_164' title='bbox 1274 1451 1481 1501; x_wconf 88' lang='lat' dir='ltr'>potuisset,</span> <span class='ocrx_word' id='word_1_165' title='bbox 1514 1452 1563 1490; x_wconf 88' lang='lat' dir='ltr'>ad</span> 
     </span>
     <span class='ocr_line' id='line_1_20' title="bbox 122 1521 1564 1574; baseline 0.002 -15"><span class='ocrx_word' id='word_1_166' title='bbox 122 1521 164 1559; x_wconf 89' lang='lat' dir='ltr'>id</span> <span class='ocrx_word' id='word_1_167' title='bbox 194 1522 351 1560; x_wconf 85' lang='lat' dir='ltr'>venerit</span> <span class='ocrx_word' id='word_1_168' title='bbox 382 1522 581 1560; x_wconf 86' lang='lat' dir='ltr'>exercitus</span> <span class='ocrx_word' id='word_1_169' title='bbox 611 1522 794 1560; x_wconf 87' lang='lat' dir='ltr'>subsidio</span> <span class='ocrx_word' id='word_1_170' title='bbox 819 1523 975 1570; x_wconf 84' lang='lat' dir='ltr'>missus,</span> <span class='ocrx_word' id='word_1_171' title='bbox 1005 1525 1051 1560; x_wconf 87' lang='lat' dir='ltr'>ut</span> <span class='ocrx_word' id='word_1_172' title='bbox 1074 1523 1123 1560; x_wconf 90' lang='lat' dir='ltr'>ab</span> <span class='ocrx_word' id='word_1_173' title='bbox 1141 1524 1291 1561; x_wconf 89' lang='lat' dir='ltr'>recenti</span> <span class='ocrx_word' id='word_1_174' title='bbox 1315 1524 1422 1562; x_wconf 87' lang='lat' dir='ltr'>caede</span> <span class='ocrx_word' id='word_1_175' title='bbox 1437 1524 1564 1574; x_wconf 79' lang='lat' dir='ltr'>palati</span> 
     </span>
     <span class='ocr_line' id='line_1_21' title="bbox 122 1593 1605 1645; baseline 0.002 -14"><span class='ocrx_word' id='word_1_176' title='bbox 122 1594 172 1632; x_wconf 87' lang='lat' dir='ltr'>ad</span> <span class='ocrx_word' id='word_1_177' title='bbox 211 1593 472 1644; x_wconf 80' lang='lat' dir='ltr'>praedandum</span> <span class='ocrx_word' id='word_1_178' title='bbox 513 1594 646 1632; x_wconf 85' lang='lat' dir='ltr'>hostes</span> <span class='ocrx_word' id='word_1_179' title='bbox 678 1595 1012 1645; x_wconf 87' lang='lat' dir='ltr'>opprimerentur.</span> <span class='ocrx_word' id='word_1_180' title='bbox 1073 1594 1299 1634; x_wconf 86' lang='lat' dir='ltr'>Tarditatis</span> <span class='ocrx_word' id='word_1_181' title='bbox 1331 1609 1451 1634; x_wconf 89' lang='lat' dir='ltr'>causa</span> <span class='ocrx_word' id='word_1_182' title='bbox 1482 1598 1605 1635; x_wconf 73' lang='lat' dir='ltr'>non4</span> 
     </span>
     <span class='ocr_line' id='line_1_22' title="bbox 121 1666 1567 1718; baseline 0.001 -13"><span class='ocrx_word' id='word_1_183' title='bbox 121 1668 161 1705; x_wconf 92' lang='lat' dir='ltr'>in</span> <span class='ocrx_word' id='word_1_184' title='bbox 206 1669 347 1705; x_wconf 85' lang='lat' dir='ltr'>senatu</span> <span class='ocrx_word' id='word_1_185' title='bbox 393 1666 521 1715; x_wconf 86' lang='lat' dir='ltr'>magis</span> <span class='ocrx_word' id='word_1_186' title='bbox 565 1666 643 1704; x_wconf 89' lang='lat' dir='ltr'>fuit</span> <span class='ocrx_word' id='word_1_187' title='bbox 688 1679 806 1716; x_wconf 89' lang='lat' dir='ltr'>quam</span> <span class='ocrx_word' id='word_1_188' title='bbox 846 1666 1035 1714; x_wconf 88' lang='lat' dir='ltr'>tribunis,</span> <span class='ocrx_word' id='word_1_189' title='bbox 1082 1668 1163 1717; x_wconf 88' lang='lat' dir='ltr'>qui,</span> <span class='ocrx_word' id='word_1_190' title='bbox 1209 1668 1304 1718; x_wconf 86' lang='lat' dir='ltr'>quia</span> <span class='ocrx_word' id='word_1_191' title='bbox 1344 1681 1497 1706; x_wconf 90' lang='lat' dir='ltr'>summa</span> <span class='ocrx_word' id='word_1_192' title='bbox 1526 1669 1567 1706; x_wconf 88' lang='lat' dir='ltr'>vi</span> 
     </span>
     <span class='ocr_line' id='line_1_23' title="bbox 122 1738 1566 1790; baseline 0.001 -13"><span class='ocrx_word' id='word_1_193' title='bbox 122 1739 267 1777; x_wconf 82' lang='lat' dir='ltr'>restari</span> <span class='ocrx_word' id='word_1_194' title='bbox 283 1738 559 1786; x_wconf 87' lang='lat' dir='ltr'>nuntiabatur,</span> <span class='ocrx_word' id='word_1_195' title='bbox 590 1751 734 1789; x_wconf 90' lang='lat' dir='ltr'>parum</span> <span class='ocrx_word' id='word_1_196' title='bbox 752 1739 1040 1789; x_wconf 85' lang='lat' dir='ltr'>cogitaverunt,</span> <span class='ocrx_word' id='word_1_197' title='bbox 1071 1740 1182 1778; x_wconf 89' lang='lat' dir='ltr'>nulla</span> <span class='ocrx_word' id='word_1_198' title='bbox 1206 1740 1357 1778; x_wconf 84' lang='lat' dir='ltr'>virtute</span> <span class='ocrx_word' id='word_1_199' title='bbox 1384 1741 1566 1790; x_wconf 86' lang='lat' dir='ltr'>superari</span> 
     </span>
     <span class='ocr_line' id='line_1_24' title="bbox 122 1811 1607 1851; baseline 0.001 -3"><span class='ocrx_word' id='word_1_200' title='bbox 122 1811 384 1849; x_wconf 88' lang='lat' dir='ltr'>humanarum</span> <span class='ocrx_word' id='word_1_201' title='bbox 429 1811 578 1849; x_wconf 89' lang='lat' dir='ltr'>virium</span> <span class='ocrx_word' id='word_1_202' title='bbox 624 1811 793 1849; x_wconf 90' lang='lat' dir='ltr'>modum.</span> <span class='ocrx_word' id='word_1_203' title='bbox 853 1811 1085 1849; x_wconf 82' lang='lat' dir='ltr'>Fortissimi</span> <span class='ocrx_word' id='word_1_204' title='bbox 1131 1811 1282 1850; x_wconf 91' lang='lat' dir='ltr'>milites</span> <span class='ocrx_word' id='word_1_205' title='bbox 1322 1826 1401 1850; x_wconf 91' lang='lat' dir='ltr'>non</span> <span class='ocrx_word' id='word_1_206' title='bbox 1432 1812 1607 1851; x_wconf 87' lang='lat' dir='ltr'>tamen5</span> 
     </span>
     <span class='ocr_line' id='line_1_25' title="bbox 126 1883 1044 1933; baseline -0.001 -12"><span class='ocrx_word' id='word_1_207' title='bbox 126 1896 197 1922; x_wconf 85' lang='lat' dir='ltr'>nec</span> <span class='ocrx_word' id='word_1_208' title='bbox 229 1883 314 1921; x_wconf 87' lang='lat' dir='ltr'>vivi</span> <span class='ocrx_word' id='word_1_209' title='bbox 344 1896 415 1920; x_wconf 88' lang='lat' dir='ltr'>nec</span> <span class='ocrx_word' id='word_1_210' title='bbox 447 1886 539 1933; x_wconf 89' lang='lat' dir='ltr'>post</span> <span class='ocrx_word' id='word_1_211' title='bbox 569 1886 736 1921; x_wconf 90' lang='lat' dir='ltr'>mortem</span> <span class='ocrx_word' id='word_1_212' title='bbox 768 1883 889 1920; x_wconf 90' lang='lat' dir='ltr'>inulti</span> <span class='ocrx_word' id='word_1_213' title='bbox 920 1884 1044 1920; x_wconf 85' lang='lat' dir='ltr'>fuere.</span> 
     </span>
    </p>

    <p class='ocr_par' dir='ltr' id='par_1_8' title="bbox 126 1954 1772 2725">
     <span class='ocr_line' id='line_1_26' title="bbox 239 1954 1606 2005; baseline 0.001 -13"><span class='ocrx_word' id='word_1_214' title='bbox 239 1954 477 2005; x_wconf 87' lang='lat' dir='ltr'>Insequenti</span> <span class='ocrx_word' id='word_1_215' title='bbox 508 1967 624 2002; x_wconf 85' lang='lat' dir='ltr'>anno,</span> <span class='ocrx_word' id='word_1_216' title='bbox 656 1954 703 1992; x_wconf 92' lang='lat' dir='ltr'>P.</span> <span class='ocrx_word' id='word_1_217' title='bbox 735 1958 774 1993; x_wconf 92' lang='lat' dir='ltr'>et</span> <span class='ocrx_word' id='word_1_218' title='bbox 806 1954 876 1992; x_wconf 84' lang='lat' dir='ltr'>Cn.</span> <span class='ocrx_word' id='word_1_219' title='bbox 903 1954 1102 1993; x_wconf 87' lang='lat' dir='ltr'>Corneliis</span> <span class='ocrx_word' id='word_1_220' title='bbox 1127 1954 1271 2003; x_wconf 87' lang='lat' dir='ltr'>Cossis,</span> <span class='ocrx_word' id='word_1_221' title='bbox 1302 1954 1419 1994; x_wconf 91' lang='lat' dir='ltr'>Num.</span> <span class='ocrx_word' id='word_1_222' title='bbox 1436 1955 1564 1994; x_wconf 87' lang='lat' dir='ltr'>Fabio</span> <span class='ocrx_word' id='word_1_223' title='bbox 1583 1958 1606 1995; x_wconf 87' lang='lat'>6</span> 
     </span>
     <span class='ocr_line' id='line_1_27' title="bbox 126 2025 1772 2098; baseline 0.001 -33"><span class='ocrx_word' id='word_1_224' title='bbox 126 2026 338 2073; x_wconf 84' lang='lat' dir='ltr'>Ambusto,</span> <span class='ocrx_word' id='word_1_225' title='bbox 370 2026 417 2064; x_wconf 88' lang='lat' dir='ltr'>L.</span> <span class='ocrx_word' id='word_1_226' title='bbox 446 2025 609 2064; x_wconf 88' lang='lat' dir='ltr'>Valerio</span> <span class='ocrx_word' id='word_1_227' title='bbox 641 2026 781 2064; x_wconf 82' lang='lat' dir='ltr'>Potito</span> <span class='ocrx_word' id='word_1_228' title='bbox 812 2027 987 2064; x_wconf 90' lang='lat' dir='ltr'>tribunis</span> <span class='ocrx_word' id='word_1_229' title='bbox 1018 2027 1192 2064; x_wconf 90' lang='lat' dir='ltr'>militum</span> <span class='ocrx_word' id='word_1_230' title='bbox 1225 2028 1426 2066; x_wconf 89' lang='lat' dir='ltr'>consulari</span> <span class='ocrx_word' id='word_1_231' title='bbox 1456 2030 1567 2078; x_wconf 89' lang='lat' dir='ltr'>pote·</span> <span class='ocrx_word' id='word_1_232' title='bbox 1588 2027 1693 2098; x_wconf 49' lang='lat' dir='ltr'>2³23ss-</span> <span class='ocrx_word' id='word_1_233' title='bbox 1712 2028 1772 2097; x_wconf 51' lang='grc' dir='ltr'>ΞΞΞ</span> 
     </span>
     <span class='ocr_line' id='line_1_28' title="bbox 126 2091 1772 2150; baseline 0.001 -14"><span class='ocrx_word' id='word_1_234' title='bbox 126 2101 239 2145; x_wconf 83' lang='lat' dir='ltr'>state,</span> <span class='ocrx_word' id='word_1_235' title='bbox 271 2098 421 2136; x_wconf 86' lang='lat' dir='ltr'>Veiens</span> <span class='ocrx_word' id='word_1_236' title='bbox 451 2098 600 2136; x_wconf 91' lang='lat' dir='ltr'>bellum</span> <span class='ocrx_word' id='word_1_237' title='bbox 632 2102 783 2137; x_wconf 89' lang='lat' dir='ltr'>motum</span> <span class='ocrx_word' id='word_1_238' title='bbox 809 2098 859 2137; x_wconf 94' lang='lat' dir='ltr'>ob</span> <span class='ocrx_word' id='word_1_239' title='bbox 884 2098 1099 2149; x_wconf 89' lang='lat' dir='ltr'>superbum</span> <span class='ocrx_word' id='word_1_240' title='bbox 1124 2112 1356 2150; x_wconf 86' lang='lat' dir='ltr'>responsum</span> <span class='ocrx_word' id='word_1_241' title='bbox 1383 2099 1569 2138; x_wconf 85' lang='lat' dir='ltr'>Veientis</span> <span class='ocrx_word' id='word_1_242' title='bbox 1619 2091 1624 2097; x_wconf 50' lang='lat'>⁵</span> <span class='ocrx_word' id='word_1_243' title='bbox 1689 2091 1694 2097; x_wconf 47' lang='lat'><em>¹</em></span> <span class='ocrx_word' id='word_1_244' title='bbox 1766 2091 1772 2097; x_wconf 52' lang='lat'>⁵</span> 
     </span>
     <span class='ocr_line' id='line_1_29' title="bbox 127 2170 1608 2222; baseline 0 -14"><span class='ocrx_word' id='word_1_245' title='bbox 127 2174 299 2218; x_wconf 82' lang='lat' dir='ltr'>senatus,</span> <span class='ocrx_word' id='word_1_246' title='bbox 344 2171 413 2220; x_wconf 89' lang='lat' dir='ltr'>qui</span> <span class='ocrx_word' id='word_1_247' title='bbox 454 2170 598 2220; x_wconf 80' lang='lat' dir='ltr'>legatis</span> <span class='ocrx_word' id='word_1_248' title='bbox 628 2171 904 2220; x_wconf 82' lang='lat' dir='ltr'>repetentibus</span> <span class='ocrx_word' id='word_1_249' title='bbox 934 2184 1010 2218; x_wconf 87' lang='lat' dir='ltr'>res,</span> <span class='ocrx_word' id='word_1_250' title='bbox 1051 2171 1092 2208; x_wconf 91' lang='lat' dir='ltr'>ni</span> <span class='ocrx_word' id='word_1_251' title='bbox 1125 2171 1369 2210; x_wconf 89' lang='lat' dir='ltr'>facesserent</span> <span class='ocrx_word' id='word_1_252' title='bbox 1397 2185 1567 2222; x_wconf 84' lang='lat' dir='ltr'>propere</span> <span class='ocrx_word' id='word_1_253' title='bbox 1587 2173 1608 2208; x_wconf 90' lang='lat'><strong>7</strong></span> 
     </span>
     <span class='ocr_line' id='line_1_30' title="bbox 129 2241 1568 2293; baseline 0.001 -12"><span class='ocrx_word' id='word_1_254' title='bbox 129 2254 177 2281; x_wconf 78' lang='lat' dir='ltr'>ex</span> <span class='ocrx_word' id='word_1_255' title='bbox 200 2243 298 2280; x_wconf 90' lang='lat' dir='ltr'>urbe</span> <span class='ocrx_word' id='word_1_256' title='bbox 322 2241 563 2292; x_wconf 86' lang='lat' dir='ltr'>finibusque,</span> <span class='ocrx_word' id='word_1_257' title='bbox 587 2241 762 2290; x_wconf 86' lang='lat' dir='ltr'>daturos,</span> <span class='ocrx_word' id='word_1_258' title='bbox 788 2242 896 2293; x_wconf 91' lang='lat' dir='ltr'>quod</span> <span class='ocrx_word' id='word_1_259' title='bbox 919 2242 1021 2281; x_wconf 88' lang='lat' dir='ltr'>Lars</span> <span class='ocrx_word' id='word_1_260' title='bbox 1038 2243 1274 2282; x_wconf 82' lang='lat' dir='ltr'>Tolumnius</span> <span class='ocrx_word' id='word_1_261' title='bbox 1299 2243 1486 2291; x_wconf 84' lang='lat' dir='ltr'>dedisset,</span> <span class='ocrx_word' id='word_1_262' title='bbox 1509 2257 1568 2281; x_wconf 90' lang='lat' dir='ltr'>re-</span> 
     </span>
     <span class='ocr_line' id='line_1_31' title="bbox 128 2314 1610 2366; baseline 0 -14"><span class='ocrx_word' id='word_1_263' title='bbox 128 2314 316 2365; x_wconf 86' lang='lat' dir='ltr'>sponderi</span> <span class='ocrx_word' id='word_1_264' title='bbox 355 2314 482 2352; x_wconf 89' lang='lat' dir='ltr'>iussit.</span> <span class='ocrx_word' id='word_1_265' title='bbox 542 2314 593 2352; x_wconf 90' lang='lat' dir='ltr'>Id</span> <span class='ocrx_word' id='word_1_266' title='bbox 633 2318 769 2365; x_wconf 87' lang='lat' dir='ltr'>patres</span> <span class='ocrx_word' id='word_1_267' title='bbox 801 2327 905 2364; x_wconf 86' lang='lat' dir='ltr'>aegre</span> <span class='ocrx_word' id='word_1_268' title='bbox 936 2316 1043 2366; x_wconf 85' lang='lat' dir='ltr'>passi</span> <span class='ocrx_word' id='word_1_269' title='bbox 1075 2315 1298 2364; x_wconf 85' lang='lat' dir='ltr'>decrevere,</span> <span class='ocrx_word' id='word_1_270' title='bbox 1338 2319 1384 2353; x_wconf 92' lang='lat' dir='ltr'>ut</span> <span class='ocrx_word' id='word_1_271' title='bbox 1412 2315 1610 2354; x_wconf 76' lang='lat' dir='ltr'>tribuniss</span> 
     </span>
     <span class='ocr_line' id='line_1_32' title="bbox 130 2385 1572 2438; baseline 0.001 -15"><span class='ocrx_word' id='word_1_272' title='bbox 130 2386 301 2424; x_wconf 89' lang='lat' dir='ltr'>militum</span> <span class='ocrx_word' id='word_1_273' title='bbox 334 2385 383 2424; x_wconf 89' lang='lat' dir='ltr'>de</span> <span class='ocrx_word' id='word_1_274' title='bbox 413 2386 520 2424; x_wconf 90' lang='lat' dir='ltr'>bello</span> <span class='ocrx_word' id='word_1_275' title='bbox 553 2385 766 2425; x_wconf 88' lang='lat' dir='ltr'>indicendo</span> <span class='ocrx_word' id='word_1_276' title='bbox 800 2386 1042 2425; x_wconf 85' lang='lat' dir='ltr'>Veientibus</span> <span class='ocrx_word' id='word_1_277' title='bbox 1074 2388 1203 2438; x_wconf 92' lang='lat' dir='ltr'>primo</span> <span class='ocrx_word' id='word_1_278' title='bbox 1235 2401 1394 2438; x_wconf 89' lang='lat' dir='ltr'>quoque</span> <span class='ocrx_word' id='word_1_279' title='bbox 1426 2387 1491 2424; x_wconf 91' lang='lat' dir='ltr'>die</span> <span class='ocrx_word' id='word_1_280' title='bbox 1522 2387 1572 2425; x_wconf 85' lang='lat' dir='ltr'>ad</span> 
     </span>
     <span class='ocr_line' id='line_1_33' title="bbox 129 2457 1610 2510; baseline -0.001 -14"><span class='ocrx_word' id='word_1_281' title='bbox 129 2458 323 2508; x_wconf 90' lang='lat' dir='ltr'>populum</span> <span class='ocrx_word' id='word_1_282' title='bbox 354 2458 515 2497; x_wconf 87' lang='lat' dir='ltr'>ferrent.</span> <span class='ocrx_word' id='word_1_283' title='bbox 562 2457 680 2505; x_wconf 79' lang='lat' dir='ltr'>Quod</span> <span class='ocrx_word' id='word_1_284' title='bbox 710 2459 780 2496; x_wconf 93' lang='lat' dir='ltr'>ubi</span> <span class='ocrx_word' id='word_1_285' title='bbox 810 2459 942 2509; x_wconf 88' lang='lat' dir='ltr'>primo</span> <span class='ocrx_word' id='word_1_286' title='bbox 972 2459 1268 2510; x_wconf 86' lang='lat' dir='ltr'>promulgatum</span> <span class='ocrx_word' id='word_1_287' title='bbox 1300 2463 1369 2506; x_wconf 88' lang='lat' dir='ltr'>est,</span> <span class='ocrx_word' id='word_1_288' title='bbox 1401 2459 1569 2496; x_wconf 86' lang='lat' dir='ltr'>fremere</span> <span class='ocrx_word' id='word_1_289' title='bbox 1587 2459 1610 2494; x_wconf 84' lang='lat'>9</span> 
     </span>
     <span class='ocr_line' id='line_1_34' title="bbox 133 2529 1571 2577; baseline 0.001 -11"><span class='ocrx_word' id='word_1_290' title='bbox 133 2529 331 2577; x_wconf 79' lang='lat' dir='ltr'>iuventus,</span> <span class='ocrx_word' id='word_1_291' title='bbox 371 2530 548 2568; x_wconf 89' lang='lat' dir='ltr'>nondum</span> <span class='ocrx_word' id='word_1_292' title='bbox 590 2531 835 2569; x_wconf 86' lang='lat' dir='ltr'>debellatum</span> <span class='ocrx_word' id='word_1_293' title='bbox 877 2545 964 2569; x_wconf 91' lang='lat' dir='ltr'>cum</span> <span class='ocrx_word' id='word_1_294' title='bbox 997 2531 1154 2570; x_wconf 90' lang='lat' dir='ltr'>Volscis</span> <span class='ocrx_word' id='word_1_295' title='bbox 1196 2544 1297 2577; x_wconf 88' lang='lat' dir='ltr'>esse;</span> <span class='ocrx_word' id='word_1_296' title='bbox 1343 2529 1460 2568; x_wconf 89' lang='lat' dir='ltr'>modo</span> <span class='ocrx_word' id='word_1_297' title='bbox 1492 2529 1571 2568; x_wconf 90' lang='lat' dir='ltr'>duo</span> 
     </span>
     <span class='ocr_line' id='line_1_35' title="bbox 133 2601 1641 2654; baseline 0.001 -16"><span class='ocrx_word' id='word_1_298' title='bbox 133 2601 320 2651; x_wconf 81' lang='lat' dir='ltr'>praesidia</span> <span class='ocrx_word' id='word_1_299' title='bbox 360 2602 568 2640; x_wconf 88' lang='lat' dir='ltr'>occidione</span> <span class='ocrx_word' id='word_1_300' title='bbox 609 2602 751 2649; x_wconf 88' lang='lat' dir='ltr'>occisa,</span> <span class='ocrx_word' id='word_1_301' title='bbox 796 2603 886 2642; x_wconf 67' lang='lat' dir='ltr'>alia</span> <span class='ocrx_word' id='word_1_302' title='bbox 923 2616 1011 2640; x_wconf 90' lang='lat' dir='ltr'>cum</span> <span class='ocrx_word' id='word_1_303' title='bbox 1042 2603 1221 2654; x_wconf 81' lang='lat' dir='ltr'>periculo</span> <span class='ocrx_word' id='word_1_304' title='bbox 1253 2602 1435 2649; x_wconf 86' lang='lat' dir='ltr'>retineri;</span> <span class='ocrx_word' id='word_1_305' title='bbox 1483 2603 1569 2640; x_wconf 92' lang='lat' dir='ltr'>nul·</span> <span class='ocrx_word' id='word_1_306' title='bbox 1592 2602 1641 2640; x_wconf 91' lang='lat'>10</span> 
     </span>
     <span class='ocr_line' id='line_1_36' title="bbox 134 2671 1572 2725; baseline 0.003 -17"><span class='ocrx_word' id='word_1_307' title='bbox 134 2671 216 2709; x_wconf 91' lang='lat' dir='ltr'>lum</span> <span class='ocrx_word' id='word_1_308' title='bbox 246 2686 392 2711; x_wconf 89' lang='lat' dir='ltr'>annum</span> <span class='ocrx_word' id='word_1_309' title='bbox 424 2687 521 2722; x_wconf 88' lang='lat' dir='ltr'>esse,</span> <span class='ocrx_word' id='word_1_310' title='bbox 553 2687 632 2724; x_wconf 92' lang='lat' dir='ltr'>quo</span> <span class='ocrx_word' id='word_1_311' title='bbox 664 2687 743 2712; x_wconf 90' lang='lat' dir='ltr'>non</span> <span class='ocrx_word' id='word_1_312' title='bbox 774 2675 858 2713; x_wconf 87' lang='lat' dir='ltr'>acie</span> <span class='ocrx_word' id='word_1_313' title='bbox 890 2675 1119 2720; x_wconf 79' lang='lat' dir='ltr'>dimicetur;</span> <span class='ocrx_word' id='word_1_314' title='bbox 1159 2677 1197 2711; x_wconf 89' lang='lat' dir='ltr'>et</span> <span class='ocrx_word' id='word_1_315' title='bbox 1228 2676 1419 2724; x_wconf 86' lang='lat' dir='ltr'>tanquam</span> <span class='ocrx_word' id='word_1_316' title='bbox 1450 2675 1572 2725; x_wconf 86' lang='lat' dir='ltr'>paeni-</span> 
     </span>
    </p>
   </div>
  </div>
 </body>
</html>
