<?xml version="1.0" encoding="UTF-8"?>
<!DOCTYPE html PUBLIC "-//W3C//DTD XHTML 1.0 Transitional//EN"
    "http://www.w3.org/TR/xhtml1/DTD/xhtml1-transitional.dtd">
<html xmlns="http://www.w3.org/1999/xhtml" xml:lang="en" lang="en">
 <head>
  <title>
</title>
<meta http-equiv="Content-Type" content="text/html;charset=utf-8" />
  <meta name='ocr-system' content='tesseract 3.04.00' />
  <meta name='ocr-capabilities' content='ocr_page ocr_carea ocr_par ocr_line ocrx_word'/>
</head>
<body>
  <div class='ocr_page' id='page_1' title='image "./historiarumroman01livyuoft_0038.png"; bbox 0 0 1821 2928; ppageno 0'>
   <div class='ocr_carea' id='block_1_1' title="bbox 220 146 1019 187">
    <p class='ocr_par' dir='ltr' id='par_1_1' title="bbox 220 146 1019 187">
     <span class='ocr_line' id='line_1_1' title="bbox 220 146 1019 187; baseline 0.01 -13"><span class='ocrx_word' id='word_1_1' title='bbox 220 149 269 187; x_wconf 79' lang='lat'>12</span> <span class='ocrx_word' id='word_1_2' title='bbox 847 146 965 182; x_wconf 82' lang='lat' dir='ltr'>Liber</span> <span class='ocrx_word' id='word_1_3' title='bbox 987 147 1019 182; x_wconf 93' lang='lat' dir='ltr'>I.</span> 
     </span>
    </p>
   </div>
   <div class='ocr_carea' id='block_1_2' title="bbox 171 273 1650 2763">
    <p class='ocr_par' dir='ltr' id='par_1_2' title="bbox 214 273 1649 462">
     <span class='ocr_line' id='line_1_2' title="bbox 214 273 1647 325; baseline 0.003 -16"><span class='ocrx_word' id='word_1_4' title='bbox 214 273 485 321; x_wconf 76' lang='lat' dir='ltr'>gregabantur</span> <span class='ocrx_word' id='word_1_5' title='bbox 516 274 692 323; x_wconf 89' lang='lat' dir='ltr'>undique</span> <span class='ocrx_word' id='word_1_6' title='bbox 723 274 773 311; x_wconf 81' lang='lat' dir='ltr'>ad</span> <span class='ocrx_word' id='word_1_7' title='bbox 806 274 851 312; x_wconf 88' lang='lat' dir='ltr'>T.</span> <span class='ocrx_word' id='word_1_8' title='bbox 882 275 1055 322; x_wconf 84' lang='lat' dir='ltr'>Tatium,</span> <span class='ocrx_word' id='word_1_9' title='bbox 1086 288 1219 325; x_wconf 87' lang='lat' dir='ltr'>regem</span> <span class='ocrx_word' id='word_1_10' title='bbox 1236 274 1489 325; x_wconf 85' lang='lat' dir='ltr'>Sabinorum,</span> <span class='ocrx_word' id='word_1_11' title='bbox 1522 277 1562 312; x_wconf 89' lang='lat' dir='ltr'>et</span> <span class='ocrx_word' id='word_1_12' title='bbox 1591 274 1647 313; x_wconf 89' lang='lat' dir='ltr'>le-</span> 
     </span>
     <span class='ocr_line' id='line_1_3' title="bbox 215 345 1649 396; baseline 0.003 -15"><span class='ocrx_word' id='word_1_13' title='bbox 215 345 395 392; x_wconf 81' lang='lat' dir='ltr'>gationes</span> <span class='ocrx_word' id='word_1_14' title='bbox 427 358 483 390; x_wconf 90' lang='lat' dir='ltr'>eo,</span> <span class='ocrx_word' id='word_1_15' title='bbox 531 345 637 394; x_wconf 87' lang='lat' dir='ltr'>quod</span> <span class='ocrx_word' id='word_1_16' title='bbox 684 346 900 384; x_wconf 81' lang='lat' dir='ltr'>maximum</span> <span class='ocrx_word' id='word_1_17' title='bbox 932 346 1042 384; x_wconf 86' lang='lat' dir='ltr'>Tatii</span> <span class='ocrx_word' id='word_1_18' title='bbox 1087 360 1228 385; x_wconf 90' lang='lat' dir='ltr'>nomen</span> <span class='ocrx_word' id='word_1_19' title='bbox 1261 347 1302 383; x_wconf 91' lang='lat' dir='ltr'>in</span> <span class='ocrx_word' id='word_1_20' title='bbox 1333 346 1383 384; x_wconf 84' lang='lat' dir='ltr'>iis</span> <span class='ocrx_word' id='word_1_21' title='bbox 1413 346 1649 396; x_wconf 84' lang='lat' dir='ltr'>regionibus</span> 
     </span>
     <span class='ocr_line' id='line_1_4' title="bbox 216 416 644 462; baseline 0.005 -10"><span class='ocrx_word' id='word_1_22' title='bbox 216 421 312 462; x_wconf 81' lang='lat' dir='ltr'>erat,</span> <span class='ocrx_word' id='word_1_23' title='bbox 344 416 644 454; x_wconf 78' lang='lat' dir='ltr'>conveniebant.</span> 
     </span>
    </p>

    <p class='ocr_par' dir='ltr' id='par_1_3' title="bbox 175 488 1650 683">
     <span class='ocr_line' id='line_1_5' title="bbox 175 488 1650 540; baseline 0.001 -15"><span class='ocrx_word' id='word_1_24' title='bbox 175 490 198 525; x_wconf 82' lang='lat'>2</span> <span class='ocrx_word' id='word_1_25' title='bbox 331 488 582 526; x_wconf 72' lang='lat' dir='ltr'>Caeninenses</span> <span class='ocrx_word' id='word_1_26' title='bbox 601 488 931 540; x_wconf 80' lang='lat' dir='ltr'>Crustuminique</span> <span class='ocrx_word' id='word_1_27' title='bbox 963 493 1002 526; x_wconf 92' lang='lat' dir='ltr'>et</span> <span class='ocrx_word' id='word_1_28' title='bbox 1025 489 1287 527; x_wconf 78' lang='lat' dir='ltr'>Antemnates</span> <span class='ocrx_word' id='word_1_29' title='bbox 1319 493 1446 538; x_wconf 84' lang='lat' dir='ltr'>erant,</span> <span class='ocrx_word' id='word_1_30' title='bbox 1477 489 1527 527; x_wconf 82' lang='lat' dir='ltr'>ad</span> <span class='ocrx_word' id='word_1_31' title='bbox 1550 502 1650 540; x_wconf 84' lang='lat' dir='ltr'>quos</span> 
     </span>
     <span class='ocr_line' id='line_1_6' title="bbox 219 559 1650 611; baseline 0.002 -15"><span class='ocrx_word' id='word_1_32' title='bbox 219 560 301 596; x_wconf 88' lang='lat' dir='ltr'>eius</span> <span class='ocrx_word' id='word_1_33' title='bbox 332 560 491 597; x_wconf 81' lang='lat' dir='ltr'>iniuriae</span> <span class='ocrx_word' id='word_1_34' title='bbox 522 574 615 610; x_wconf 86' lang='lat' dir='ltr'>pars</span> <span class='ocrx_word' id='word_1_35' title='bbox 645 562 883 611; x_wconf 78' lang='lat' dir='ltr'>pertinebat.</span> <span class='ocrx_word' id='word_1_36' title='bbox 930 561 1056 599; x_wconf 85' lang='lat' dir='ltr'>Lente</span> <span class='ocrx_word' id='word_1_37' title='bbox 1087 574 1204 610; x_wconf 85' lang='lat' dir='ltr'>agere</span> <span class='ocrx_word' id='word_1_38' title='bbox 1235 560 1285 598; x_wconf 91' lang='lat' dir='ltr'>iis</span> <span class='ocrx_word' id='word_1_39' title='bbox 1317 559 1459 598; x_wconf 85' lang='lat' dir='ltr'>Tatius</span> <span class='ocrx_word' id='word_1_40' title='bbox 1491 559 1650 599; x_wconf 85' lang='lat' dir='ltr'>Sabini-</span> 
     </span>
     <span class='ocr_line' id='line_1_7' title="bbox 215 632 1649 683; baseline 0.002 -15"><span class='ocrx_word' id='word_1_41' title='bbox 215 645 290 680; x_wconf 89' lang='lat' dir='ltr'>que</span> <span class='ocrx_word' id='word_1_42' title='bbox 337 632 413 668; x_wconf 84' lang='lat' dir='ltr'>visi</span> <span class='ocrx_word' id='word_1_43' title='bbox 446 636 556 678; x_wconf 85' lang='lat' dir='ltr'>sunt;</span> <span class='ocrx_word' id='word_1_44' title='bbox 603 633 679 682; x_wconf 91' lang='lat' dir='ltr'>ipsi</span> <span class='ocrx_word' id='word_1_45' title='bbox 711 634 817 670; x_wconf 88' lang='lat' dir='ltr'>inter</span> <span class='ocrx_word' id='word_1_46' title='bbox 848 647 887 670; x_wconf 89' lang='lat' dir='ltr'>se</span> <span class='ocrx_word' id='word_1_47' title='bbox 918 636 999 671; x_wconf 89' lang='lat' dir='ltr'>tres</span> <span class='ocrx_word' id='word_1_48' title='bbox 1031 633 1172 683; x_wconf 88' lang='lat' dir='ltr'>populi</span> <span class='ocrx_word' id='word_1_49' title='bbox 1205 632 1467 670; x_wconf 85' lang='lat' dir='ltr'>communiter</span> <span class='ocrx_word' id='word_1_50' title='bbox 1496 632 1649 671; x_wconf 83' lang='lat' dir='ltr'>bellum</span> 
     </span>
    </p>

    <p class='ocr_par' dir='ltr' id='par_1_4' title="bbox 174 703 1650 827">
     <span class='ocr_line' id='line_1_8' title="bbox 174 703 1649 755; baseline 0.001 -15"><span class='ocrx_word' id='word_1_51' title='bbox 174 706 196 744; x_wconf 85' lang='lat'><strong>3</strong></span> <span class='ocrx_word' id='word_1_52' title='bbox 215 707 369 753; x_wconf 78' lang='lat' dir='ltr'>parant.</span> <span class='ocrx_word' id='word_1_53' title='bbox 416 704 475 741; x_wconf 89' lang='lat' dir='ltr'>Ne</span> <span class='ocrx_word' id='word_1_54' title='bbox 493 703 741 742; x_wconf 85' lang='lat' dir='ltr'>Crustumini</span> <span class='ocrx_word' id='word_1_55' title='bbox 774 705 935 754; x_wconf 89' lang='lat' dir='ltr'>quidem</span> <span class='ocrx_word' id='word_1_56' title='bbox 968 709 1086 755; x_wconf 88' lang='lat' dir='ltr'>atque</span> <span class='ocrx_word' id='word_1_57' title='bbox 1104 704 1369 742; x_wconf 83' lang='lat' dir='ltr'>Antemnates</span> <span class='ocrx_word' id='word_1_58' title='bbox 1400 718 1472 755; x_wconf 84' lang='lat' dir='ltr'>pro</span> <span class='ocrx_word' id='word_1_59' title='bbox 1505 705 1649 743; x_wconf 86' lang='lat' dir='ltr'>ardore</span> 
     </span>
     <span class='ocr_line' id='line_1_9' title="bbox 215 774 1650 827; baseline 0.001 -15"><span class='ocrx_word' id='word_1_60' title='bbox 215 776 355 825; x_wconf 80' lang='lat' dir='ltr'>iraque</span> <span class='ocrx_word' id='word_1_61' title='bbox 373 774 668 814; x_wconf 81' lang='lat' dir='ltr'>Caeninensium</span> <span class='ocrx_word' id='word_1_62' title='bbox 693 778 788 814; x_wconf 89' lang='lat' dir='ltr'>satis</span> <span class='ocrx_word' id='word_1_63' title='bbox 815 790 855 814; x_wconf 91' lang='lat' dir='ltr'>se</span> <span class='ocrx_word' id='word_1_64' title='bbox 880 777 1053 827; x_wconf 85' lang='lat' dir='ltr'>impigre</span> <span class='ocrx_word' id='word_1_65' title='bbox 1077 781 1254 824; x_wconf 82' lang='lat' dir='ltr'>movent3</span> <span class='ocrx_word' id='word_1_66' title='bbox 1287 777 1346 814; x_wconf 84' lang='lat' dir='ltr'>ita</span> <span class='ocrx_word' id='word_1_67' title='bbox 1371 790 1445 827; x_wconf 81' lang='lat' dir='ltr'>per</span> <span class='ocrx_word' id='word_1_68' title='bbox 1461 790 1501 814; x_wconf 88' lang='lat' dir='ltr'>se</span> <span class='ocrx_word' id='word_1_69' title='bbox 1518 776 1650 827; x_wconf 89' lang='lat' dir='ltr'>ipsum</span> 
     </span>
    </p>

    <p class='ocr_par' dir='ltr' id='par_1_5' title="bbox 171 844 1650 1186">
     <span class='ocr_line' id='line_1_10' title="bbox 171 844 1648 898; baseline 0.002 -15"><span class='ocrx_word' id='word_1_70' title='bbox 171 844 358 884; x_wconf 83' lang='lat' dir='ltr'>4nomen</span> <span class='ocrx_word' id='word_1_71' title='bbox 391 847 599 885; x_wconf 74' lang='lat' dir='ltr'>Caeninum</span> <span class='ocrx_word' id='word_1_72' title='bbox 644 848 685 885; x_wconf 91' lang='lat' dir='ltr'>in</span> <span class='ocrx_word' id='word_1_73' title='bbox 732 862 872 897; x_wconf 86' lang='lat' dir='ltr'>agrum</span> <span class='ocrx_word' id='word_1_74' title='bbox 904 849 1130 886; x_wconf 86' lang='lat' dir='ltr'>Romanum</span> <span class='ocrx_word' id='word_1_75' title='bbox 1176 849 1367 898; x_wconf 87' lang='lat' dir='ltr'>impetum</span> <span class='ocrx_word' id='word_1_76' title='bbox 1397 849 1503 886; x_wconf 88' lang='lat' dir='ltr'>facit.</span> <span class='ocrx_word' id='word_1_77' title='bbox 1564 847 1648 886; x_wconf 86' lang='lat' dir='ltr'>Sed</span> 
     </span>
     <span class='ocr_line' id='line_1_11' title="bbox 214 919 1650 970; baseline 0.001 -14"><span class='ocrx_word' id='word_1_78' title='bbox 214 919 333 956; x_wconf 88' lang='lat' dir='ltr'>effuse</span> <span class='ocrx_word' id='word_1_79' title='bbox 380 919 627 957; x_wconf 85' lang='lat' dir='ltr'>vastantibus</span> <span class='ocrx_word' id='word_1_80' title='bbox 659 919 704 957; x_wconf 88' lang='lat' dir='ltr'>fit</span> <span class='ocrx_word' id='word_1_81' title='bbox 735 921 875 959; x_wconf 90' lang='lat' dir='ltr'>obvius</span> <span class='ocrx_word' id='word_1_82' title='bbox 908 934 994 958; x_wconf 90' lang='lat' dir='ltr'>cum</span> <span class='ocrx_word' id='word_1_83' title='bbox 1027 921 1203 958; x_wconf 83' lang='lat' dir='ltr'>exercitu</span> <span class='ocrx_word' id='word_1_84' title='bbox 1233 920 1442 970; x_wconf 84' lang='lat' dir='ltr'>Romulus,</span> <span class='ocrx_word' id='word_1_85' title='bbox 1489 920 1650 970; x_wconf 87' lang='lat' dir='ltr'>levique</span> 
     </span>
     <span class='ocr_line' id='line_1_12' title="bbox 214 990 1649 1041; baseline 0.001 -14"><span class='ocrx_word' id='word_1_86' title='bbox 214 991 431 1028; x_wconf 81' lang='lat' dir='ltr'>certamine</span> <span class='ocrx_word' id='word_1_87' title='bbox 464 990 592 1041; x_wconf 85' lang='lat' dir='ltr'>docet,</span> <span class='ocrx_word' id='word_1_88' title='bbox 640 1006 782 1029; x_wconf 88' lang='lat' dir='ltr'>vanam</span> <span class='ocrx_word' id='word_1_89' title='bbox 829 993 912 1029; x_wconf 90' lang='lat' dir='ltr'>sine</span> <span class='ocrx_word' id='word_1_90' title='bbox 944 993 1097 1030; x_wconf 83' lang='lat' dir='ltr'>viribus</span> <span class='ocrx_word' id='word_1_91' title='bbox 1129 993 1228 1030; x_wconf 84' lang='lat' dir='ltr'>iram</span> <span class='ocrx_word' id='word_1_92' title='bbox 1260 1006 1353 1030; x_wconf 90' lang='lat' dir='ltr'>esse.</span> <span class='ocrx_word' id='word_1_93' title='bbox 1414 992 1649 1030; x_wconf 84' lang='lat' dir='ltr'>Exercitum</span> 
     </span>
     <span class='ocr_line' id='line_1_13' title="bbox 215 1063 1648 1114; baseline 0.001 -14"><span class='ocrx_word' id='word_1_94' title='bbox 215 1063 351 1100; x_wconf 89' lang='lat' dir='ltr'>fundit</span> <span class='ocrx_word' id='word_1_95' title='bbox 381 1064 585 1112; x_wconf 82' lang='lat' dir='ltr'>fugatque,</span> <span class='ocrx_word' id='word_1_96' title='bbox 617 1064 748 1100; x_wconf 83' lang='lat' dir='ltr'>fusum</span> <span class='ocrx_word' id='word_1_97' title='bbox 779 1065 1054 1114; x_wconf 80' lang='lat' dir='ltr'>persequitur3</span> <span class='ocrx_word' id='word_1_98' title='bbox 1087 1078 1220 1113; x_wconf 83' lang='lat' dir='ltr'>regem</span> <span class='ocrx_word' id='word_1_99' title='bbox 1252 1065 1294 1101; x_wconf 90' lang='lat' dir='ltr'>in</span> <span class='ocrx_word' id='word_1_100' title='bbox 1324 1063 1466 1114; x_wconf 87' lang='lat' dir='ltr'>proelio</span> <span class='ocrx_word' id='word_1_101' title='bbox 1478 1064 1648 1101; x_wconf 77' lang='lat' dir='ltr'>obtrun-</span> 
     </span>
     <span class='ocr_line' id='line_1_14' title="bbox 214 1135 1649 1186; baseline 0.001 -14"><span class='ocrx_word' id='word_1_102' title='bbox 214 1138 277 1172; x_wconf 85' lang='lat' dir='ltr'>cat</span> <span class='ocrx_word' id='word_1_103' title='bbox 309 1138 346 1172; x_wconf 90' lang='lat' dir='ltr'>et</span> <span class='ocrx_word' id='word_1_104' title='bbox 379 1135 543 1184; x_wconf 81' lang='lat' dir='ltr'>spoliat3</span> <span class='ocrx_word' id='word_1_105' title='bbox 582 1135 680 1173; x_wconf 88' lang='lat' dir='ltr'>duce</span> <span class='ocrx_word' id='word_1_106' title='bbox 711 1136 883 1173; x_wconf 87' lang='lat' dir='ltr'>hostium</span> <span class='ocrx_word' id='word_1_107' title='bbox 916 1137 1058 1182; x_wconf 89' lang='lat' dir='ltr'>occiso,</span> <span class='ocrx_word' id='word_1_108' title='bbox 1089 1137 1227 1174; x_wconf 84' lang='lat' dir='ltr'>urbem</span> <span class='ocrx_word' id='word_1_109' title='bbox 1254 1136 1384 1186; x_wconf 90' lang='lat' dir='ltr'>primo</span> <span class='ocrx_word' id='word_1_110' title='bbox 1409 1136 1560 1186; x_wconf 86' lang='lat' dir='ltr'>impetu</span> <span class='ocrx_word' id='word_1_111' title='bbox 1587 1148 1649 1173; x_wconf 82' lang='lat' dir='ltr'>ca-</span> 
     </span>
    </p>

    <p class='ocr_par' dir='ltr' id='par_1_6' title="bbox 171 1205 1648 1545">
     <span class='ocr_line' id='line_1_15' title="bbox 171 1205 1644 1258; baseline 0.002 -16"><span class='ocrx_word' id='word_1_112' title='bbox 171 1205 194 1242; x_wconf 87' lang='lat'>5</span> <span class='ocrx_word' id='word_1_113' title='bbox 212 1207 284 1256; x_wconf 89' lang='lat' dir='ltr'>pit.</span> <span class='ocrx_word' id='word_1_114' title='bbox 331 1206 432 1244; x_wconf 87' lang='lat' dir='ltr'>Inde</span> <span class='ocrx_word' id='word_1_115' title='bbox 460 1207 637 1244; x_wconf 82' lang='lat' dir='ltr'>exercitu</span> <span class='ocrx_word' id='word_1_116' title='bbox 661 1207 813 1245; x_wconf 83' lang='lat' dir='ltr'>victore</span> <span class='ocrx_word' id='word_1_117' title='bbox 839 1208 1016 1254; x_wconf 82' lang='lat' dir='ltr'>reducto,</span> <span class='ocrx_word' id='word_1_118' title='bbox 1042 1209 1140 1258; x_wconf 89' lang='lat' dir='ltr'>ipse,</span> <span class='ocrx_word' id='word_1_119' title='bbox 1168 1221 1289 1258; x_wconf 89' lang='lat' dir='ltr'>quum</span> <span class='ocrx_word' id='word_1_120' title='bbox 1313 1208 1429 1246; x_wconf 87' lang='lat' dir='ltr'>factis</span> <span class='ocrx_word' id='word_1_121' title='bbox 1454 1208 1516 1246; x_wconf 90' lang='lat' dir='ltr'>vir</span> <span class='ocrx_word' id='word_1_122' title='bbox 1534 1220 1644 1257; x_wconf 86' lang='lat' dir='ltr'>mag-</span> 
     </span>
     <span class='ocr_line' id='line_1_16' title="bbox 213 1278 1648 1330; baseline 0 -14"><span class='ocrx_word' id='word_1_123' title='bbox 213 1278 366 1325; x_wconf 82' lang='lat' dir='ltr'>nificus,</span> <span class='ocrx_word' id='word_1_124' title='bbox 397 1282 480 1315; x_wconf 87' lang='lat' dir='ltr'>tum</span> <span class='ocrx_word' id='word_1_125' title='bbox 513 1279 709 1316; x_wconf 85' lang='lat' dir='ltr'>factorum</span> <span class='ocrx_word' id='word_1_126' title='bbox 740 1282 959 1317; x_wconf 88' lang='lat' dir='ltr'>ostentator</span> <span class='ocrx_word' id='word_1_127' title='bbox 976 1279 1083 1318; x_wconf 88' lang='lat' dir='ltr'>haud</span> <span class='ocrx_word' id='word_1_128' title='bbox 1109 1281 1248 1327; x_wconf 89' lang='lat' dir='ltr'>minor,</span> <span class='ocrx_word' id='word_1_129' title='bbox 1280 1279 1409 1330; x_wconf 87' lang='lat' dir='ltr'>spolia</span> <span class='ocrx_word' id='word_1_130' title='bbox 1435 1279 1545 1316; x_wconf 90' lang='lat' dir='ltr'>ducis</span> <span class='ocrx_word' id='word_1_131' title='bbox 1578 1279 1648 1317; x_wconf 92' lang='lat' dir='ltr'>ho-</span> 
     </span>
     <span class='ocr_line' id='line_1_17' title="bbox 214 1351 1644 1402; baseline 0.001 -15"><span class='ocrx_word' id='word_1_132' title='bbox 214 1351 335 1388; x_wconf 90' lang='lat' dir='ltr'>stium</span> <span class='ocrx_word' id='word_1_133' title='bbox 383 1351 475 1387; x_wconf 84' lang='lat' dir='ltr'>caesi</span> <span class='ocrx_word' id='word_1_134' title='bbox 521 1364 712 1400; x_wconf 88' lang='lat' dir='ltr'>suspensa</span> <span class='ocrx_word' id='word_1_135' title='bbox 741 1352 938 1389; x_wconf 85' lang='lat' dir='ltr'>fabricato</span> <span class='ocrx_word' id='word_1_136' title='bbox 970 1352 1020 1389; x_wconf 86' lang='lat' dir='ltr'>ad</span> <span class='ocrx_word' id='word_1_137' title='bbox 1053 1352 1094 1390; x_wconf 91' lang='lat' dir='ltr'>id</span> <span class='ocrx_word' id='word_1_138' title='bbox 1124 1355 1215 1402; x_wconf 89' lang='lat' dir='ltr'>apte</span> <span class='ocrx_word' id='word_1_139' title='bbox 1246 1351 1397 1389; x_wconf 88' lang='lat' dir='ltr'>ferculo</span> <span class='ocrx_word' id='word_1_140' title='bbox 1429 1365 1569 1400; x_wconf 87' lang='lat' dir='ltr'>gerens</span> <span class='ocrx_word' id='word_1_141' title='bbox 1601 1351 1644 1388; x_wconf 91' lang='lat' dir='ltr'>in</span> 
     </span>
     <span class='ocr_line' id='line_1_18' title="bbox 216 1422 1644 1473; baseline 0.001 -13"><span class='ocrx_word' id='word_1_142' title='bbox 216 1422 459 1472; x_wconf 83' lang='lat' dir='ltr'>Capitolium</span> <span class='ocrx_word' id='word_1_143' title='bbox 492 1423 687 1470; x_wconf 80' lang='lat' dir='ltr'>escendit3</span> <span class='ocrx_word' id='word_1_144' title='bbox 721 1423 861 1473; x_wconf 91' lang='lat' dir='ltr'>ibique</span> <span class='ocrx_word' id='word_1_145' title='bbox 893 1437 937 1461; x_wconf 87' lang='lat' dir='ltr'>ea</span> <span class='ocrx_word' id='word_1_146' title='bbox 969 1437 1090 1473; x_wconf 91' lang='lat' dir='ltr'>quum</span> <span class='ocrx_word' id='word_1_147' title='bbox 1121 1423 1171 1461; x_wconf 89' lang='lat' dir='ltr'>ad</span> <span class='ocrx_word' id='word_1_148' title='bbox 1203 1437 1393 1473; x_wconf 88' lang='lat' dir='ltr'>quercum</span> <span class='ocrx_word' id='word_1_149' title='bbox 1410 1422 1644 1473; x_wconf 81' lang='lat' dir='ltr'>pastoribus</span> 
     </span>
     <span class='ocr_line' id='line_1_19' title="bbox 215 1494 1646 1545; baseline 0.001 -14"><span class='ocrx_word' id='word_1_150' title='bbox 215 1507 369 1532; x_wconf 86' lang='lat' dir='ltr'>sacram</span> <span class='ocrx_word' id='word_1_151' title='bbox 401 1494 661 1544; x_wconf 86' lang='lat' dir='ltr'>deposuisset,</span> <span class='ocrx_word' id='word_1_152' title='bbox 692 1495 808 1532; x_wconf 90' lang='lat' dir='ltr'>simul</span> <span class='ocrx_word' id='word_1_153' title='bbox 841 1509 928 1533; x_wconf 91' lang='lat' dir='ltr'>cum</span> <span class='ocrx_word' id='word_1_154' title='bbox 960 1495 1063 1533; x_wconf 89' lang='lat' dir='ltr'>dono</span> <span class='ocrx_word' id='word_1_155' title='bbox 1095 1495 1326 1544; x_wconf 83' lang='lat' dir='ltr'>designavit</span> <span class='ocrx_word' id='word_1_156' title='bbox 1354 1495 1504 1545; x_wconf 90' lang='lat' dir='ltr'>templo</span> <span class='ocrx_word' id='word_1_157' title='bbox 1535 1495 1646 1533; x_wconf 89' lang='lat' dir='ltr'>Iovis</span> 
     </span>
    </p>

    <p class='ocr_par' dir='ltr' id='par_1_7' title="bbox 174 1565 1647 1831">
     <span class='ocr_line' id='line_1_20' title="bbox 174 1565 1646 1617; baseline -0.001 -12"><span class='ocrx_word' id='word_1_158' title='bbox 174 1565 315 1606; x_wconf 84' lang='lat' dir='ltr'>6fines</span> <span class='ocrx_word' id='word_1_159' title='bbox 355 1579 653 1615; x_wconf 85' lang='lat' dir='ltr'>cognomenque</span> <span class='ocrx_word' id='word_1_160' title='bbox 700 1567 857 1604; x_wconf 86' lang='lat' dir='ltr'>addidit</span> <span class='ocrx_word' id='word_1_161' title='bbox 889 1567 973 1606; x_wconf 88' lang='lat' dir='ltr'>deo.</span> <span class='ocrx_word' id='word_1_162' title='bbox 1039 1567 1250 1617; x_wconf 82' lang='lat' dir='ltr'>„Iuppiter</span> <span class='ocrx_word' id='word_1_163' title='bbox 1281 1567 1467 1605; x_wconf 84' lang='lat' dir='ltr'>Feretri“</span> <span class='ocrx_word' id='word_1_164' title='bbox 1503 1567 1646 1617; x_wconf 86' lang='lat' dir='ltr'>inquit,</span> 
     </span>
     <span class='ocr_line' id='line_1_21' title="bbox 217 1637 1647 1688; baseline 0.001 -14"><span class='ocrx_word' id='word_1_165' title='bbox 217 1638 324 1686; x_wconf 84' lang='lat' dir='ltr'>„haec</span> <span class='ocrx_word' id='word_1_166' title='bbox 355 1638 432 1675; x_wconf 87' lang='lat' dir='ltr'>tibi</span> <span class='ocrx_word' id='word_1_167' title='bbox 464 1638 591 1675; x_wconf 82' lang='lat' dir='ltr'>victor</span> <span class='ocrx_word' id='word_1_168' title='bbox 620 1637 815 1676; x_wconf 82' lang='lat' dir='ltr'>Romulus</span> <span class='ocrx_word' id='word_1_169' title='bbox 846 1653 916 1676; x_wconf 86' lang='lat' dir='ltr'>rex</span> <span class='ocrx_word' id='word_1_170' title='bbox 948 1639 1058 1688; x_wconf 88' lang='lat' dir='ltr'>regia</span> <span class='ocrx_word' id='word_1_171' title='bbox 1089 1652 1199 1676; x_wconf 87' lang='lat' dir='ltr'>arma</span> <span class='ocrx_word' id='word_1_172' title='bbox 1228 1639 1326 1688; x_wconf 85' lang='lat' dir='ltr'>fero,</span> <span class='ocrx_word' id='word_1_173' title='bbox 1372 1639 1647 1688; x_wconf 86' lang='lat' dir='ltr'>templumque</span> 
     </span>
     <span class='ocr_line' id='line_1_22' title="bbox 213 1709 1646 1760; baseline 0.001 -14"><span class='ocrx_word' id='word_1_174' title='bbox 213 1709 276 1746; x_wconf 88' lang='lat' dir='ltr'>his</span> <span class='ocrx_word' id='word_1_175' title='bbox 308 1709 552 1759; x_wconf 80' lang='lat' dir='ltr'>regionibus,</span> <span class='ocrx_word' id='word_1_176' title='bbox 587 1723 684 1759; x_wconf 86' lang='lat' dir='ltr'>quas</span> <span class='ocrx_word' id='word_1_177' title='bbox 708 1711 825 1749; x_wconf 91' lang='lat' dir='ltr'>modo</span> <span class='ocrx_word' id='word_1_178' title='bbox 851 1711 983 1748; x_wconf 90' lang='lat' dir='ltr'>animo</span> <span class='ocrx_word' id='word_1_179' title='bbox 1009 1714 1177 1748; x_wconf 90' lang='lat' dir='ltr'>metatus</span> <span class='ocrx_word' id='word_1_180' title='bbox 1195 1723 1292 1757; x_wconf 87' lang='lat' dir='ltr'>sum,</span> <span class='ocrx_word' id='word_1_181' title='bbox 1324 1709 1480 1760; x_wconf 89' lang='lat' dir='ltr'>dedico,</span> <span class='ocrx_word' id='word_1_182' title='bbox 1512 1710 1646 1748; x_wconf 87' lang='lat' dir='ltr'>sedem</span> 
     </span>
     <span class='ocr_line' id='line_1_23' title="bbox 214 1781 1646 1831; baseline 0.001 -14"><span class='ocrx_word' id='word_1_183' title='bbox 214 1781 358 1830; x_wconf 86' lang='lat' dir='ltr'>opimis</span> <span class='ocrx_word' id='word_1_184' title='bbox 390 1781 544 1831; x_wconf 89' lang='lat' dir='ltr'>spoliis,</span> <span class='ocrx_word' id='word_1_185' title='bbox 592 1795 692 1831; x_wconf 87' lang='lat' dir='ltr'>quae,</span> <span class='ocrx_word' id='word_1_186' title='bbox 738 1782 900 1831; x_wconf 84' lang='lat' dir='ltr'>regibus</span> <span class='ocrx_word' id='word_1_187' title='bbox 932 1782 1180 1831; x_wconf 85' lang='lat' dir='ltr'>ducibusque</span> <span class='ocrx_word' id='word_1_188' title='bbox 1211 1782 1383 1820; x_wconf 87' lang='lat' dir='ltr'>hostium</span> <span class='ocrx_word' id='word_1_189' title='bbox 1414 1782 1537 1831; x_wconf 87' lang='lat' dir='ltr'>caesis,</span> <span class='ocrx_word' id='word_1_190' title='bbox 1583 1794 1646 1819; x_wconf 86' lang='lat' dir='ltr'>me</span> 
     </span>
    </p>

    <p class='ocr_par' dir='ltr' id='par_1_8' title="bbox 171 1853 1645 2264">
     <span class='ocr_line' id='line_1_24' title="bbox 171 1853 1644 1904; baseline 0.001 -14"><span class='ocrx_word' id='word_1_191' title='bbox 171 1855 193 1890; x_wconf 91' lang='lat'><strong>7</strong></span> <span class='ocrx_word' id='word_1_192' title='bbox 213 1856 414 1891; x_wconf 79' lang='lat' dir='ltr'>auctorem</span> <span class='ocrx_word' id='word_1_193' title='bbox 460 1858 670 1903; x_wconf 87' lang='lat' dir='ltr'>sequentes</span> <span class='ocrx_word' id='word_1_194' title='bbox 715 1854 867 1904; x_wconf 86' lang='lat' dir='ltr'>posteri</span> <span class='ocrx_word' id='word_1_195' title='bbox 898 1855 1062 1892; x_wconf 77' lang='lat' dir='ltr'>ferent.“</span> <span class='ocrx_word' id='word_1_196' title='bbox 1126 1853 1224 1892; x_wconf 87' lang='lat' dir='ltr'>Haec</span> <span class='ocrx_word' id='word_1_197' title='bbox 1253 1854 1395 1903; x_wconf 89' lang='lat' dir='ltr'>templi</span> <span class='ocrx_word' id='word_1_198' title='bbox 1427 1858 1488 1891; x_wconf 90' lang='lat' dir='ltr'>est</span> <span class='ocrx_word' id='word_1_199' title='bbox 1517 1854 1644 1904; x_wconf 85' lang='lat' dir='ltr'>origo,</span> 
     </span>
     <span class='ocr_line' id='line_1_25' title="bbox 213 1924 1644 1974; baseline 0.001 -13"><span class='ocrx_word' id='word_1_200' title='bbox 213 1924 320 1973; x_wconf 89' lang='lat' dir='ltr'>quod</span> <span class='ocrx_word' id='word_1_201' title='bbox 352 1925 525 1974; x_wconf 83' lang='lat' dir='ltr'>primum</span> <span class='ocrx_word' id='word_1_202' title='bbox 558 1927 732 1964; x_wconf 90' lang='lat' dir='ltr'>omnium</span> <span class='ocrx_word' id='word_1_203' title='bbox 763 1926 901 1964; x_wconf 76' lang='lat' dir='ltr'>Romae</span> <span class='ocrx_word' id='word_1_204' title='bbox 933 1930 1129 1964; x_wconf 80' lang='lat' dir='ltr'>sacratum</span> <span class='ocrx_word' id='word_1_205' title='bbox 1161 1930 1231 1965; x_wconf 87' lang='lat' dir='ltr'>est.</span> <span class='ocrx_word' id='word_1_206' title='bbox 1306 1925 1371 1964; x_wconf 87' lang='lat' dir='ltr'>Ita</span> <span class='ocrx_word' id='word_1_207' title='bbox 1404 1926 1548 1964; x_wconf 90' lang='lat' dir='ltr'>deinde</span> <span class='ocrx_word' id='word_1_208' title='bbox 1580 1926 1644 1964; x_wconf 86' lang='lat' dir='ltr'>dis</span> 
     </span>
     <span class='ocr_line' id='line_1_26' title="bbox 212 1996 1644 2048; baseline 0.001 -14"><span class='ocrx_word' id='word_1_209' title='bbox 212 1996 353 2041; x_wconf 83' lang='lat' dir='ltr'>visum,</span> <span class='ocrx_word' id='word_1_210' title='bbox 386 2011 456 2034; x_wconf 90' lang='lat' dir='ltr'>nec</span> <span class='ocrx_word' id='word_1_211' title='bbox 488 1997 644 2036; x_wconf 88' lang='lat' dir='ltr'>irritam</span> <span class='ocrx_word' id='word_1_212' title='bbox 675 1998 896 2035; x_wconf 86' lang='lat' dir='ltr'>conditoris</span> <span class='ocrx_word' id='word_1_213' title='bbox 927 1998 1068 2048; x_wconf 87' lang='lat' dir='ltr'>templi</span> <span class='ocrx_word' id='word_1_214' title='bbox 1098 2010 1233 2035; x_wconf 87' lang='lat' dir='ltr'>vocem</span> <span class='ocrx_word' id='word_1_215' title='bbox 1258 2011 1356 2048; x_wconf 81' lang='lat' dir='ltr'>esse,</span> <span class='ocrx_word' id='word_1_216' title='bbox 1387 2011 1466 2047; x_wconf 88' lang='lat' dir='ltr'>qua</span> <span class='ocrx_word' id='word_1_217' title='bbox 1491 1998 1644 2036; x_wconf 88' lang='lat' dir='ltr'>laturos</span> 
     </span>
     <span class='ocr_line' id='line_1_27' title="bbox 214 2069 1645 2120; baseline 0.001 -16"><span class='ocrx_word' id='word_1_218' title='bbox 214 2081 259 2105; x_wconf 92' lang='lat' dir='ltr'>eo</span> <span class='ocrx_word' id='word_1_219' title='bbox 284 2069 414 2118; x_wconf 85' lang='lat' dir='ltr'>spolia</span> <span class='ocrx_word' id='word_1_220' title='bbox 437 2072 617 2119; x_wconf 87' lang='lat' dir='ltr'>posteros</span> <span class='ocrx_word' id='word_1_221' title='bbox 643 2070 902 2120; x_wconf 88' lang='lat' dir='ltr'>nuncupavit,</span> <span class='ocrx_word' id='word_1_222' title='bbox 927 2083 999 2107; x_wconf 91' lang='lat' dir='ltr'>nec</span> <span class='ocrx_word' id='word_1_223' title='bbox 1023 2069 1281 2107; x_wconf 90' lang='lat' dir='ltr'>multitudine</span> <span class='ocrx_word' id='word_1_224' title='bbox 1306 2072 1532 2119; x_wconf 90' lang='lat' dir='ltr'>compotum</span> <span class='ocrx_word' id='word_1_225' title='bbox 1558 2069 1645 2107; x_wconf 88' lang='lat' dir='ltr'>eius</span> 
     </span>
     <span class='ocr_line' id='line_1_28' title="bbox 214 2138 1644 2192; baseline 0.002 -17"><span class='ocrx_word' id='word_1_226' title='bbox 214 2138 309 2177; x_wconf 86' lang='lat' dir='ltr'>doni</span> <span class='ocrx_word' id='word_1_227' title='bbox 338 2141 498 2190; x_wconf 87' lang='lat' dir='ltr'>vulgari</span> <span class='ocrx_word' id='word_1_228' title='bbox 529 2141 698 2181; x_wconf 84' lang='lat' dir='ltr'>laudem.</span> <span class='ocrx_word' id='word_1_229' title='bbox 746 2140 849 2178; x_wconf 89' lang='lat' dir='ltr'>Bina</span> <span class='ocrx_word' id='word_1_230' title='bbox 879 2146 1017 2192; x_wconf 87' lang='lat' dir='ltr'>postea</span> <span class='ocrx_word' id='word_1_231' title='bbox 1048 2141 1153 2178; x_wconf 86' lang='lat' dir='ltr'>inter</span> <span class='ocrx_word' id='word_1_232' title='bbox 1183 2144 1244 2178; x_wconf 89' lang='lat' dir='ltr'>tot</span> <span class='ocrx_word' id='word_1_233' title='bbox 1274 2155 1410 2191; x_wconf 88' lang='lat' dir='ltr'>annos,</span> <span class='ocrx_word' id='word_1_234' title='bbox 1442 2144 1504 2179; x_wconf 91' lang='lat' dir='ltr'>tot</span> <span class='ocrx_word' id='word_1_235' title='bbox 1535 2140 1644 2178; x_wconf 85' lang='lat' dir='ltr'>bella</span> 
     </span>
     <span class='ocr_line' id='line_1_29' title="bbox 214 2212 1643 2264; baseline 0.003 -16"><span class='ocrx_word' id='word_1_236' title='bbox 214 2212 346 2262; x_wconf 86' lang='lat' dir='ltr'>opima</span> <span class='ocrx_word' id='word_1_237' title='bbox 377 2217 493 2262; x_wconf 85' lang='lat' dir='ltr'>parta</span> <span class='ocrx_word' id='word_1_238' title='bbox 524 2218 616 2251; x_wconf 90' lang='lat' dir='ltr'>sunt</span> <span class='ocrx_word' id='word_1_239' title='bbox 646 2215 793 2264; x_wconf 75' lang='lat' dir='ltr'>spolia3</span> <span class='ocrx_word' id='word_1_240' title='bbox 825 2213 923 2251; x_wconf 83' lang='lat' dir='ltr'>adeo</span> <span class='ocrx_word' id='word_1_241' title='bbox 954 2226 1045 2251; x_wconf 87' lang='lat' dir='ltr'>rara</span> <span class='ocrx_word' id='word_1_242' title='bbox 1076 2213 1159 2250; x_wconf 90' lang='lat' dir='ltr'>eius</span> <span class='ocrx_word' id='word_1_243' title='bbox 1190 2213 1351 2251; x_wconf 85' lang='lat' dir='ltr'>fortuna</span> <span class='ocrx_word' id='word_1_244' title='bbox 1375 2212 1530 2250; x_wconf 87' lang='lat' dir='ltr'>decoris</span> <span class='ocrx_word' id='word_1_245' title='bbox 1553 2212 1643 2252; x_wconf 87' lang='lat' dir='ltr'>fuit.</span> 
     </span>
    </p>

    <p class='ocr_par' dir='ltr' id='par_1_9' title="bbox 213 2283 1645 2477">
     <span class='ocr_line' id='line_1_30' title="bbox 328 2283 1645 2334; baseline 0.001 -14"><span class='ocrx_word' id='word_1_246' title='bbox 328 2283 436 2321; x_wconf 88' lang='lat' dir='ltr'>Dum</span> <span class='ocrx_word' id='word_1_247' title='bbox 469 2299 513 2322; x_wconf 90' lang='lat' dir='ltr'>ea</span> <span class='ocrx_word' id='word_1_248' title='bbox 545 2285 603 2322; x_wconf 91' lang='lat' dir='ltr'>ibi</span> <span class='ocrx_word' id='word_1_249' title='bbox 619 2285 792 2324; x_wconf 86' lang='lat' dir='ltr'>Romani</span> <span class='ocrx_word' id='word_1_250' title='bbox 824 2290 980 2334; x_wconf 88' lang='lat' dir='ltr'>gerunt,</span> <span class='ocrx_word' id='word_1_251' title='bbox 1013 2285 1317 2323; x_wconf 87' lang='lat' dir='ltr'>Antemnatium</span> <span class='ocrx_word' id='word_1_252' title='bbox 1348 2284 1546 2322; x_wconf 87' lang='lat' dir='ltr'>exercitus</span> <span class='ocrx_word' id='word_1_253' title='bbox 1571 2296 1645 2334; x_wconf 86' lang='lat' dir='ltr'>per</span> 
     </span>
     <span class='ocr_line' id='line_1_31' title="bbox 213 2355 1643 2395; baseline 0 -3"><span class='ocrx_word' id='word_1_254' title='bbox 213 2355 462 2393; x_wconf 86' lang='lat' dir='ltr'>occasionem</span> <span class='ocrx_word' id='word_1_255' title='bbox 495 2369 539 2393; x_wconf 86' lang='lat' dir='ltr'>ac</span> <span class='ocrx_word' id='word_1_256' title='bbox 570 2357 827 2395; x_wconf 88' lang='lat' dir='ltr'>solitudinem</span> <span class='ocrx_word' id='word_1_257' title='bbox 857 2357 1055 2394; x_wconf 89' lang='lat' dir='ltr'>hostiliter</span> <span class='ocrx_word' id='word_1_258' title='bbox 1085 2357 1125 2393; x_wconf 91' lang='lat' dir='ltr'>in</span> <span class='ocrx_word' id='word_1_259' title='bbox 1156 2356 1254 2395; x_wconf 88' lang='lat' dir='ltr'>fines</span> <span class='ocrx_word' id='word_1_260' title='bbox 1278 2356 1480 2394; x_wconf 87' lang='lat' dir='ltr'>Romanos</span> <span class='ocrx_word' id='word_1_261' title='bbox 1512 2355 1643 2392; x_wconf 88' lang='lat' dir='ltr'>incur-</span> 
     </span>
     <span class='ocr_line' id='line_1_32' title="bbox 214 2427 1643 2477; baseline -0.001 -13"><span class='ocrx_word' id='word_1_262' title='bbox 214 2427 365 2465; x_wconf 88' lang='lat' dir='ltr'>sionem</span> <span class='ocrx_word' id='word_1_263' title='bbox 396 2428 507 2466; x_wconf 86' lang='lat' dir='ltr'>facit.</span> <span class='ocrx_word' id='word_1_264' title='bbox 554 2427 719 2477; x_wconf 88' lang='lat' dir='ltr'>Raptim</span> <span class='ocrx_word' id='word_1_265' title='bbox 753 2433 791 2466; x_wconf 91' lang='lat' dir='ltr'>et</span> <span class='ocrx_word' id='word_1_266' title='bbox 821 2429 872 2466; x_wconf 88' lang='lat' dir='ltr'>ad</span> <span class='ocrx_word' id='word_1_267' title='bbox 903 2429 975 2466; x_wconf 92' lang='lat' dir='ltr'>hos</span> <span class='ocrx_word' id='word_1_268' title='bbox 992 2428 1174 2466; x_wconf 89' lang='lat' dir='ltr'>Romana</span> <span class='ocrx_word' id='word_1_269' title='bbox 1204 2428 1311 2477; x_wconf 85' lang='lat' dir='ltr'>legio</span> <span class='ocrx_word' id='word_1_270' title='bbox 1343 2428 1462 2465; x_wconf 87' lang='lat' dir='ltr'>ducta</span> <span class='ocrx_word' id='word_1_271' title='bbox 1484 2427 1643 2477; x_wconf 85' lang='lat' dir='ltr'>palatos</span> 
     </span>
    </p>

    <p class='ocr_par' dir='ltr' id='par_1_10' title="bbox 171 2498 1645 2763">
     <span class='ocr_line' id='line_1_33' title="bbox 171 2498 1645 2550; baseline -0.001 -14"><span class='ocrx_word' id='word_1_272' title='bbox 171 2499 194 2536; x_wconf 82' lang='lat'><strong><em>2</em></strong></span> <span class='ocrx_word' id='word_1_273' title='bbox 213 2498 255 2535; x_wconf 91' lang='lat' dir='ltr'>in</span> <span class='ocrx_word' id='word_1_274' title='bbox 277 2500 386 2548; x_wconf 87' lang='lat' dir='ltr'>agris</span> <span class='ocrx_word' id='word_1_275' title='bbox 410 2499 618 2549; x_wconf 87' lang='lat' dir='ltr'>oppressit.</span> <span class='ocrx_word' id='word_1_276' title='bbox 650 2500 748 2537; x_wconf 85' lang='lat' dir='ltr'>Fusi</span> <span class='ocrx_word' id='word_1_277' title='bbox 774 2500 898 2549; x_wconf 86' lang='lat' dir='ltr'>igitur</span> <span class='ocrx_word' id='word_1_278' title='bbox 921 2501 1050 2550; x_wconf 90' lang='lat' dir='ltr'>primo</span> <span class='ocrx_word' id='word_1_279' title='bbox 1075 2501 1227 2550; x_wconf 88' lang='lat' dir='ltr'>impetu</span> <span class='ocrx_word' id='word_1_280' title='bbox 1244 2503 1284 2537; x_wconf 87' lang='lat' dir='ltr'>et</span> <span class='ocrx_word' id='word_1_281' title='bbox 1305 2500 1475 2537; x_wconf 87' lang='lat' dir='ltr'>clamore</span> <span class='ocrx_word' id='word_1_282' title='bbox 1490 2498 1645 2544; x_wconf 79' lang='lat' dir='ltr'>hostes3</span> 
     </span>
     <span class='ocr_line' id='line_1_34' title="bbox 213 2568 1642 2621; baseline -0.002 -13"><span class='ocrx_word' id='word_1_283' title='bbox 213 2571 408 2620; x_wconf 87' lang='lat' dir='ltr'>oppidum</span> <span class='ocrx_word' id='word_1_284' title='bbox 440 2574 620 2621; x_wconf 85' lang='lat' dir='ltr'>captum;</span> <span class='ocrx_word' id='word_1_285' title='bbox 652 2571 886 2621; x_wconf 88' lang='lat' dir='ltr'>duplicique</span> <span class='ocrx_word' id='word_1_286' title='bbox 916 2572 1088 2609; x_wconf 87' lang='lat' dir='ltr'>victoria</span> <span class='ocrx_word' id='word_1_287' title='bbox 1105 2574 1289 2609; x_wconf 89' lang='lat' dir='ltr'>ovantem</span> <span class='ocrx_word' id='word_1_288' title='bbox 1304 2571 1522 2609; x_wconf 86' lang='lat' dir='ltr'>Romulum</span> <span class='ocrx_word' id='word_1_289' title='bbox 1538 2568 1642 2606; x_wconf 89' lang='lat' dir='ltr'>Her-</span> 
     </span>
     <span class='ocr_line' id='line_1_35' title="bbox 213 2640 1643 2693; baseline -0.003 -13"><span class='ocrx_word' id='word_1_290' title='bbox 213 2642 305 2680; x_wconf 86' lang='lat' dir='ltr'>silia</span> <span class='ocrx_word' id='word_1_291' title='bbox 350 2643 497 2680; x_wconf 84' lang='lat' dir='ltr'>coniux</span> <span class='ocrx_word' id='word_1_292' title='bbox 535 2643 720 2693; x_wconf 86' lang='lat' dir='ltr'>precibus</span> <span class='ocrx_word' id='word_1_293' title='bbox 749 2646 955 2692; x_wconf 86' lang='lat' dir='ltr'>raptarum</span> <span class='ocrx_word' id='word_1_294' title='bbox 986 2643 1156 2691; x_wconf 83' lang='lat' dir='ltr'>fatigata</span> <span class='ocrx_word' id='word_1_295' title='bbox 1187 2645 1286 2689; x_wconf 88' lang='lat' dir='ltr'>orat,</span> <span class='ocrx_word' id='word_1_296' title='bbox 1332 2645 1378 2680; x_wconf 90' lang='lat' dir='ltr'>ut</span> <span class='ocrx_word' id='word_1_297' title='bbox 1407 2640 1643 2690; x_wconf 87' lang='lat' dir='ltr'>parentibus</span> 
     </span>
     <span class='ocr_line' id='line_1_36' title="bbox 214 2711 1644 2763; baseline -0.001 -13"><span class='ocrx_word' id='word_1_298' title='bbox 214 2726 348 2751; x_wconf 87' lang='lat' dir='ltr'>earum</span> <span class='ocrx_word' id='word_1_299' title='bbox 379 2714 447 2751; x_wconf 89' lang='lat' dir='ltr'>det</span> <span class='ocrx_word' id='word_1_300' title='bbox 469 2715 628 2752; x_wconf 87' lang='lat' dir='ltr'>veniam</span> <span class='ocrx_word' id='word_1_301' title='bbox 653 2718 691 2751; x_wconf 91' lang='lat' dir='ltr'>et</span> <span class='ocrx_word' id='word_1_302' title='bbox 716 2714 757 2751; x_wconf 92' lang='lat' dir='ltr'>in</span> <span class='ocrx_word' id='word_1_303' title='bbox 780 2714 981 2751; x_wconf 88' lang='lat' dir='ltr'>civitatem</span> <span class='ocrx_word' id='word_1_304' title='bbox 1009 2713 1197 2763; x_wconf 88' lang='lat' dir='ltr'>accipiat;</span> <span class='ocrx_word' id='word_1_305' title='bbox 1231 2713 1289 2750; x_wconf 88' lang='lat' dir='ltr'>ita</span> <span class='ocrx_word' id='word_1_306' title='bbox 1312 2725 1396 2750; x_wconf 91' lang='lat' dir='ltr'>rem</span> <span class='ocrx_word' id='word_1_307' title='bbox 1421 2711 1644 2750; x_wconf 81' lang='lat' dir='ltr'>coalescere</span> 
     </span>
    </p>
   </div>
  </div>
 </body>
</html>
