1821 2928
287 87 368 125 218
677 82 792 118 Liber
815 82 885 117 iv.
922 83 979 126 (A.
1005 94 1041 116 u.
1067 94 1096 118 0.
1122 83 1329 126 320—322.)

285 216 396 251 retur
427 212 536 250 omni
553 211 729 249 Etruriae
761 210 985 257 concilium,
1017 211 1126 250 velut
1156 224 1300 260 magno
1331 210 1425 248 inde
1448 211 1623 248 tumultu
1646 210 1718 248 im-

288 285 472 331 minente,
503 287 664 322 senatus
681 283 800 321 Mam.
818 282 1029 320 AEmilium
1061 283 1299 320 dictatorem
1327 283 1471 321 iterum
1497 282 1579 320 dici
1593 282 1718 321 iussit.

249 356 270 392 6
289 356 358 394 Ab
391 369 436 394 eo
467 355 519 394 A.
551 355 782 393 Postumius
813 355 1015 393 Tubertus
1051 355 1240 404 magister
1272 355 1451 405 equitum
1484 357 1544 392 est
1574 353 1722 401 dictus3

287 428 515 477 bellumque
545 430 657 466 tanto
688 427 838 465 maiore
869 440 989 477 quam
1019 427 1203 476 proxime
1229 429 1374 465 conatu
1399 429 1636 476 apparatum
1652 430 1722 471 est,

287 503 435 550 quanto
467 499 559 549 plus
591 502 677 537 erat
707 499 756 537 ab
789 499 895 538 omni
928 498 1092 536 Etruria
1122 498 1304 548 periculi,
1335 511 1454 549 quam
1486 497 1535 535 ab
1567 497 1722 536 duobus

289 571 447 622 populis
478 572 619 609 fuerat.

160 641 218 689 24
405 643 464 681 Ea
493 657 558 682 res
589 644 794 694 aliquanto
827 643 1124 693 exspecta-tione
1156 643 1330 681 omnium
1353 641 1613 692 tranquillior
1634 641 1723 679 fuit.

247 716 270 752 2
290 715 434 766 Itaque
465 728 586 766 quum
617 716 891 753 renuntiatum
918 728 941 752 a
965 715 1254 754 mercatoribus
1272 717 1384 762 esset,
1416 717 1562 763 negata
1579 713 1723 752 Veien-

286 787 397 826 tibus
428 788 592 835 auxilia,
622 788 829 837 iussosque
861 800 931 825 suo
960 787 1127 825 consilio
1143 787 1294 825 bellum
1310 787 1454 825 initum
1470 786 1554 824 suis
1570 785 1723 824 viribus

288 860 452 910 exsequi
490 873 562 897 nec
600 859 857 897 adversarum
895 872 1027 896 rerum
1066 872 1244 909 quaerere
1275 859 1413 907 socios,
1458 871 1547 896 cum
1578 858 1724 908 quibus

249 932 271 969 3
290 945 398 982 spem
424 932 622 981 integram
639 931 924 969 communicari
941 945 1019 969 non
1037 931 1164 979 sirint,
1189 935 1274 969 tum
1292 931 1475 978 dictator,
1500 943 1549 968 ne
1566 929 1725 980 nequic-

289 1018 408 1054 quam
439 1007 594 1042 creatus
626 1007 739 1051 esset,
770 1003 939 1042 materia
970 1003 1194 1053 quaerendae
1224 1003 1331 1041 bello
1363 1002 1502 1052 gloriae
1528 1001 1726 1051 adempta,

288 1077 328 1114 in
359 1090 457 1126 pace
488 1076 645 1126 aliquid
678 1076 811 1126 operis
843 1075 972 1123 edere,
1004 1075 1111 1125 quod
1142 1077 1440 1113 monumentum
1471 1076 1575 1112 esset
1598 1073 1726 1111 dicta·

288 1152 400 1196 turae,
433 1149 611 1199 cupiens,
643 1161 849 1186 censuram
872 1148 1051 1186 minuere
1066 1150 1194 1198 parat,
1220 1160 1289 1185 seu
1306 1146 1472 1184 nimiam
1487 1147 1727 1196 potestatem

288 1223 398 1257 ratus
444 1234 512 1258 seu
558 1234 636 1258 non
681 1223 762 1258 tam
801 1220 1078 1269 magnitudine
1119 1219 1280 1258 honoris
1313 1232 1430 1268 quam
1461 1217 1727 1256 diuturnitate

251 1292 275 1327 4
293 1292 475 1331 offensus
552 1292 746 1340 Contione
801 1292 939 1342 itaque
989 1292 1199 1339 advocata,
1250 1303 1334 1328 rem
1385 1289 1588 1340 publicam
1632 1289 1728 1327 foris

289 1364 504 1414 gerendam
534 1365 593 1402 ait
623 1368 791 1414 tutaque
823 1364 955 1402 omnia
986 1363 1213 1414 praestanda
1243 1362 1338 1400 deos
1368 1361 1615 1400 immortales
1642 1374 1727 1398 sus-

290 1437 461 1487 cepisse3
493 1450 545 1484 se,
576 1436 684 1487 quod
714 1436 821 1474 intra
853 1449 986 1474 muros
1017 1435 1215 1485 agendum
1244 1437 1358 1482 esset,
1387 1433 1569 1472 libertati
1585 1433 1729 1484 populi

290 1509 463 1547 Romani
493 1509 780 1546 consulturum.
841 1508 1058 1546 Maximam
1099 1510 1231 1545 autem
1263 1507 1348 1545 eius
1379 1505 1602 1544 custodiam
1633 1517 1729 1551 esse,

290 1581 324 1618 si
372 1593 515 1629 magna
562 1580 730 1630 imperia
775 1580 968 1617 diuturna
1008 1594 1090 1618 non
1127 1583 1261 1617 essent
1300 1583 1339 1617 et
1368 1577 1559 1628 temporis
1590 1575 1730 1615 modus

257 1651 279 1687 5
302 1655 583 1703 imponeretur,
628 1652 772 1701 quibus
818 1651 920 1688 iuris
966 1652 1116 1701 imponi
1145 1665 1224 1690 non
1255 1653 1399 1701 posset.
1459 1649 1578 1688 Alios
1607 1648 1729 1698 magi·

290 1729 440 1765 stratus
486 1737 637 1761 annuos
683 1736 778 1770 esse,
826 1722 1163 1773 quinquennalem
1208 1735 1435 1768 censuram;
1481 1733 1604 1770 grave
1645 1733 1729 1758 esse

291 1798 433 1836 iisdem
487 1809 558 1846 per
609 1798 669 1833 tot
723 1808 865 1842 annos,
927 1808 1110 1844 magnam
1163 1797 1319 1844 partem
1371 1794 1482 1840 vitae,
1536 1792 1728 1831 obnoxios

290 1871 437 1909 vivere.
483 1867 535 1906 Se
565 1868 693 1917 legem
724 1867 913 1912 laturum,
945 1880 993 1904 ne
1023 1867 1113 1917 plus
1145 1879 1263 1916 quam
1295 1878 1425 1903 annua
1456 1878 1502 1902 ac
1528 1864 1729 1902 semestris

255 1941 277 1976 6
300 1955 467 1981 censura
512 1944 624 1979 esset.
685 1939 891 1977 Consensu
937 1938 1094 1987 ingenti
1138 1937 1280 1988 populi
1318 1937 1446 1987 legem
1476 1939 1634 1987 postero
1665 1935 1731 1974 die

289 2013 471 2065 pertulit,
502 2016 541 2050 et
561 2011 644 2059 „Ut
675 2025 716 2049 re
750 2011 863 2061 ipsa“
898 2011 1031 2061 inquit
1060 2009 1231 2057 „sciatis,
1263 2008 1453 2056 Quirites,
1486 2022 1604 2058 quam
1629 2008 1730 2045 mihi

253 2086 272 2121 7
293 2086 484 2123 diuturna
521 2097 601 2121 non
641 2084 827 2133 placeant
857 2082 1036 2134 imperia,
1082 2082 1280 2120 dictatura
1310 2094 1372 2118 me
1403 2079 1583 2118 abdico.“
1646 2079 1728 2117 De-

290 2157 422 2207 posito
468 2169 538 2193 suo
580 2156 825 2204 magistratu,
873 2154 1062 2206 imposito
1109 2153 1186 2191 fine
1218 2153 1351 2199 alteri,
1402 2165 1491 2190 cum
1521 2150 1730 2201 gratulati·

292 2242 365 2267 one
412 2241 456 2266 ac
502 2227 638 2265 favore
685 2227 839 2276 ingenti
884 2227 1024 2278 populi
1071 2226 1229 2263 domum
1275 2228 1334 2262 est
1363 2223 1566 2261 reductus.
1628 2221 1728 2260 Cen·

293 2314 400 2339 sores
456 2312 561 2348 aegre
612 2298 719 2348 passi
773 2298 1039 2345 Mamercum,
1093 2296 1209 2347 quod·
1253 2295 1532 2344 magistratum
1587 2294 1730 2345 populi

294 2372 466 2411 Romani
525 2370 752 2417 minuisset,
812 2370 923 2408 tribu
981 2372 1191 2407 moverunt
1243 2367 1556 2417 octiplicatoque
1611 2378 1730 2404 censu

254 2444 481 2483 8aerarium
526 2442 718 2480 fecerunt.
774 2442 909 2488 Quam
949 2454 1032 2478 rem
1071 2441 1203 2490 ipsum
1244 2438 1399 2488 ingenti
1431 2437 1562 2476 animo
1592 2436 1730 2474 tulisse

295 2517 439 2563 ferunt,
471 2527 630 2553 causam
660 2513 794 2564 potius
820 2512 1052 2562 ignominiae
1079 2513 1299 2549 intuentem
1315 2523 1434 2560 quam
1452 2508 1730 2557 ignominiam;

296 2589 491 2638 primores
519 2589 688 2637 patrum,
719 2597 947 2635 quanquam
966 2583 1213 2621 deminutum
1232 2593 1407 2620 censurae
1424 2580 1485 2617 ius
1502 2579 1731 2626 noluissent,

297 2659 478 2709 exemplo
511 2657 739 2697 acerbitatis
771 2655 962 2694 censoriae
994 2654 1173 2701 offensos,
1211 2653 1361 2703 quippe
1398 2664 1520 2702 quum
1551 2664 1592 2689 se
1624 2650 1729 2701 quis-
