1821 2928
758 106 876 141 Liber
900 106 927 140 I.
1510 109 1562 147 35

124 235 288 273 eandem
306 234 542 272 sententiam
562 234 658 279 ibat,
685 233 838 271 bellum
864 237 950 271 erat
976 246 1222 273 consensum.
1256 234 1370 271 Fieri
1389 234 1566 284 solitum,

124 310 169 344 ut
192 306 340 344 fetialis
364 306 518 343 hastam
544 306 732 342 ferratam
757 310 825 342 aut
856 309 1071 355 praeustam
1097 305 1356 354 sanguineam
1388 305 1439 342 ad
1470 305 1568 343 fines

124 391 261 416 eorum
280 378 403 415 ferret
421 382 470 426 et,
483 390 563 414 non
580 377 710 414 minus
727 377 859 415 tribus
868 377 1089 426 puberibus
1102 377 1383 426 praesentibus,
1397 377 1567 415 diceret:

127 449 270 498 „Quod
288 449 429 499 populi
440 449 674 486 Priscorum
685 449 925 486 Latinorum
938 448 1197 498 hominesque
1208 448 1568 487 PrisciLatiniad-
1590 449 1641 487 13

124 535 262 560 versus
277 521 471 571 populum
489 520 716 558 Romanum
735 520 953 568 Quiritium
971 520 1164 570 fecerunt,
1178 520 1448 571 deliquerunt,
1463 521 1570 571 quod

124 594 298 644 populus
323 593 527 630 Romanus
554 592 772 640 Quiritium
790 593 939 630 bellum
972 605 1061 629 cum
1092 592 1244 630 Priscis
1267 593 1426 630 Latinis
1451 593 1571 631 iussit

125 679 220 712 esse,
251 669 491 715 senatusque
522 665 664 714 populi
695 664 868 702 Romani
900 664 1122 712 Quiritium
1155 665 1321 710 censuit,
1354 666 1569 715 consensit,

125 738 334 786 conscivit,
375 741 420 774 ut
452 737 599 774 bellum
633 750 720 773 cum
753 736 905 773 Priscis
938 735 1096 773 Latinis
1128 735 1252 783 fieret,
1284 738 1334 774 ob
1366 750 1452 775 eam
1484 751 1568 775 rem

125 823 199 860 ego
231 809 485 860 populusque
517 808 722 846 Romanus
767 808 929 858 populis
962 807 1194 845 Priscorum
1228 808 1466 847 Latinorum
1498 809 1565 848 ho-

124 881 385 930 minibusque
416 880 569 918 Priscis
601 881 759 918 Latinis
791 880 942 918 bellum
975 879 1109 917 indico
1142 880 1367 930 facioque.“
1417 881 1466 918 Id
1496 882 1567 919 ubi
1590 881 1641 920 14

126 954 308 1002 dixisset,
340 952 495 990 hastam
528 954 567 990 in
599 952 699 990 fines
731 966 866 990 eorum
900 953 1121 991 emittebat.
1168 952 1257 989 Hoc
1283 956 1366 990 tum
1384 953 1501 990 modo
1518 953 1570 991 ab

124 1025 284 1064 Latinis
314 1025 496 1075 repetitae
512 1038 575 1063 res
592 1038 637 1062 ac
653 1024 805 1062 bellum
825 1024 1031 1071 indictum,
1064 1037 1294 1074 moremque
1312 1038 1401 1062 eum
1417 1025 1571 1075 posteri

126 1101 377 1147 acceperunt.

238 1170 390 1216 Ancus,
437 1168 677 1206 demandata
722 1182 818 1206 cura
848 1181 1052 1206 sacrorum
1083 1170 1313 1208 flaminibus
1344 1170 1564 1208 sacerdoti·
1651 1165 1707 1214 33

123 1241 278 1291 busque
296 1241 397 1287 aliis,
428 1241 606 1278 exercitu
631 1254 734 1279 novo
753 1242 980 1291 conscripto
998 1242 1203 1291 profectus
1221 1241 1480 1289 Politorium,
1506 1255 1570 1280 ur-

125 1314 216 1351 bem
239 1313 491 1362 Latinorum,
524 1313 565 1349 vi
598 1314 724 1362 cepit;
756 1317 994 1363 secutusque
1026 1326 1175 1350 morem
1207 1326 1347 1363 regum
1378 1314 1570 1364 priorum,

127 1386 196 1435 qui
227 1398 310 1422 rem
327 1384 553 1422 Romanam
585 1389 782 1422 auxerant
812 1385 995 1422 hostibus
1028 1385 1069 1422 in
1087 1385 1294 1423 civitatem
1312 1386 1571 1435 accipiendis,

127 1457 426 1495 multitudinem
459 1469 617 1493 omnem
634 1456 802 1493 Romam
833 1456 1028 1495 traduxit.
1076 1457 1130 1494 Et
1161 1471 1284 1507 quum
1317 1458 1422 1495 circa
1453 1457 1571 1495 Pala·
1590 1459 1614 1495 2

126 1529 240 1574 tium,
286 1528 419 1565 sedem
451 1532 631 1565 veterum
664 1528 954 1578 Romanorum,
1001 1527 1141 1566 Sabini
1174 1528 1420 1578 Capitolium
1454 1533 1574 1579 atque

128 1613 270 1649 arcem,
314 1599 484 1637 Caelium
517 1603 690 1637 montem
721 1600 876 1637 Albani
907 1600 1151 1650 implessent,
1182 1601 1430 1639 Aventinum
1461 1615 1574 1640 novae

128 1671 382 1709 multitudini
415 1671 566 1711 datum.
615 1671 762 1709 Additi
795 1671 932 1709 eodem
964 1671 1072 1710 haud
1090 1673 1147 1710 ita
1163 1673 1289 1711 multo
1308 1677 1409 1723 post,
1443 1673 1572 1712 Telle-

126 1744 191 1782 nis
209 1743 441 1793 Ficanaque
474 1744 617 1793 captis,
648 1744 744 1781 novi
772 1744 892 1781 cives.
937 1743 1180 1783 Politorium
1199 1745 1292 1784 inde
1309 1759 1447 1783 rursus
1463 1746 1570 1784 bello
1589 1746 1613 1784 3

126 1816 358 1865 repetitum,
405 1816 514 1865 quod
559 1828 729 1853 vacuum
762 1821 1058 1866 occupaverant
1088 1817 1220 1856 Prisci
1252 1818 1401 1865 Latini,
1447 1831 1573 1868 eaque

129 1901 249 1926 causa
281 1887 489 1925 diruendae
520 1888 634 1925 urbis
667 1888 753 1925 eius
785 1889 861 1925 fuit
893 1888 1099 1938 Romanis,
1132 1903 1181 1927 ne
1212 1890 1384 1927 hostium
1417 1903 1572 1939 semper

126 1959 424 2009 receptaculum
456 1963 572 1999 esset.
633 1960 844 1998 Postremo
877 1962 984 1998 omni
1015 1961 1121 1999 bello
1154 1962 1300 1999 Latino
1332 1962 1568 2000 Medulliam
1588 1963 1615 2000 4

128 2032 343 2081 compulso,
355 2031 606 2081 aliquamdiu
624 2032 683 2069 ibi
700 2031 835 2070 Marte
852 2033 1019 2082 incerto,
1031 2034 1144 2070 varia
1159 2034 1332 2072 victoria
1349 2037 1572 2084 pugnatum

128 2107 206 2150 est;
237 2116 326 2140 nam
353 2107 392 2140 et
417 2103 514 2141 urbs
540 2107 630 2142 tuta
652 2104 946 2142 munitionibus
963 2105 1233 2156 praesidioque
1259 2105 1418 2144 firmata
1434 2106 1573 2144 valido

128 2177 225 2223 erat,
253 2179 292 2212 et
315 2175 458 2212 castris
482 2175 523 2212 in
551 2179 691 2225 aperto
709 2176 853 2226 positis
871 2177 1088 2226 aliquoties
1106 2178 1303 2216 exercitus
1320 2178 1491 2216 Latinus
1508 2191 1572 2216 co·

127 2246 259 2284 minus
277 2259 364 2284 cum
374 2246 566 2285 Romanis
583 2248 701 2296 signa
719 2248 957 2288 contulerat.
985 2249 1053 2287 Ad
1070 2250 1255 2287 ultimum
1267 2250 1450 2288 omnibus
1461 2251 1569 2300 copi·
1588 2250 1612 2288 5

127 2318 162 2355 is
179 2318 368 2355 connisus
384 2318 525 2356 Ancus
543 2319 628 2356 acie
645 2320 817 2369 primum
834 2320 978 2367 vincit3
997 2322 1088 2360 inde
1105 2322 1260 2371 ingenti
1277 2322 1412 2371 praeda
1428 2326 1571 2371 potens

126 2388 296 2427 Romam
313 2390 430 2436 redit,
446 2394 532 2427 tum
549 2403 708 2440 quoque
724 2392 862 2430 multis
873 2393 1054 2430 millibus
1064 2392 1301 2431 Latinorum
1313 2394 1352 2430 in
1366 2394 1569 2431 civitatem

128 2461 318 2511 acceptis,
351 2462 510 2511 quibus,
542 2467 587 2499 ut
611 2463 844 2511 iungeretur
861 2464 1022 2502 Palatio
1040 2465 1302 2511 Aventinum,
1335 2465 1383 2502 ad
1401 2464 1568 2501 Murciae

128 2533 231 2570 datae
263 2533 387 2570 sedes.
433 2533 660 2571 Ianiculum
687 2548 845 2584 quoque
871 2536 1083 2582 adiectum,
1115 2550 1196 2574 non
1225 2537 1363 2586 inopia
1381 2536 1470 2582 loci,
1501 2536 1569 2574 sed
1589 2538 1612 2574 6

127 2617 176 2642 ne
208 2604 368 2654 quando
414 2618 459 2642 ea
490 2619 562 2643 arx
595 2606 769 2644 hostium
801 2612 915 2645 esset.
976 2607 1025 2644 ld
1055 2621 1134 2644 non
1166 2621 1280 2644 muro
1311 2608 1452 2654 solum,
1499 2608 1568 2645 sed

129 2675 249 2712 etiam
281 2675 331 2713 ob
365 2677 686 2715 commoditatem
718 2678 877 2716 itineris
908 2682 1029 2728 ponte
1062 2678 1247 2723 sublicio,
1280 2682 1363 2715 tum
1396 2679 1568 2728 primum

1317 2759 1361 2790 3*
