1821 2928
270 194 352 231 248
733 203 824 228 Liber
841 202 878 227 Χ.
916 201 963 231 (A.
983 210 1010 227 u.
1030 209 1054 228 c.
1074 203 1144 231 461.)

214 319 351 356 silium
382 318 476 356 inde
508 318 701 356 habitum.
763 317 896 364 Quum
927 317 1008 354 iam
1037 320 1193 367 tempus
1225 320 1327 354 esset
1352 317 1577 356 deducendi
1600 319 1650 356 ab

175 389 197 424 7
217 386 379 425 Samnio
412 387 608 424 exercitus
639 389 708 424 aut
738 386 950 434 utriusque
982 388 1051 423 aut
1088 389 1195 423 certe
1233 386 1417 434 alterius,
1454 387 1651 437 optimum

212 456 352 501 visum,
384 468 462 505 quo
494 455 621 504 magis
651 454 788 492 fractae
811 467 874 491 res
892 452 1135 492 Samnitium
1161 457 1302 502 essent,
1333 468 1377 492 eo
1402 455 1652 505 pertinacius

214 527 253 561 et
284 524 467 561 infestius
499 537 618 573 agere
650 525 783 560 cetera
814 525 853 559 et
869 522 1067 572 persequi,
1097 525 1142 559 ut
1158 523 1429 572 perdomitum
1445 521 1652 561 Samnium

171 593 196 630 8
214 591 520 642 insequentibus
553 592 782 629 consulibus
806 590 915 628 tradi
933 595 1084 641 posset:
1119 591 1279 641 quando
1304 591 1384 629 iam
1400 591 1534 630 nullus
1551 595 1653 629 esset

214 661 388 698 hostium
420 660 638 707 exercitus,
680 659 750 709 qui
783 659 911 708 signis
951 659 1111 697 collatis
1143 659 1406 697 dimicaturus
1436 660 1651 706 videretur,

213 743 335 766 unum
367 742 571 779 superesse
601 728 701 765 belli
731 740 874 776 genus,
913 728 1073 765 urbium
1105 728 1445 777 oppugnationes,
1485 742 1654 779 quarum

215 810 286 847 per
317 796 476 834 excidia
507 796 676 834 militem
709 796 958 845 locupletare
989 797 1127 846 praeda
1159 800 1198 834 et
1227 797 1383 835 hostem
1404 810 1478 846 pro
1502 797 1583 835 aris
1607 810 1652 834 ac

175 866 197 902 9
215 865 314 903 focis
347 865 604 903 dimicantem
635 865 827 903 conficere
859 868 1030 915 possent.
1090 866 1234 915 Itaque
1265 865 1414 903 litteris
1439 865 1571 903 missis
1602 865 1653 903 ad

215 937 394 971 senatum
425 934 696 983 populumque
712 934 939 971 Romanum
971 934 1018 971 de
1050 934 1168 971 rebus
1200 934 1249 971 ab
1274 948 1314 972 se
1338 933 1474 983 gestis,
1504 933 1654 971 diversi

215 1001 408 1052 Papirius
455 1003 505 1040 ad
545 1001 761 1052 Saepinum,
809 1001 1009 1040 Carvilius
1055 1003 1106 1040 ad
1138 1002 1300 1040 Veliam
1345 1001 1655 1053 oppugnandam

216 1071 396 1120 legiones
429 1071 589 1108 ducunt.

82 1135 142 1183 45
331 1139 498 1176 Litterae
517 1139 724 1177 consulum
739 1139 894 1189 ingenti
910 1139 1056 1177 laetitia
1073 1143 1112 1176 et
1137 1139 1179 1176 in
1207 1140 1315 1177 curia
1342 1142 1381 1176 et
1407 1139 1448 1176 in
1472 1139 1655 1176 contione

217 1207 376 1254 auditae,
408 1211 446 1245 et
478 1207 683 1257 quatridui
714 1208 1008 1258 supplicatione
1034 1208 1242 1258 publicum
1266 1208 1461 1257 gaudium
1485 1207 1656 1258 privatis

176 1277 199 1313 2
219 1275 365 1313 studiis
396 1276 642 1314 celebratum
673 1280 742 1314 est.
803 1277 886 1315 Nec
923 1277 1073 1326 populo
1105 1276 1288 1314 Romano
1332 1290 1478 1326 magna
1516 1276 1656 1321 solum,

216 1344 285 1381 sed
316 1348 618 1394 peropportuna
649 1345 771 1382 etiam
802 1359 848 1383 ea
877 1345 1050 1383 victoria
1080 1345 1170 1392 fuit,
1202 1346 1295 1395 quia
1325 1358 1397 1395 per
1421 1345 1528 1382 idem
1553 1344 1655 1382 forte

175 1414 198 1450 3
215 1416 373 1462 tempus
403 1413 619 1451 rebellasse
636 1413 828 1452 Etruscos
845 1414 1013 1452 allatum
1037 1417 1106 1451 est.
1154 1412 1327 1451 Subibat
1352 1413 1545 1463 cogitatio
1572 1413 1654 1450 ani-

215 1494 333 1527 mum,
365 1494 539 1530 quonam
569 1482 685 1520 modo
716 1482 941 1520 tolerabilis
973 1482 1108 1519 futura
1125 1481 1292 1519 Etruria
1322 1481 1475 1529 fuisset,
1506 1481 1540 1518 si
1557 1480 1656 1531 quid

216 1549 259 1586 in
290 1548 456 1587 Samnio
474 1550 634 1587 adversi
652 1551 857 1598 evenisset,
890 1564 978 1600 quae
997 1550 1273 1587 coniuratione
1291 1548 1535 1588 Samnitium
1552 1563 1656 1587 erec-

215 1620 268 1663 ta,
314 1618 504 1667 quoniam
549 1618 666 1656 ambo
709 1619 890 1656 consules
936 1619 1146 1668 omnisque
1184 1618 1368 1656 Romana
1412 1617 1474 1656 vis
1519 1630 1657 1668 aversa

217 1685 260 1722 in
278 1684 485 1723 Samnium
517 1690 629 1733 esset,
661 1688 968 1737 occupationem
998 1687 1141 1736 populi
1156 1686 1332 1724 Romani
1348 1700 1421 1736 pro
1447 1685 1656 1723 occasione

175 1753 443 1791 4rebellandi
474 1755 688 1792 habuisset.
735 1755 979 1804 Legationes
1011 1754 1222 1801 sociorum,
1254 1768 1276 1790 a
1307 1753 1362 1791 M.
1391 1754 1525 1791 Atilio
1555 1766 1655 1803 prae-

215 1826 303 1859 tore
335 1822 378 1859 in
409 1827 589 1860 senatum
621 1823 872 1870 introductae,
905 1822 1188 1872 querebantur,
1219 1822 1282 1859 uri
1309 1836 1354 1860 ac
1370 1821 1522 1859 vastari
1539 1834 1657 1871 agros

217 1905 240 1928 a
270 1891 452 1929 finitimis
468 1891 662 1939 Etruscis,
694 1891 800 1942 quod
818 1891 1039 1929 desciscere
1070 1905 1093 1929 a
1116 1890 1266 1941 populo
1283 1890 1466 1928 Romano
1494 1890 1659 1937 nollent,

178 1959 201 1996 5
222 1960 604 2009 obtestabanturque
635 1963 770 2010 patres
801 1960 1061 2009 conscriptos,
1091 1962 1137 1996 ut
1167 1972 1207 1996 se
1238 1972 1261 1996 a
1290 1959 1332 1996 vi
1364 1961 1485 2008 atque
1511 1958 1660 1996 iniuria

218 2028 486 2065 communium
525 2028 700 2066 hostium
737 2031 975 2066 tutarentur.
1050 2027 1303 2077 Responsum
1345 2026 1507 2076 legatis,
1555 2038 1658 2063 curae

217 2096 374 2133 senatui
404 2096 603 2143 futurum,
640 2110 689 2134 ne
721 2097 850 2134 socios
880 2096 974 2133 fidei
1006 2109 1086 2133 suae
1118 2096 1349 2145 paeniteret-3
1395 2095 1656 2132 Etruscorum

178 2165 201 2201 6
219 2164 454 2214 propediem
485 2165 653 2202 eandem
683 2165 887 2202 fortunam
915 2178 1033 2213 quam
1059 2163 1300 2201 Samnitium
1331 2163 1426 2201 fore.
1487 2162 1658 2211 Segnius

216 2235 362 2279 tamen,
393 2232 500 2282 quod
532 2233 583 2270 ad
613 2233 822 2271 Etruriam
853 2232 1070 2278 attinebat,
1112 2235 1201 2270 acta
1231 2246 1294 2269 res
1326 2234 1444 2279 esset,
1474 2231 1518 2268 ni
1549 2230 1657 2268 Fali-

219 2314 306 2339 scos
338 2314 506 2351 quoque,
538 2301 608 2350 qui
640 2315 711 2351 per
743 2301 889 2338 multos
921 2314 1044 2338 annos
1077 2301 1118 2337 in
1148 2299 1330 2338 amicitia
1360 2299 1531 2346 fuerant,
1561 2298 1659 2336 alla-

182 2370 306 2406 7tum
336 2369 441 2406 foret
471 2382 580 2406 arma
611 2369 795 2406 Etruscis
812 2368 999 2406 iunxisse.
1059 2368 1193 2405 Huius
1219 2367 1502 2418 propinquitas
1517 2366 1659 2417 populi

219 2437 328 2474 acuit
361 2450 496 2474 curam
527 2437 724 2487 patribus,
753 2440 799 2474 ut
829 2436 986 2473 fetiales
1016 2436 1234 2473 mittendos
1264 2435 1315 2473 ad
1337 2449 1401 2473 res
1423 2434 1659 2485 repetendas

220 2508 445 2550 censerent;
492 2505 638 2553 quibus
669 2517 748 2542 non
780 2504 972 2550 redditis,
1011 2517 1058 2541 ex
1090 2504 1329 2541 auctoritate
1360 2506 1519 2553 patrum
1548 2503 1659 2540 iussu

177 2572 359 2622 Spopuli
389 2572 542 2610 bellum
559 2572 730 2610 Faliscis
762 2572 958 2609 indictum
992 2576 1060 2619 est,
1093 2571 1270 2621 iussique
1302 2571 1482 2609 consules
1513 2570 1658 2617 sortiri,

179 2640 309 2677 9uter
341 2653 390 2677 ex
422 2639 585 2678 Samnio
625 2640 667 2680 in
698 2640 906 2677 Etruriam
948 2653 1035 2677 cum
1074 2640 1253 2677 exercitu
1293 2639 1496 2676 transiret.
1570 2638 1659 2676 Iam
