1821 2928
471 86 587 122 Liber
610 86 679 122 IV.
728 88 789 131 (A.
817 87 882 123 Ch.
908 87 1116 132 436-434.)
1437 90 1515 127 217

77 229 163 256 esse
194 216 315 254 iubet.
361 215 673 265 Quibuscunque
704 206 811 254 vires
843 215 1110 266 suppetebant
1141 215 1191 254 ad
1215 228 1325 254 arma
1342 215 1517 262 ferenda,

76 292 222 340 praesto
253 288 376 326 fuere.
424 286 550 338 Signa
580 301 629 325 ex
660 288 802 326 aerario
831 292 1021 338 prompta
1050 288 1233 326 feruntur
1263 288 1315 326 ad
1347 287 1518 326 dictato-

77 375 171 399 rem.
234 361 335 409 Quae
374 374 496 411 quum
535 364 759 409 agerentur,
799 360 932 398 hostes
973 361 1015 398 in
1052 360 1140 398 loca
1181 361 1328 399 altiora
1359 361 1558 399 conces-2

77 447 173 472 sere.
221 433 281 471 Eo
313 432 487 471 dictator
518 433 678 482 agmine
710 433 854 470 infesto
887 432 1024 480 subiit,
1055 445 1126 470 nec
1152 433 1294 483 procul
1320 432 1518 472 Nomento

77 506 202 556 signis
234 505 394 544 collatis
426 505 531 543 fudit
561 505 754 543 Etruscas
786 505 975 555 legiones.
1023 504 1227 555 Compulit
1258 505 1352 543 inde
1384 505 1426 543 in
1455 518 1519 544 ur·

76 578 166 616 bem
197 577 373 615 Fidenas
418 578 605 628 valloque
652 577 936 624 circumdedit;
981 577 1050 614 sed
1095 590 1223 627 neque
1269 578 1389 616 scalis
1429 578 1559 629 capi3

77 652 235 700 poterat
263 650 360 687 urbs
391 650 474 687 alta
505 653 545 688 et
574 650 730 688 munita
760 663 889 699 neque
921 649 962 686 in
995 649 1203 687 obsidione
1226 650 1286 688 vis
1311 651 1396 688 ulla
1423 655 1520 697 erat,

78 722 175 773 quia
204 722 446 760 frumentum
477 736 557 760 non
588 722 821 760 necessitati
852 722 969 760 modo
1008 722 1119 769 satis,
1157 721 1226 759 sed
1266 722 1391 773 copiae
1424 736 1519 772 quo-

77 807 155 845 que
200 794 358 833 abunde
405 808 454 832 ex
501 786 592 832 ant-e
638 798 827 833 convecto
868 794 1104 832 sufficiebat.
1164 794 1230 832 Ita
1260 793 1560 845 expugnandi4

76 867 229 917 pariter
260 867 510 917 cogendique
543 866 594 905 ad
628 866 874 904 deditionem
899 880 968 917 spe
986 867 1143 914 amissa,
1176 866 1350 905 dictator
1368 866 1408 904 in
1424 867 1522 906 locis

79 944 246 990 propter
276 939 623 990 propinquitatem
654 938 761 977 notis
792 939 841 976 ab
874 952 1011 977 aversa
1041 942 1156 990 parte
1186 939 1310 986 urbis,
1350 939 1522 977 maxime

22 1049 27 1053 ,
78 1011 272 1061 neglecta,
313 1012 410 1061 quia
453 1015 593 1062 suapte
625 1015 769 1049 natura
798 1012 998 1050 tutissima
1030 1014 1126 1059 erat,
1166 1023 1284 1060 agere
1317 1011 1359 1048 in
1391 1024 1521 1049 arcem

79 1083 307 1122 cuniculum
339 1084 531 1123 instituit.
576 1084 671 1134 Ipse
704 1083 985 1122 diversissimis
1009 1084 1108 1123 locis
1133 1083 1340 1122 subeundo
1358 1083 1409 1121 ad
1426 1097 1518 1121 moe·
1538 1085 1560 1119 5

77 1157 145 1195 nia
175 1156 461 1207 quadrifariam
496 1156 625 1195 diviso
659 1156 851 1203 exercitu,
883 1157 951 1207 qui
984 1157 1054 1195 alii
1079 1157 1171 1195 aliis
1196 1157 1454 1195 succederent
1471 1155 1521 1193 ad

77 1241 267 1279 pugnam,
313 1230 534 1267 continenti
581 1229 647 1267 die
693 1242 738 1267 ac
784 1232 902 1266 nocte
946 1230 1090 1280 proelio
1136 1229 1186 1267 ab
1228 1242 1346 1266 sensu
1388 1228 1522 1278 operis

78 1301 211 1339 hostes
252 1302 468 1348 avertebat,
509 1301 646 1347 donec,
686 1302 863 1351 perfosso
906 1315 928 1338 a
959 1301 1100 1339 castris
1131 1304 1276 1347 monte,
1315 1304 1447 1339 erecta
1478 1300 1560 1338 in6

78 1386 208 1411 arcem
239 1374 306 1412 via
337 1377 408 1420 est,
439 1373 686 1423 intentisque
710 1372 894 1411 Etruscis
926 1373 977 1411 ad
1008 1387 1131 1411 vanas
1163 1387 1186 1411 a
1216 1376 1325 1412 certo
1342 1373 1521 1423 periculo

79 1446 206 1483 minas
237 1446 387 1483 clamor
417 1458 539 1495 supra
570 1449 690 1495 caput
721 1446 878 1484 hostilis
910 1450 1065 1496 captam
1097 1446 1236 1483 urbem
1269 1445 1457 1483 ostendit.

195 1517 255 1556 Eo
297 1531 400 1556 anno
433 1517 474 1555 C.
506 1518 655 1555 Furius
687 1517 852 1556 Pacilus
891 1522 929 1556 et
968 1518 1021 1556 M.
1054 1517 1260 1568 Geganius
1291 1517 1519 1556 Macerinus
1540 1518 1560 1552 7

81 1603 264 1628 censores
285 1591 422 1628 villam
448 1590 654 1640 publicam
679 1591 720 1628 in
747 1603 885 1641 campo
902 1591 1051 1628 Martio
1068 1591 1351 1641 probaverunt,
1383 1590 1522 1641 ibique

82 1662 252 1712 primum
284 1675 422 1700 census
454 1663 594 1713 populi
625 1666 684 1701 est
714 1666 837 1701 actus.

194 1734 367 1773 Eosdem
391 1735 574 1773 consules
598 1735 827 1785 insequenti
843 1749 947 1773 anno
965 1736 1145 1782 refectos,
1176 1735 1328 1774 Iulium
1344 1737 1521 1783 tertium,
1600 1730 1657 1779 23

81 1805 322 1857 Verginium
355 1807 511 1854 iterum,
544 1807 650 1858 apud
677 1807 859 1846 Macrum
887 1808 1090 1847 Licinium
1122 1808 1315 1859 inveni03,
1332 1807 1522 1847 Valerius
1541 1806 1648 1877 {¹3:¹²
1668 1806 1727 1876 ΞΞῘ·

81 1879 230 1917 Antias
268 1883 310 1918 et
341 1878 386 1927 Q.
419 1879 580 1918 Tubero
611 1880 667 1918 M.
699 1880 900 1919 Manlium
932 1884 972 1918 et
1003 1879 1050 1926 Q.
1084 1878 1309 1930 Sulpicium
1341 1881 1522 1919 consules
1541 1870 1577 1877 -.
1641 1870 1647 1877 ’
1724 1869 1730 1875 ’

81 1951 121 1988 in
152 1963 242 1988 eum
279 1965 424 1990 annum
463 1952 599 1990 edunt.
663 1952 849 1991 Ceterum
881 1953 922 1991 in
953 1956 1035 1990 tam
1067 1952 1313 2003 discrepanti
1345 1953 1562 1992 editione2

82 2025 122 2060 et
135 2023 296 2062 Tubero
328 2028 367 2062 et
382 2025 519 2063 Macer
550 2025 677 2063 libros
710 2025 855 2063 linteos
881 2028 1064 2064 auctores
1081 2024 1340 2076 profitentur;
1371 2029 1524 2073 neuter,

81 2095 264 2134 tribunos
296 2097 470 2134 militum
503 2110 548 2134 eo
581 2110 685 2136 anno
716 2097 852 2144 fuisse,
884 2097 1406 2148 traditumascriptoribus
1423 2099 1523 2136 anti·

84 2167 172 2217 quis
204 2167 439 2207 dissimulat.
485 2169 643 2207 Licinio
673 2170 797 2208 libros
828 2169 936 2208 haud
968 2169 1087 2208 dubie
1118 2171 1232 2221 sequi
1264 2170 1409 2209 linteos
1435 2170 1519 2221 pla·
1539 2170 1561 2206 3

84 2242 162 2287 cet3
207 2240 366 2279 Tubero
413 2241 587 2279 incertus
632 2242 719 2280 veri
757 2246 826 2280 est.
888 2241 952 2280 Sit
996 2242 1102 2280 inter
1148 2245 1281 2281 cetera
1325 2246 1523 2281 vetustate

85 2316 270 2363 cooperta
300 2313 374 2351 hoc
407 2327 566 2363 quoque
598 2314 638 2351 in
670 2315 822 2352 incerto
854 2315 1041 2365 positum.

196 2384 459 2436 Trepidatum
506 2385 547 2423 in
589 2386 756 2424 Etruria
801 2390 861 2424 est
904 2390 996 2437 post
1026 2386 1202 2425 Fidenas
1248 2389 1396 2437 captas,
1441 2386 1563 2422 110114

85 2454 323 2495 Veientibus
335 2457 463 2495 solum
474 2458 679 2496 exterritis
692 2462 800 2496 metu
812 2458 955 2497 similis
965 2459 1128 2506 excidii,
1141 2458 1210 2496 sed
1223 2458 1343 2496 etiam
1355 2456 1525 2495 Faliscis

85 2528 275 2567 memoria
305 2529 399 2567 initi
428 2530 560 2580 primo
579 2543 666 2568 cum
684 2530 733 2568 iis
752 2529 860 2578 belli,
892 2544 1120 2581 quanquam
1137 2529 1427 2568 rebellantibus
1444 2541 1524 2566 non

85 2599 290 2639 affuerant.
335 2601 469 2650 Igitur
500 2616 620 2652 quum
653 2601 741 2640 duae
773 2603 967 2650 civitat-es,
998 2603 1142 2652 legatis
1174 2601 1281 2639 circa
1312 2600 1522 2638 duodecim
1541 2599 1564 2637 5

84 2672 252 2722 populos
282 2673 425 2720 missis,
458 2673 751 2724 impetrassent,
789 2679 834 2713 ut
865 2674 914 2713 ad
946 2674 1177 2713 Voltumnae
1209 2673 1343 2710 fanum
1374 2671 1522 2710 indice·
