1821 2928
578 215 668 241 Liber
686 216 740 241 lx.
776 216 825 245 (A.
846 216 896 241 cn.
916 218 987 245 321.)
1377 208 1455 245 145

1544 334 1560 343 -r

71 329 298 366 Romanum
330 342 375 366 ac
407 327 626 366 Samnitem
659 342 773 379 aequo
804 329 952 368 foedere
977 332 1196 377 victurum;
1233 332 1296 370 his
1320 333 1522 372 condicio·
1542 347 1565 369 ι)

71 396 189 434 nibus
218 400 402 446 paratum
434 411 474 434 se
506 411 589 435 esse
620 397 748 434 foedus
781 411 869 434 cum
901 400 1130 437 consulibus
1160 401 1299 450 ferire3
1342 401 1376 438 si
1413 401 1512 451 quid

71 473 207 502 eorum
248 465 471 514 displiceat,
509 465 664 515 legatos
702 466 833 503 redire
872 465 923 503 ad
961 480 1002 504 se
1039 468 1180 504 vetuit.
1249 469 1348 506 Haec
1389 470 1551 519 quumss

71 532 220 581 legatio
250 533 564 580 renuntiaretur,
593 537 730 571 tantus
761 534 933 582 gemitus
972 535 1149 572 omnium
1187 536 1319 574 subito
1351 540 1512 574 exortus

71 604 130 638 est
160 603 352 650 tantaque
382 601 572 639 m-‘rstitia
603 602 775 648 incessit,
805 606 851 639 ut
880 616 960 640 non
991 602 1152 651 gravius
1175 605 1379 654 accepturi
1401 604 1510 643 vide-

70 672 220 716 rentur,
250 669 284 706 si
314 670 579 717 nuntiaretur,
618 670 802 707 omnibus
841 683 886 708 eo
918 670 1006 708 loco
1045 674 1213 708 mortem
1244 673 1510 722 oppetendam

71 750 165 774 esse.
225 737 358 785 Quum
390 738 459 775 din
484 737 686 775 silentium
710 738 861 784 fuisset,
886 752 957 775 nec
982 738 1164 776 consules
1187 743 1256 776 aut
1271 753 1344 789 pro
1362 740 1510 778 foedere
1530 742 1552 777 7

70 810 152 842 tam
181 805 293 855 turpi
324 809 393 843 aut
424 809 566 843 contra
594 806 721 843 foedus
745 810 827 844 tam
861 807 1126 844 necessarium
1162 807 1316 845 hiscere
1338 812 1510 858 possent,

69 878 154 911 tum
185 873 232 911 L.
263 874 470 921 Lentulus,
501 874 569 924 qui
602 874 717 924 [tum]
750 874 936 924 princeps
967 874 1190 923 legatorum
1215 875 1365 913 virtute
1389 880 1510 926 atque

73 942 288 979 honoribus
320 945 415 988 erat,
436 942 626 988 „Patrem
642 946 796 979 meum“
817 943 960 992 inquit,
994 943 1212 990 „consules
1238 957 1341 994 saepe
1371 944 1553 982 audiviS

70 1013 366 1056 memorantem,
389 1023 428 1048 se
457 1011 497 1047 in
522 1010 725 1060 Capitolio
749 1024 871 1047 unum
895 1025 974 1048 non
998 1011 1120 1049 fuisse
1137 1015 1339 1049 auctorem
1356 1013 1514 1050 senatui

70 1077 313 1115 redimendae
345 1092 442 1116 auro
475 1093 497 1116 a
522 1077 652 1116 Gallis
684 1078 873 1125 civitatis,
905 1078 1065 1128 quando
1097 1093 1168 1116 nec
1194 1080 1299 1117 fossa
1324 1081 1511 1131 valloque

71 1146 120 1183 ab
152 1146 411 1195 ignavissimo
451 1147 503 1184 ad
544 1160 665 1196 opera
705 1160 750 1184 ac
792 1146 1049 1184 muniendum
1080 1147 1192 1185 hoste
1224 1148 1351 1186 clausi
1382 1152 1511 1187 essent

71 1218 110 1251 et
140 1227 357 1263 erumpere,
398 1215 431 1252 si
462 1229 541 1252 non
587 1215 673 1252 sine
703 1226 847 1263 magno
879 1215 1070 1265 periculo,
1110 1220 1243 1253 tamen
1287 1217 1372 1255 sine
1404 1222 1512 1256 certa

70 1282 246 1332 pernicie
286 1287 458 1332 possent.
532 1283 651 1330 Quod
688 1282 733 1329 si,
773 1286 818 1319 ut
857 1282 940 1320 illis
981 1283 1193 1322 decurrere
1225 1297 1273 1321 ex
1305 1284 1551 1334 Capitolio9

37 1361 42 1364 ·
71 1350 233 1388 armatis
265 1350 307 1387 in
337 1350 492 1389 hostem
522 1351 649 1397 licuit,
680 1364 757 1401 quo
782 1364 886 1400 saepe
912 1351 1029 1389 modo
1056 1352 1205 1389 obsessi
1222 1352 1263 1388 in
1280 1353 1512 1392 obsident-es

71 1421 300 1468 eruperunt,
331 1418 390 1456 ita
420 1419 534 1457 nobis
566 1432 679 1469 aequo
711 1422 780 1456 aut
811 1419 951 1469 iniquo
983 1419 1070 1457 loco
1095 1419 1316 1458 dimicandi
1337 1424 1510 1459 tantum-

71 1486 190 1524 modo
221 1499 310 1524 cum
341 1486 454 1524 hoste
486 1487 603 1536 copia
636 1490 750 1534 esset,
779 1500 860 1524 non
891 1486 990 1524 mihi
1015 1487 1175 1536 paterni
1205 1488 1328 1525 animi
1352 1489 1510 1527 indoles

70 1554 111 1591 in
143 1554 313 1592 oonsilio
345 1553 478 1592 dando
511 1554 674 1593 deesset.
734 1555 934 1605 Equidem
965 1558 1135 1593 mortem
1158 1569 1230 1605 pro
1253 1557 1387 1606 pat-ria
1409 1571 1508 1607 prae-
1531 1560 1580 1597 lO

69 1621 219 1659 claram
256 1635 339 1659 esse
377 1623 517 1670 fateor,
555 1627 595 1660 et
632 1637 693 1661 me
723 1624 787 1661 vel
818 1623 1012 1661 devovere
1043 1637 1116 1674 pro
1146 1624 1296 1674 populo
1327 1624 1511 1665 Romano

68 1689 374 1740 legionibusque
396 1691 460 1728 vel
487 1691 527 1728 in
551 1691 701 1729 medios
725 1691 816 1743 [me]
836 1692 1054 1729 immittere
1076 1691 1209 1729 hostes
1226 1696 1390 1742 paratus
1407 1707 1510 1741 sum3

68 1758 137 1796 sed
160 1758 226 1795 hic
250 1758 425 1808 patriam
447 1759 578 1806 video,
601 1760 665 1797 hic
689 1760 885 1810 quicquid
908 1760 1179 1798 Romanarum
1204 1760 1407 1809 legionum
1433 1767 1508 1809 est;
1532 1765 1572 1800 1]

68 1840 156 1876 quae
188 1827 267 1864 nisi
298 1841 371 1877 pro
403 1841 442 1865 se
475 1828 574 1878 ipsis
605 1829 656 1866 ad
688 1833 855 1867 mortem
886 1842 1002 1866 ruere
1032 1828 1186 1875 volunt,
1217 1829 1316 1878 quid
1347 1830 1508 1877 habent.

68 1895 175 1944 quod
206 1898 333 1932 morte
363 1908 433 1932 sua
463 1896 649 1934 servent?
709 1896 833 1934 Tecta
863 1897 986 1943 urbis,
1017 1896 1126 1933 dicat
1157 1897 1314 1946 aliquis,
1346 1901 1385 1935 et
1415 1912 1506 1936 moe·
1530 1900 1577 1936 12

69 1963 137 2001 nia
177 1967 217 2000 et
257 1976 342 2000 eam
379 1965 551 2011 turbam,
591 1978 615 2002 a
646 1978 725 2014 qua
764 1965 860 2002 urbs
902 1964 1103 2002 incolitur.
1177 1964 1305 2002 Immo
1347 1965 1508 2004 hercule

71 2031 301 2080 produntur
347 2045 392 2068 ea
438 2032 582 2079 omnia,
628 2032 759 2070 deleto
807 2032 881 2070 hoc
927 2032 1117 2078 exercitu.
1162 2044 1242 2069 non
1286 2037 1508 2072 servantur.

69 2098 168 2146 Quis
208 2099 312 2136 enim
351 2113 397 2137 ea
440 2100 650 2138 tuebitur?
723 2100 905 2138 Imbellis
944 2099 1135 2138 videlicet
1178 2104 1299 2151 atque
1343 2102 1508 2141 inermis
1530 2104 1579 2141 13

67 2167 299 2205 multitudo.
358 2167 457 2205 Tam
488 2168 659 2214 hercule,
690 2182 808 2218 quam
840 2182 863 2206 a
895 2166 1103 2206 Gallorum
1135 2168 1286 2219 impetu
1317 2169 1508 2208 defendit.

68 2234 137 2273 An
169 2248 192 2272 a
222 2235 338 2272 Veiis
369 2236 586 2273 exercitum
604 2235 898 2286 Camillumque
922 2236 1062 2273 ducem
1085 2237 1389 2287 implorabunt?
1425 2238 1505 2275 Hic
1529 2241 1578 2277 14

68 2316 202 2341 omnes
242 2317 331 2353 spes
369 2317 542 2353 opesque
582 2307 686 2351 sunt,
727 2318 827 2354 quas
867 2304 1063 2343 servando
1093 2305 1264 2355 patriam
1298 2319 1511 2353 serva-mus,

69 2371 252 2409 dedendo
283 2371 335 2409 ad
366 2385 500 2409 necem
531 2373 702 2422 patriam
736 2372 953 2410 deserimus
984 2385 1029 2410 ac
1061 2373 1279 2423 prodimus.
1320 2373 1380 2411 At
1403 2375 1509 2413 foeda

67 2442 189 2489 atque
220 2439 489 2488 ignominiosa
520 2440 676 2478 deditio
708 2444 777 2478 est.
837 2439 916 2478 Sed
949 2454 994 2478 ea
1025 2441 1171 2478 caritas
1203 2441 1345 2490 patriae
1363 2446 1433 2489 est,
1463 2444 1578 2480 ut15

67 2510 149 2544 tam
180 2507 402 2556 ignominia
433 2522 517 2545 eam
551 2522 668 2558 quam
701 2512 828 2546 morte
859 2512 1006 2555 nostra,
1024 2509 1058 2546 si
1082 2523 1180 2558 opus
1205 2509 1266 2547 sit.
1298 2523 1508 2548 servemus.

68 2572 271 2613 Subeatur
300 2589 395 2625 ergo
428 2576 516 2623 ista,
547 2581 853 2628 quantacunque
883 2580 954 2624 est,
996 2577 1218 2626 indignitas
1249 2582 1289 2614 et
1319 2582 1508 2627 pareatur
1529 2581 1578 2617 16

68 2643 317 2690 necessitati,
362 2658 480 2694 quam
526 2659 574 2682 ne
621 2645 662 2682 (li
709 2645 869 2695 quidem
913 2650 1116 2696 superant.
1189 2645 1273 2692 Ite,
1318 2647 1510 2693 consules,

138 2720 242 2746 Livius
268 2728 305 2746 ex
326 2729 383 2747 ree.
403 2722 546 2752 Madvigii
574 2723 613 2747 11.
1234 2723 1275 2755 10
