1821 2928
310 110 387 147 180
758 105 871 142 Liber
896 107 968 141 111.
1016 108 1078 151 (A.
1104 119 1140 141 u.
1167 119 1196 142 c.
1222 109 1313 142 305.»

305 247 425 283 quum
463 234 567 271 tanti
607 234 682 270 viri
725 235 922 284 supplicio
962 238 1112 272 suamet
1153 234 1260 284 plebi
1291 235 1366 272 iam
1405 235 1530 273 nimia
1566 235 1730 275 libertas

302 305 515 350 videretur,
547 306 587 342 in
619 318 813 343 carcerem
845 310 903 343 est
935 307 1153 351 coniectus;
1201 306 1384 344 tribunus
1425 307 1462 343 ei
1505 306 1608 344 diem
1641 320 1730 357 pro-

305 376 417 415 dixit.

266 452 287 486 7
419 448 531 485 Inter
568 448 649 485 haec
683 448 732 485 ab
765 448 920 486 Latinis
961 453 997 486 et
1031 448 1218 486 Hernicis
1251 449 1375 498 legati
1407 449 1650 498 gratulatum
1681 449 1730 488 de

305 519 520 557 concordia
550 523 708 569 patrum
740 533 782 556 ac
814 520 944 570 plebis
976 519 1145 557 Romam
1177 524 1381 567 venerunt,
1423 520 1648 570 donumque
1679 520 1730 558 ob

302 604 385 629 eam
431 591 520 628 Iovi
567 591 717 640 optimo
763 593 932 629 maximo
980 605 1166 629 coronam
1207 606 1366 629 auream
1406 592 1447 629 111
1487 591 1730 642 Capitolium

303 663 430 700 tulere
462 662 576 712 parvi
607 663 807 712 ponderis,
849 666 968 713 prout
1007 677 1069 700 res
1109 663 1212 700 haud
1254 664 1454 714 opulentae
1485 668 1599 702 erant
1629 664 1730 702 cole-

264 736 288 773 8
305 735 530 783 banturque
561 734 776 782 religiones
801 735 866 784 pie
893 735 1018 783 magis
1043 748 1160 784 quam
1186 734 1408 784 magnifice.
1469 735 1618 774 Iisdem
1641 749 1733 773 auc-

303 806 457 843 toribus
490 806 692 853 cognitum
732 810 801 852 est,
840 806 994 856 AEquos
1027 806 1274 856 Volscosque
1312 819 1463 844 summa
1500 807 1541 844 vi
1581 807 1731 845 bellum

263 881 508 928 9apparare.
598 877 740 927 Itaque
779 879 924 927 partiri
966 878 1191 928 provincias
1233 878 1411 915 consules
1450 878 1559 916 iussi.
1647 878 1730 916 Ho-

303 949 404 986 ratio
437 947 590 997 Sabini,
639 948 804 986 Valerio
854 949 978 998 AEqui
1020 963 1195 987 evenere.
1271 949 1402 1003 Quum
1441 949 1492 987 ad
1537 963 1582 987 ea
1627 949 1732 988 bella

303 1021 489 1058 dilectum
523 1020 752 1069 edixissent,
799 1021 933 1058 favore
979 1021 1108 1071 plebis
1154 1035 1231 1059 non
1273 1021 1446 1059 iuniores
1484 1021 1613 1068 modo,
1659 1021 1730 1059 sed

302 1092 478 1130 emeritis
505 1093 623 1129 etiam
648 1092 858 1142 stipendiis
886 1106 979 1142 pars
1003 1107 1145 1142 magna
1162 1093 1481 1131 voluntariorum
1505 1092 1556 1130 ad
1572 1092 1732 1131 nomina

303 1164 435 1201 danda
465 1167 612 1213 praesto
643 1164 767 1213 fuere,
800 1177 924 1214 eoque
949 1178 1026 1202 non
1052 1166 1169 1215 copia
1193 1165 1322 1214 modo,
1356 1165 1424 1202 sed
1451 1178 1596 1215 genere
1613 1165 1731 1203 etiam

237 1235 286 1272 10
304 1235 486 1281 militum,
526 1236 723 1273 veteranis
762 1236 964 1281 admixtis,
1008 1235 1158 1274 firmior
1201 1237 1398 1274 exercitus
1429 1236 1519 1275 fuit.
1593 1235 1730 1274 Prius-

300 1320 419 1356 quam
450 1306 547 1344 urbe
579 1307 875 1355 egrederentur,
916 1308 1024 1357 leges
1058 1308 1351 1357 decemvirales,
1395 1308 1541 1358 quibus
1579 1306 1730 1345 tabulis

302 1378 510 1416 duodecim
542 1383 601 1416 est
631 1392 784 1425 nomen,
828 1379 868 1416 in
901 1392 953 1416 aes
985 1380 1130 1417 incisas
1169 1381 1208 1417 in
1239 1380 1398 1430 publico
1429 1381 1732 1430 proposuerunt.

300 1448 421 1495 Sunt,
469 1451 538 1500 qui
583 1450 690 1488 iussu
736 1450 989 1488 tribunorum
1036 1451 1171 1489 aediles
1215 1452 1370 1489 functos
1416 1464 1460 1489 eo
1506 1450 1729 1488 ministerio

301 1522 491 1559 scribant.

190 1590 243 1639 58
417 1593 458 1630 C.
493 1593 698 1639 Claudius,
731 1594 800 1642 qui
832 1607 995 1643 perosus
1028 1595 1340 1632 decemvirorum
1380 1594 1530 1632 scelera
1569 1597 1607 1630 et
1638 1595 1729 1631 ante

302 1677 434 1702 omnes
466 1664 602 1702 fratris
643 1664 718 1701 filii
759 1666 954 1714 superbiae
987 1666 1155 1702 infestus
1186 1665 1404 1714 Regillum,
1451 1665 1659 1714 antiquam
1688 1664 1730 1701 in

301 1736 485 1786 patriam,
519 1749 558 1773 se
591 1736 826 1784 contulerat,
861 1737 892 1774 is
923 1750 1067 1785 magno
1100 1737 1177 1774 iam
1208 1740 1304 1773 natu
1329 1749 1450 1786 quum
1477 1736 1527 1774 ad
1553 1735 1732 1786 pericula

302 1808 385 1845 eius
417 1808 667 1858 deprecanda
698 1807 876 1854 redisset,
910 1808 1023 1845 cuius
1055 1808 1153 1845 vitia
1183 1808 1351 1856 fugerat,
1382 1807 1610 1846 sordidatus
1642 1820 1730 1845 011111

301 1879 519 1928 gentilibus
552 1880 843 1929 clientibusque
875 1880 916 1916 in
948 1880 1033 1916 foro
1058 1880 1272 1929 prensabat
1298 1880 1478 1928 singulos
1501 1879 1730 1929 orabatque,

264 1952 286 1987 2
306 1964 353 1988 ne
384 1950 564 1989 Claudiae
595 1952 704 2000 genti
729 1964 814 1988 eam
838 1951 1010 1988 inustam
1035 1951 1227 1988 maculam
1253 1951 1414 2000 vellent,
1444 1954 1489 1989 ut
1512 1964 1669 1989 carcere
1691 1953 1731 1988 et

299 2022 470 2060 vinculis
492 2022 724 2061 viderentur
756 2023 881 2071 digni.
942 2022 1085 2061 Virum
1116 2023 1432 2060 honoratissimae
1463 2022 1648 2070 imaginis
1670 2021 1730 2060 fu-

301 2098 433 2131 turum
465 2094 515 2131 ad
546 2097 739 2144 posteros,
771 2094 901 2143 legum
934 2094 1100 2132 latorem
1122 2094 1448 2144 conditoremque
1471 2093 1645 2131 Romani
1671 2093 1728 2131 111-

265 2165 372 2214 3ris,
404 2165 531 2202 iacere
562 2166 736 2203 vinctum
770 2166 875 2203 inter
905 2166 1012 2203 fures
1043 2169 1258 2203 nocturnos
1290 2179 1335 2203 ac
1366 2166 1551 2203 latrones.
1603 2163 1730 2202 Aver-

301 2240 433 2274 terent
444 2237 491 2274 ab
510 2237 570 2274 ira
585 2250 798 2287 parumper
815 2237 865 2275 ad
883 2237 1152 2286 cognitionem
1179 2236 1538 2287 cogitationemque
1562 2236 1727 2282 animos,

303 2311 342 2346 et
371 2308 504 2358 potius
530 2321 652 2345 unum
676 2311 736 2345 tot
763 2308 945 2346 Claudiis
971 2308 1276 2358 deprecantibus
1301 2308 1580 2355 condonarent,
1611 2320 1730 2358 quam

254 2380 461 2429 4propter
504 2379 619 2416 unius
666 2378 800 2416 odium
846 2379 1061 2417 multorum
1105 2392 1241 2429 preces
1286 2383 1603 2430 aspernarentur.
1677 2377 1729 2417 Se

304 2463 463 2500 quoque
509 2449 549 2487 id
590 2450 727 2499 generi
765 2463 809 2487 ac
851 2451 1002 2488 nomini
1046 2451 1139 2488 dare
1179 2464 1251 2488 nec
1291 2464 1379 2489 cum
1410 2464 1455 2489 eo
1487 2451 1527 2488 in
1559 2451 1728 2500 gratiam

304 2522 466 2569 redisse,
498 2522 609 2559 cuius
627 2521 804 2559 adversae
820 2521 990 2558 fortunae
1007 2522 1106 2559 velit
1122 2535 1363 2561 succursum.
1428 2521 1592 2560 Virtute
1609 2521 1727 2560 liber-

302 2596 425 2630 tatem
455 2595 727 2643 recuperatam
751 2605 853 2638 esse3
887 2592 1097 2630 clementia
1123 2593 1374 2631 concordiam
1399 2592 1580 2630 ordinum
1605 2593 1727 2631 stabi-

269 2663 375 2701 5liri
413 2677 540 2714 posse.
614 2664 752 2710 Erant,
797 2676 895 2713 quos
934 2667 1109 2700 moveret
1151 2677 1220 2701 sua
1260 2663 1385 2713 magis
1424 2664 1571 2714 pietate
1609 2677 1727 2714 quam
