1821 2928
301 157 381 194 150
736 150 850 185 Liber
874 149 948 185 ΠΙ.
997 150 1056 193 (A.
1082 161 1116 185 u.
1141 161 1172 185 c.
1197 151 1290 194 296.)

259 283 282 319 3
300 294 423 331 prope
456 279 596 318 intacti
626 278 731 316 bello
762 278 861 316 fines
891 278 1065 316 Romani
1095 277 1341 317 viderentur.
1391 277 1572 316 Minucio
1603 291 1740 328 neque·

300 354 461 391 fortuna
498 365 570 389 nec
609 350 669 389 vis
711 350 834 387 animi
865 351 1002 388 eadem
1031 350 1072 386 in
1104 349 1275 398 gerendo
1307 350 1467 399 negotio
1498 349 1595 396 fuit-,3
1640 363 1731 388 nam

301 437 421 475 quum
452 424 559 461 haud
589 422 728 472 procul
760 422 809 459 ab
834 422 946 460 hoste
969 426 1099 459 castra
1121 421 1331 471 posuisset,
1360 421 1474 459 nulla
1489 434 1734 472 magnopere

262 497 418 534 4clade
449 498 621 544 accepta,
661 493 802 531 castris
840 507 880 531 se
918 492 1087 543 pavidus
1117 493 1290 531 tenebat.
1352 492 1470 540 Quod
1500 492 1571 530 ubi
1601 505 1732 531 sense-

304 572 397 605 runt
429 567 573 613 hostes,
618 566 744 603 crevit
775 578 822 603 ex
853 570 959 602 metu
991 565 1133 614 alieno,
1177 568 1222 602 ut
1251 564 1307 612 fit,
1338 564 1517 613 audacia,
1550 568 1590 602 et
1619 568 1735 602 nocte

305 639 434 677 adorti
467 643 605 683 castra,
637 642 847 688 postquam
879 650 1018 687 parum
1044 637 1103 674 vis
1131 641 1268 686 aperta
1284 636 1518 686 profecerat,
1550 635 1736 674 munitio·

305 725 372 749 nes
412 715 571 761 postero
613 709 677 747 die
709 709 965 747 circumdant.
1026 707 1125 754 Quae
1155 709 1389 758 priusquam
1419 707 1598 758 undique
1627 707 1736 745 vallo

307 783 472 821 obiectae
504 781 732 820 clauderent
764 782 907 831 exitus,
941 781 1118 831 quinque
1149 781 1304 830 equites
1330 780 1434 817 inter
1460 779 1652 817 stationes
1667 779 1736 816 ho-

308 856 427 893 stium
445 854 574 892 emissi
589 853 757 891 Romam
774 854 988 903 pertulere,
1017 853 1218 891 consulem
1235 852 1532 901 exercitumque
1549 850 1736 889 obsideri.

268 925 423 964 5Nihil
459 929 540 963 tam
580 925 832 975 inopinatum
873 938 943 962 nec
982 928 1063 962 tam
1104 924 1353 974 insperatum
1384 923 1562 961 accidere
1592 922 1737 972 potuit.

306 998 450 1048 Itaque
480 1002 614 1035 tantus
646 1010 782 1047 pavor,
824 1001 937 1035 tanta
967 996 1184 1046 trepidatio
1215 996 1304 1043 fuit,
1342 999 1491 1045 quanta
1520 995 1555 1033 si
1584 993 1737 1043 urbem⁷

268 1072 387 1108 finon
428 1074 557 1107 castra
597 1069 729 1107 hostes
770 1068 1009 1106 obsiderent.
1069 1067 1260 1107 Nautium
1293 1067 1494 1105 consulem
1525 1069 1741 1103 arcessunt.

307 1142 357 1180 In
402 1155 480 1192 quo
527 1155 649 1191 quum
686 1154 826 1191 parum
867 1140 1047 1190 praesidii
1077 1139 1282 1177 videretur
1312 1138 1627 1187 dictatoremque
1658 1136 1741 1174 dici

307 1215 496 1264 placeret,
530 1212 599 1262 qui
629 1226 711 1250 rem
743 1212 965 1262 perculsam
996 1212 1236 1258 restitueret,
1267 1210 1313 1249 L.
1343 1210 1556 1258 Quinctius
1584 1208 1742 1246 Cincin-

310 1290 424 1323 natus
456 1298 649 1323 consensu
680 1284 853 1321 omnium
885 1283 1043 1320 dicitur.

270 1356 291 1391 7
425 1355 566 1406 Operae
598 1356 772 1406 pretium
798 1359 858 1392 est
881 1355 1031 1403 audire,
1065 1355 1133 1404 qui
1151 1354 1284 1392 omnia
1300 1366 1382 1403 prae
1400 1353 1554 1391 divitiis
1570 1353 1742 1390 humana

311 1432 502 1479 spernunt
548 1440 676 1477 neque
720 1427 864 1464 honori
908 1439 1051 1475 magno
1097 1427 1226 1464 locum
1266 1438 1395 1475 neque
1426 1425 1568 1463 virtuti
1598 1427 1744 1474 putant

269 1500 293 1536 8
312 1514 408 1550 esse,
441 1500 519 1538 nisi
549 1499 622 1537 ubi
654 1499 774 1536 effuse
805 1499 971 1536 affluant
1001 1511 1108 1547 opes.
1156 1496 1255 1548 Spes
1279 1497 1400 1535 unica
1423 1496 1582 1547 imperii
1597 1495 1738 1546 populi

310 1572 495 1622 Romani,
527 1571 575 1611 L.
594 1571 802 1618 Quinctius
832 1574 943 1607 trans
959 1569 1148 1616 Tiberim,
1180 1574 1318 1606 contra
1341 1582 1429 1606 eum
1447 1569 1578 1619 ipsum
1594 1568 1740 1616 locum,

310 1643 381 1680 ubi
411 1656 515 1680 nunc
545 1643 706 1681 navalia
736 1647 838 1687 sunt,
872 1645 1061 1690 quattuor
1087 1641 1267 1689 iugerum
1294 1640 1452 1678 colebat
1467 1653 1619 1690 agrum,
1652 1650 1741 1688 quae

272 1715 428 1766 9prata
460 1714 648 1761 Quinctia
678 1718 882 1752 vocantur.
942 1712 1009 1749 Ibi
1040 1712 1090 1749 ab
1122 1711 1280 1760 legatis,
1312 1724 1380 1749 seu
1410 1712 1553 1749 fossam
1582 1710 1741 1748 fodiens

310 1787 412 1837 palae
442 1786 616 1835 innixus,
649 1798 717 1823 seu
749 1798 869 1834 quum
900 1788 1044 1829 araret,
1078 1783 1189 1833 operi
1222 1787 1339 1832 certe,
1371 1783 1413 1820 id
1445 1782 1552 1833 quod
1575 1784 1743 1827 constat,

312 1859 458 1908 agresti
490 1858 678 1903 intentus,
709 1857 838 1895 salute
870 1855 962 1893 data
994 1856 1035 1892 in
1051 1855 1180 1892 vicem
1204 1855 1453 1905 redditaque,
1482 1857 1657 1903 rogatus,
1686 1857 1745 1900 ut,

313 1930 420 1980 quod
450 1931 550 1967 bene
581 1932 755 1966 verteret
781 1928 860 1978 ipsi
885 1928 1022 1977 reique
1038 1927 1222 1977 publicae,
1252 1930 1412 1975 togatus
1429 1927 1617 1965 mandata
1631 1938 1742 1963 sena·
1794 1957 1798 1960 .

311 2008 376 2039 tus
408 2001 575 2048 audiret,
606 2001 825 2039 admiratus
848 2000 1106 2049 rogitansque
1135 1997 1287 2046 „Satin’
1305 1997 1466 2036 salve?“
1493 2002 1628 2047 togam
1651 2010 1742 2046 pro-

248 2071 298 2108 10
316 2086 410 2123 pere
442 2087 461 2110 e
491 2073 654 2122 tugurio
685 2073 862 2122 proferre
894 2085 1058 2110 uxorem
1088 2071 1287 2109 Raciliam
1318 2070 1440 2108 iubet.
1495 2068 1584 2116 Qua
1614 2068 1743 2119 simul,

315 2145 494 2182 absterso
527 2145 691 2194 pulvere
723 2158 767 2182 ac
799 2144 954 2191 sudore,
985 2145 1138 2182 velatus
1166 2142 1370 2193 processit,
1401 2141 1639 2180 dictatorem
1655 2153 1745 2178 eum

315 2216 440 2265 legati
474 2217 722 2265 gratulantes
748 2217 1011 2265 consalutant,
1045 2216 1085 2252 in
1111 2215 1250 2252 urbem
1265 2216 1429 2260 vocant3
1460 2213 1531 2262 qui
1546 2215 1677 2250 terror
1693 2211 1747 2249 sit

251 2286 296 2323 11
320 2288 362 2325 in
400 2288 589 2334 exercitu,
636 2292 848 2338 exponunt.
910 2287 1032 2325 Navis
1064 2286 1254 2334 Quinctio
1294 2285 1456 2335 publice
1487 2287 1629 2334 parata
1656 2283 1746 2333 fuit,

316 2364 664 2408 transvectumque
701 2364 781 2396 tres
814 2359 972 2397 obviam
1004 2358 1153 2407 egressi
1184 2357 1260 2394 filii
1298 2356 1513 2406 excipiunt,
1550 2355 1645 2393 inde
1676 2353 1747 2391 alii

317 2431 535 2482 propinqui
566 2435 685 2480 atque
718 2430 844 2477 amici,
875 2434 958 2467 tum
984 2433 1142 2479 patrum
1158 2429 1284 2466 maior
1299 2442 1402 2478 pars.
1447 2427 1507 2465 Ea
1522 2425 1748 2476 frequentia

318 2503 502 2552 stipatus,
535 2501 861 2539 antecedentibus
895 2501 1118 2548 lictoribus,
1150 2501 1344 2538 deductus
1375 2503 1434 2537 est
1463 2499 1635 2537 domum.
1695 2495 1749 2534 Et

254 2573 302 2610 12
320 2574 448 2625 plebis
495 2586 706 2612 concursus
753 2573 893 2621 ingens
937 2573 1029 2618 fuit;
1076 2573 1145 2609 sed
1183 2585 1228 2609 ea
1265 2583 1516 2620 nequaquam
1545 2572 1627 2607 tam
1656 2568 1750 2606 laeta

321 2645 553 2693 Quinctium
594 2644 708 2693 vidit,
748 2647 788 2681 et
827 2643 987 2693 imperii
1027 2643 1193 2680 nimium
1233 2646 1274 2680 et
1301 2642 1433 2680 virum
1463 2641 1548 2690 ipso
1580 2639 1757 2690 imperio

319 2716 654 2754 vehementiorem
684 2719 784 2755 rata.
