1821 2928
565 221 654 246 Liber
673 221 759 246 vm.
798 221 846 249 (Α.
867 221 917 247 eh.
938 223 1009 252 325.)
1380 214 1455 251 131

76 335 292 386 quicquam
322 336 381 373 rei
413 350 474 374 me
506 336 669 373 absente
702 348 831 385 agere,
861 336 1107 375 vetuerimne
1139 338 1256 387 signa
1281 351 1367 376 cum
1391 338 1516 376 hosti-

74 403 149 442 bus
180 403 388 442 conferre?
429 417 507 454 quo
538 407 583 440 tu
609 404 780 454 imperio
807 417 893 442 meo
929 409 1084 455 spreto,
1116 406 1280 444 incertis
1314 407 1516 457 auspiciis,
1536 408 1558 444 7

74 472 249 511 turbatis
264 473 546 522 religionibus,
563 473 754 510 adversus
772 486 920 511 morem
937 473 1154 511 militarem
1176 474 1516 525 disciplinamque

74 540 271 578 maiorum
317 544 356 579 et
400 554 545 578 numen
592 541 757 579 deorum
796 556 914 580 ausus
953 556 993 580 es
1025 556 1113 580 cum
1144 542 1256 580 hoste
1289 543 1516 593 confligere.

74 608 145 647 Ad
171 609 266 657 haec,
297 623 384 659 qua·v
412 610 684 659 interrogatus
712 625 763 657 es,
794 610 1008 661 responde3
1041 614 1082 648 at
1113 614 1227 648 extra
1254 625 1299 649 ea
1325 626 1419 650 cave
1445 625 1512 650 vo·
1531 612 1555 650 8

74 691 158 715 cem
189 678 339 716 mittas.
386 678 559 716 Accede.
591 678 747 715 lictor.·‘
797 678 1008 716 Adversus
1024 692 1111 728 quae
1129 679 1290 728 singula
1313 694 1435 729 quum
1453 694 1512 718 re·
1532 681 1554 717 9

75 746 271 796 spondere
301 746 410 783 haud
441 747 560 785 facile
592 750 706 793 esset,
738 750 777 784 et
799 760 903 784 nunc
929 751 1174 797 quereretur,
1206 748 1375 786 eundem
1402 762 1515 786 accu-

74 818 247 852 satorem
279 815 425 865 capitis
457 816 518 853 sui
551 830 596 853 ac
628 815 802 852 iudicem
835 829 935 862 esse,
972 816 1110 863 modo,
1140 816 1267 854 vitam
1298 816 1378 854 sibi
1410 817 1514 867 eripi

76 883 199 921 citius
231 897 350 933 quam
373 884 546 934 gloriam
563 897 695 922 rerum
712 886 914 933 gestarum
930 898 1056 934 posse,
1086 885 1389 932 vociferaretur,
1420 899 1512 936 pur·
1535 886 1584 923 10

74 955 267 1002 garetque
298 965 339 989 se
371 953 413 990 in
437 953 566 990 vicem
591 957 710 1002 atque
734 952 840 990 ultro
864 957 1080 1000 accusaret,
1105 954 1190 990 tum
1207 953 1401 1003 Papirius
1426 953 1514 991 red-

75 1020 276 1070 integrata
322 1020 383 1058 ira
428 1021 596 1072 spoliari
644 1021 880 1070 magistrum
920 1022 1103 1072 equitum
1140 1035 1185 1059 ac
1216 1021 1354 1070 virgas
1387 1025 1426 1059 et
1457 1034 1514 1059 se·

74 1102 185 1126 cures
216 1089 401 1139 expediri
432 1089 562 1127 iussit.
615 1089 770 1127 Fabius
793 1089 911 1127 fidem
943 1090 1119 1127 militum
1146 1089 1380 1140 implorans,
1411 1090 1512 1127 lace·
1535 1091 1577 1128 1]

70 1157 256 1195 rantibus
272 1162 423 1195 vestem
445 1157 672 1204 lictoribus,
703 1157 754 1195 ad
777 1158 943 1196 triarios
969 1159 1186 1195 tumultum
1202 1158 1347 1196 ultima
1364 1159 1407 1196 in
1424 1172 1514 1196 con-

70 1226 183 1264 tione
213 1226 425 1264 miscentes
456 1239 540 1263 sese
571 1226 735 1276 recepit.
780 1227 883 1264 Inde
901 1227 1052 1265 clamor
1075 1227 1118 1264 in
1141 1230 1269 1264 tot-am
1285 1227 1512 1265 contionem
1532 1228 1581 1265 12

72 1298 132 1333 est
161 1295 358 1345 perlatus:
390 1294 493 1332 alibi
518 1308 667 1344 preces,
699 1295 800 1334 alibi
824 1296 940 1333 minae
968 1295 1250 1334 audiebantur.
1296 1296 1378 1344 Qui
1394 1310 1513 1346 prox-

39 1366 42 1369 “
72 1363 144 1401 imi
176 1364 280 1401 forte
310 1363 510 1401 tribunali
542 1367 748 1411 steterant,
781 1364 878 1414 quia
909 1365 1082 1402 subiecti
1107 1365 1234 1402 oculis
1258 1364 1515 1414 imperatoris

71 1432 266 1470 noscitari
297 1436 497 1482 poterant,
529 1432 712 1481 orabant,
742 1437 788 1470 ut
810 1438 993 1483 parceret
1018 1433 1213 1483 magistro
1239 1433 1421 1483 equitum
1438 1447 1515 1471 neu

74 1514 162 1538 cum
194 1515 239 1539 eo
272 1501 490 1538 exercitum
522 1501 748 1547 damnaret,
780 1506 956 1539 extrema
988 1502 1120 1540 contio
1153 1506 1192 1539 et
1217 1502 1325 1540 circa
1342 1501 1512 1540 Fabium
1536 1503 1584 1539 13

73 1570 215 1619 globus
233 1569 497 1620 increpabant
516 1570 795 1607 inclementem
812 1571 1051 1608 dictatorem
1067 1583 1139 1608 nec
1156 1571 1296 1620 procul
1313 1570 1514 1608 seditione

72 1639 250 1676 aberant.
311 1638 371 1676 Ne
401 1637 585 1675 tribunal
617 1637 779 1687 quidem
812 1639 909 1676 satis
941 1639 1120 1689 quietum
1152 1643 1255 1685 eratg
1287 1639 1413 1688 legati
1439 1639 1512 1676 cir-
1535 1639 1587 1676 14

71 1710 313 1745 cumstantes
344 1706 483 1744 sellam
517 1706 697 1753 orabant,
728 1710 773 1743 ut
798 1720 881 1744 rem
910 1707 952 1744 in
976 1711 1181 1757 posterum
1199 1708 1306 1745 diem
1324 1707 1515 1755 differret,

72 1779 111 1813 et
140 1775 210 1813 irae
242 1788 321 1813 suae
353 1775 528 1825 spatium
552 1778 592 1812 et
615 1775 785 1814 consilio
810 1778 968 1826 tempus
995 1776 1126 1814 daret:
1159 1777 1257 1815 satis
1275 1777 1512 1826 castigatam
1534 1775 1584 1813 15

71 1843 385 1882 adolescentiam
413 1843 533 1881 Fabii
566 1856 660 1891 esse,
702 1844 799 1882 satis
834 1844 1097 1883 deformatam
1122 1845 1352 1884 victoriam:
1383 1859 1431 1882 ne
1463 1845 1513 1883 ad

71 1916 291 1951 extremum
321 1912 440 1950 finem
472 1906 663 1962 supplicii
695 1912 890 1960 tenderet,
922 1926 1000 1950 neu
1021 1913 1141 1951 unico
1160 1913 1295 1951 iuveni
1312 1926 1389 1951 neu
1406 1913 1514 1963 patri

71 1981 169 2028 eius,
200 1980 422 2018 clarissimo
453 1981 565 2027 viro,
602 1994 679 2018 neu
710 1981 849 2019 Fabiae
880 1981 991 2030 genti
1023 1995 1109 2019 eam
1141 1981 1373 2030 iniungeret
1404 1982 1514 2031 igno-

69 2049 243 2087 miniam.
304 2049 436 2096 Quum
466 2062 608 2099 parum
632 2049 832 2099 precibus,
863 2063 1004 2099 parum
1031 2063 1150 2087 causa
1173 2049 1424 2100 proficerent,
1455 2050 1512 2087 in·
1535 2049 1583 2086 16

69 2118 174 2156 tueri
221 2117 451 2155 saevientem
497 2117 723 2155 contionem
770 2117 982 2155 iubebant:
1030 2118 1088 2156 ita
1127 2118 1299 2156 irritatis
1338 2119 1511 2156 militum

69 2186 215 2224 animis
246 2185 417 2223 subdere
448 2185 582 2234 ignem
614 2199 658 2223 ac
691 2185 901 2223 materiam
933 2185 1126 2225 seditioni
1156 2200 1236 2225 non
1264 2201 1347 2225 esse
1371 2187 1515 2234 aetatis,

69 2268 148 2293 non
173 2254 397 2306 prudentiae
421 2254 527 2299 eius3
560 2254 757 2291 neminem
789 2253 830 2291 id
863 2253 909 2301 Q.
940 2254 1072 2293 Fabio
1096 2269 1253 2306 poenam
1278 2255 1510 2306 deprecanti
1532 2254 1582 2290 17

69 2336 179 2360 suam
209 2322 312 2361 vitio
342 2336 564 2370 versurum,
595 2322 663 2359 sed
696 2321 901 2369 dictatori,
933 2322 966 2360 si
997 2327 1216 2362 occaecatus
1241 2324 1301 2362 ira
1327 2324 1512 2361 infesta-m

10 2382 17 2389 ’
68 2391 369 2429 multitudinem
403 2392 444 2428 in
475 2405 515 2429 se.
546 2403 670 2441 pravo
703 2391 920 2428 certamine
945 2392 1146 2430 movisset.
1208 2391 1430 2437 Postremo,
1461 2405 1509 2429 ne
1530 2391 1581 2428 18

70 2459 113 2497 id
143 2474 184 2498 se
215 2460 357 2510 gratiae
389 2461 495 2502 dare„
517 2460 565 2507 Q.
596 2459 718 2497 Fabii
752 2458 950 2506 crederet,
995 2474 1035 2498 se
1076 2461 1139 2498 ius
1172 2460 1385 2498 iurandum
1417 2460 1512 2497 dare

68 2532 230 2577 paratos
262 2542 357 2575 esse,
388 2542 468 2567 non
498 2528 627 2566 videri
662 2541 681 2565 e
711 2541 754 2564 re
784 2527 966 2577 publica,
996 2529 1037 2566 in
1070 2529 1116 2576 Q.
1133 2529 1306 2567 Fabium
1339 2542 1384 2565 eo
1414 2531 1511 2566 tem-

69 2608 164 2645 pore
195 2596 475 2635 animadverti.
533 2597 613 2635 His
643 2595 813 2634 vocibus
841 2609 962 2646 quum
993 2596 1036 2634 in
1067 2610 1108 2634 se
1138 2596 1266 2645 magis
1285 2596 1504 2634 incitarent
1577 2592 1638 2640 33

70 2663 307 2703 dictatorem
353 2679 471 2715 quam
503 2665 696 2714 magistro
737 2664 916 2716 equitum
958 2665 1187 2715 placarent,
1228 2664 1326 2702 iussi
1359 2665 1408 2702 de
1437 2664 1509 2702 tri-

1190 2744 1231 2775 9*
