1821 2928
503 135 619 171 Liber
642 135 696 170 11.
745 137 804 180 (A.
832 136 896 171 eh.
922 138 1132 181 477—475.)
1463 142 1540 179 113

102 265 248 316 inopiae
287 264 402 313 abiit,
442 276 502 312 eo,
544 263 652 314 quod
692 263 874 302 abditum
914 264 1058 311 fuerat,
1099 265 1269 315 prolato.
1329 265 1392 303 Ex
1425 267 1580 316 copia2

103 337 247 375 deinde
278 336 440 386 otioque
471 336 656 374 lascivire
687 349 823 374 rursus
854 337 977 374 animi
1009 340 1049 374 et
1080 338 1253 387 pristina
1283 338 1401 384 mala,
1434 342 1542 389 post·

101 422 218 459 quam
251 409 348 446 foris
380 408 558 456 deerant,
598 408 707 446 domi
739 421 928 458 quaerere.
990 408 1164 447 Tribuni
1198 410 1354 460 plebem
1386 412 1541 462 agitare

101 495 172 520 suo
203 494 366 527 veneno,
397 481 558 530 agraria
589 480 695 530 lege;
730 481 770 518 in
795 481 1026 519 resistentes
1043 481 1212 520 incitare
1228 486 1376 532 patres,
1409 496 1480 521 nec
1498 483 1541 521 in

101 554 310 592 universos
342 553 471 602 modo,
504 552 572 590 sed
603 553 643 590 in
661 553 856 602 singulos,
902 552 948 600 Q.
969 552 1184 591 Considius
1201 559 1242 591 et
1258 553 1302 592 T.
1322 552 1537 602 Genucius,
1556 556 1579 593 3

100 629 282 664 auctores
313 626 482 674 agrariae
514 625 627 674 legis,
658 625 702 662 T.
719 625 905 663 Menenio
931 625 1038 663 diem
1069 625 1218 663 dicunt.
1264 626 1438 664 Invidiae
1455 631 1540 665 erat

100 698 290 736 amissum
323 697 519 735 Cremerae
550 697 795 747 praesidium,
827 711 949 748 quum
981 697 1086 735 haud
1117 698 1256 747 procul
1283 698 1377 736 inde
1394 699 1541 738 stativa

98 770 237 808 consul
269 768 497 815 habuisset3
545 783 590 807 ea
621 771 832 820 oppressit,
880 782 1001 819 quum
1034 773 1073 807 et
1103 774 1238 820 patres
1269 770 1376 809 haud
1409 772 1581 810 minus4

99 856 219 892 quam
258 855 331 892 pro
363 840 579 880 Coriolano
617 843 750 880 annisi
791 846 924 880 essent
964 846 1002 880 et
1040 843 1167 892 patris
1199 844 1396 893 Agrippae
1426 844 1541 881 favor

99 914 302 953 hauddum
334 914 584 954 exolevisset.
645 914 694 951 In
734 915 858 952 multa
894 918 1169 964 temperarunt
1198 915 1369 961 tribuni:
1417 916 1580 965 quum5

97 987 245 1036 capitis
272 986 553 1036 anquisissent‚
585 986 664 1024 duo
692 987 821 1024 millia
837 987 927 1024 aeris
945 987 1132 1025 damnato
1149 988 1315 1025 multam
1334 987 1538 1026 dixerunt.

99 1058 160 1097 Ea
175 1060 216 1096 in
240 1063 362 1108 caput
383 1059 523 1104 vertit;
554 1063 702 1107 negant
716 1059 858 1096 tulisse
876 1059 1137 1108 ignominiam
1155 1060 1537 1110 aegritudinemque;

99 1131 194 1169 inde
225 1131 364 1169 morbo
395 1131 649 1180 absumptum
681 1144 776 1168 esse.

214 1202 335 1241 Alius
380 1202 525 1240 deinde
569 1217 671 1249 reus,
718 1202 786 1253 Sp.
819 1202 1033 1251 Servilius,
1079 1207 1124 1242 ut
1172 1204 1383 1242 consulatu
1422 1204 1577 1252 abiit,6

99 1274 142 1312 C.
174 1275 322 1313 Nautio
369 1279 409 1312 et
440 1275 485 1312 P.
519 1275 686 1313 Valerio
732 1276 976 1321 consulibus,
1024 1276 1138 1313 initio
1180 1277 1315 1314 statim
1355 1277 1448 1314 anni
1488 1276 1538 1314 ab
1558 1276 1744 1347 ἴῑέζῗέἓ·

99 1347 143 1384 L.
162 1346 336 1384 Caedicio
368 1351 407 1384 et
437 1346 483 1384 T.
510 1345 642 1384 Statio
673 1347 846 1385 tribunis
877 1347 942 1384 die
969 1347 1088 1393 dicta,
1120 1361 1212 1395 non,
1242 1352 1288 1386 ut
1312 1348 1536 1398 Menenius,
1586 1341 1592 1348 ⁶
1658 1340 1664 1346 ’
1737 1341 1743 1348 ”

100 1419 286 1468 precibus
317 1419 398 1456 suis
429 1423 499 1456 aut
529 1423 698 1468 patrum,
737 1419 806 1456 sed
846 1433 931 1457 cum
965 1420 1090 1457 multa
1120 1419 1268 1457 fiducia
1299 1421 1538 1459 innocentiae

101 1491 319 1540 gratiaeque
356 1491 596 1529 tribunicios
637 1492 809 1541 impetus
849 1492 956 1530 tulit.
1019 1492 1074 1529 Et
1103 1492 1198 1530 huic
1228 1493 1415 1543 proelium
1447 1507 1536 1530 cum
1556 1496 1577 1531 7

102 1562 245 1600 Tuscis
275 1562 325 1599 ad
357 1562 581 1600 Ianiculum
614 1568 699 1601 erat
731 1564 899 1601 crimini.
956 1563 1035 1602 Sed
1066 1564 1213 1602 fervidi
1243 1565 1367 1602 animi
1399 1566 1462 1602 vir
1493 1570 1537 1604 ut

99 1635 139 1672 in
171 1635 333 1685 publico
365 1635 543 1685 periculo
575 1640 677 1681 ante,
709 1635 768 1673 sic
798 1640 881 1673 tum
914 1637 954 1673 in
985 1649 1069 1682 suo,
1100 1650 1179 1674 non
1203 1637 1388 1675 tribunos
1406 1638 1535 1686 modo,

98 1706 168 1744 sed
213 1707 369 1756 plebem
423 1708 603 1745 oratione
655 1707 780 1746 feroci
825 1709 1038 1747 refutando
1084 1709 1445 1759 exprobrandoque
1491 1709 1536 1747 Τ.

98 1778 279 1816 Menenii
311 1778 605 1817 damnationem
640 1783 899 1830 mortemque,
931 1781 1044 1818 cuius
1075 1782 1202 1831 patris
1233 1795 1396 1820 munere
1421 1782 1536 1819 resti-

95 1854 183 1888 tuta
201 1851 404 1901 quondam
428 1852 541 1901 plebs
568 1865 633 1889 eos
650 1853 769 1902 ipsos,
803 1853 948 1902 quibus
964 1857 1049 1890 tum
1065 1854 1236 1903 saeviret,
1267 1855 1536 1903 magistratus,

98 1936 163 1960 eas
194 1923 301 1972 leges
332 1923 508 1970 haberet,
537 1924 757 1973 perieulum
792 1924 959 1963 audacia
990 1925 1188 1963 discussit.
1234 1926 1346 1963 Iuvit
1377 1931 1415 1963 et
1434 1926 1531 1964 Ver·
1551 1928 1576 1965 8

99 1995 234 2043 ginius
266 1995 433 2044 collega,
470 1996 585 2034 testis
616 1997 849 2046 productus,
886 1997 1171 2048 participando
1203 1998 1358 2044 laudesg
1407 1998 1536 2048 magis

98 2070 231 2104 tamen
248 2067 530 2106 Menenianum
550 2068 665 2116 (adeo
682 2072 932 2107 mutaverant
950 2070 1141 2119 animum)
1160 2070 1313 2120 profuit
1330 2070 1533 2110 iudicium.

214 2139 443 2178 Certamina
473 2140 580 2178 domi
610 2140 744 2186 finita3
791 2141 940 2178 Veiens
972 2141 1120 2179 bellum
1151 2147 1346 2191 exortum,
1387 2143 1533 2193 quibus
1615 2141 1669 2190 53

99 2209 243 2250 Sabini
274 2226 383 2250 arma
414 2213 715 2250 coniunxerant.
777 2213 823 2251 P.
850 2213 1038 2251 Valerius
1071 2215 1222 2263 consul,
1255 2215 1395 2253 accitis
1422 2215 1531 2253 Lati-

99 2297 238 2322 norum
280 2284 630 2334 Hernicorumque
668 2285 844 2331 auxiliis,
883 2299 971 2323 cum
1011 2287 1185 2324 exercitu
1229 2286 1354 2325 Veios
1393 2288 1534 2325 missus

99 2361 230 2394 castra
261 2355 421 2404 Sabina,
453 2369 541 2407 quae
571 2370 643 2406 pro
676 2356 873 2395 moenibus
904 2358 1104 2396 sociorum
1131 2359 1261 2397 locata
1287 2364 1412 2406 erant,
1444 2373 1534 2397 con·

99 2428 231 2466 festim
263 2429 516 2478 aggreditur;
547 2432 779 2479 tantamque
810 2429 1123 2480 trepidationem
1156 2431 1305 2477 iniecit,
1344 2437 1400 2480 ut,
1440 2431 1533 2468 dum

100 2499 271 2550 dispersi
301 2501 372 2538 alii
403 2501 484 2538 alia
515 2501 790 2550 manipulatim
822 2507 1041 2540 excurrunt
1065 2503 1115 2540 ad
1133 2504 1343 2541 arcendam
1362 2503 1532 2540 hostium

100 2571 192 2618 vim,
223 2585 269 2610 ea
299 2577 425 2623 porta,
456 2573 520 2610 cui
551 2573 667 2621 signa
697 2573 869 2622 primum
902 2574 1106 2620 intulerat,
1137 2579 1359 2623 caperetur.
1414 2574 1529 2611 Intra
1547 2575 1570 2611 2

102 2642 250 2681 vallum
282 2643 423 2682 deinde
455 2644 583 2682 coedes
614 2645 739 2694 magis
771 2659 888 2695 quam
921 2646 1107 2695 proelium
1137 2658 1230 2682 esse.
1276 2645 1488 2682 Tumultus
1511 2659 1532 2682 e

103 2715 242 2752 castris
273 2719 313 2753 et
343 2716 382 2753 in
415 2717 554 2754 urbem
581 2719 782 2766 penetrat3
812 2722 999 2765 tanquam
1019 2716 1132 2754 Veiis
1149 2715 1288 2764 captis,
1323 2716 1378 2753 ita
1395 2716 1532 2766 pavidi

170 2784 274 2811 Livius
293 2793 331 2811 ex
351 2794 411 2812 rec.
429 2787 588 2819 Madvigii.
624 2787 648 2812 1.
1305 2785 1327 2817 8
