1821 2928
371 216 453 253 206
783 225 873 251 Liber
889 225 927 251 X.
965 224 1013 255 (A.
1032 233 1061 251 ιι.
1080 232 1106 251 c.
1125 226 1282 256 454—455.)

313 353 392 378 non
423 339 471 377 de
502 339 596 376 caelo
627 339 829 386 demissos,
868 340 937 377 sed
975 339 1044 390 qui
1082 343 1237 389 patrem
1269 339 1371 378 ciere
1401 345 1574 390 possent,
1605 341 1648 380 id
1677 346 1749 390 est,

248 409 295 446 11
316 408 418 445 nihil
440 408 546 444 ultra
569 421 687 456 quam
711 407 932 456 ingenuos?
964 393 1174 445 Consulem
1193 407 1272 445 iam
1287 412 1441 458 patrem
1458 409 1563 447 ciere
1579 423 1750 460 possum,

312 489 507 526 avumque
538 476 618 513 iam
648 476 799 525 poterit
826 475 932 513 filius
963 489 1081 513 meuS.
1127 475 1241 513 Nihil
1272 479 1330 514 est
1360 476 1470 514 aliud
1493 476 1535 514 in
1564 491 1619 526 re,
1651 478 1749 526 Qui-

312 545 426 591 rites,
471 544 550 581 nisi
587 547 633 580 ut
672 544 806 582 omnia
843 547 988 592 negata
1026 543 1314 593 adipiscamur3
1359 548 1559 584 certamen
1593 549 1751 584 tantum

311 612 477 662 patricii
501 615 654 661 petunt,
678 625 748 649 nec
771 614 922 658 curant,
947 625 1063 661 quem
1089 614 1273 649 eventum
1290 613 1550 651 certaminum
1567 613 1750 652 habeant.

247 682 296 718 12
314 680 402 729 Ego
431 680 533 717 hanc
563 679 703 728 legem,
735 679 842 729 quod
871 680 1030 727 bonum,
1070 680 1244 717 faustum
1274 680 1450 731 felixque
1481 681 1534 719 sit
1562 682 1676 720 vobis
1706 695 1751 720 ac

194 745 219 793 9
314 749 374 786 rei
412 748 604 798 publicae,
650 748 712 785 uti
748 761 883 796 rogas,
929 748 1141 785 iubendam
1189 749 1364 785 cense0.“
1429 748 1585 788 Vocare
1620 750 1752 788 tribus

313 816 510 866 extemplo
542 817 713 866 populus
754 816 936 863 iubebat,
981 815 1282 866 apparebatque
1323 816 1451 867 accipi
1488 817 1635 866 legem;
1678 818 1752 855 ille

312 888 446 922 tamen
478 885 561 922 dies
593 884 876 921 intercessione
908 887 966 921 est
997 885 1189 922 sublatus.
1234 884 1402 922 Postero
1439 884 1515 932 die,
1546 885 1751 924 deterritis

273 955 296 990 2
314 953 498 1000 tribunis,
522 952 676 1001 ingenti
701 965 893 990 consensu
917 956 1078 1002 accepta
1103 955 1172 989 est.
1211 951 1430 990 Pontifices
1457 957 1643 991 creantur
1665 967 1752 992 sua-

313 1034 378 1058 sor
410 1021 509 1069 legis
539 1020 585 1057 P.
616 1020 766 1058 Decius
796 1020 900 1067 Mus,
932 1020 978 1058 P.
1011 1020 1270 1070 Sempronius
1302 1019 1472 1070 Sophus,
1505 1020 1547 1059 G.
1572 1021 1751 1060 Marcius

313 1089 490 1135 Rutilus,
530 1088 585 1125 M.
616 1088 759 1125 Livius
790 1088 962 1135 Denter,
1003 1089 1179 1138 quinque
1217 1101 1387 1137 augures
1419 1088 1515 1126 item
1546 1089 1595 1127 de
1624 1089 1754 1140 plebe,

316 1157 359 1195 O.
391 1156 605 1203 Genucius,
636 1156 683 1194 P.
716 1156 849 1194 AElius
880 1157 1033 1204 Paetus,
1072 1157 1127 1193 M.
1158 1157 1361 1194 Minucius
1391 1156 1541 1204 Faesus,
1574 1157 1616 1196 C·
1646 1158 1752 1196 Mar-

317 1226 420 1272 cius,
465 1225 510 1262 T.
549 1225 769 1262 Publilius.
844 1225 909 1262 Ita
947 1229 1035 1263 octo
1073 1225 1325 1275 pontificum,
1370 1237 1512 1263 novem
1557 1239 1753 1275 augurum

314 1307 501 1331 numerus
531 1294 669 1330 factus.

278 1363 301 1400 3
432 1361 585 1398 Eodem
615 1375 717 1399 anno
748 1361 803 1399 M.
835 1361 1023 1399 Valerius
1062 1361 1199 1398 consul
1238 1360 1286 1398 de
1316 1361 1598 1410 provocatione
1626 1361 1753 1410 legem

315 1430 413 1468 tulit
443 1429 676 1478 diligentius
714 1433 902 1467 sanctam.
962 1429 1098 1466 Tertio
1138 1443 1183 1466 ea
1212 1433 1295 1466 tum
1334 1432 1424 1478 post
1454 1441 1566 1476 reges
1596 1431 1754 1466 exactos

277 1498 400 1536 4lata
431 1501 500 1543 est,
532 1510 686 1547 semper
715 1511 737 1535 a
768 1498 921 1535 familia
947 1497 1094 1535 eadem.
1141 1497 1311 1535 Causam
1340 1496 1578 1534 renovandae
1608 1497 1754 1546 saepius

317 1566 424 1603 haud
455 1566 575 1602 aliam
606 1566 728 1603 fuisse
758 1580 860 1614 reor,
892 1579 1009 1615 quam
1033 1565 1140 1615 quod.
1162 1566 1252 1614 plus
1275 1578 1494 1614 paucorum
1517 1577 1611 1614 opes
1636 1577 1753 1614 quam

317 1634 486 1671 libertas
531 1633 660 1682 plebis
705 1637 873 1683 poterat.
933 1633 1079 1671 Porcia
1122 1637 1257 1670 tamen
1301 1634 1367 1670 lex
1408 1633 1493 1670 sola
1529 1645 1603 1682 pro
1640 1635 1753 1680 tergo

319 1702 466 1739 civium
497 1701 580 1738 lata
610 1701 788 1748 videtur,
835 1701 940 1751 quod
978 1702 1091 1749 gravi
1129 1715 1262 1750 poena,
1308 1701 1341 1738 si
1380 1701 1469 1750 quis
1505 1700 1754 1737 verberasset

279 1770 545 1807 5necassetve
575 1770 701 1807 civem
732 1769 974 1816 Romanum,
1014 1769 1162 1815 sanxit3
1201 1769 1368 1807 Valeria
1405 1768 1470 1805 lex
1499 1780 1622 1817 quum
1653 1781 1752 1814 eum,

318 1838 387 1888 qui
411 1842 676 1887 provocasset,
707 1837 834 1885 virgis
859 1837 957 1874 caedi
975 1837 1183 1886 securique
1199 1836 1335 1874 necari
1365 1835 1567 1882 vetuisset,
1599 1835 1633 1873 si
1664 1835 1753 1885 quis

319 1907 510 1943 adversus
527 1920 572 1943 ea
587 1906 755 1952 fecisset,
779 1906 885 1942 nihil
911 1906 1016 1943 ultra
1041 1919 1159 1954 quam
1180 1905 1385 1954 „improbe
1401 1904 1575 1941 factum“
1595 1902 1754 1940 adiecit.

278 1974 386 2021 61cl‚
433 1974 502 2023 qui
533 1978 617 2010 tum
648 1975 777 2024 pudor
807 1974 1011 2011 hominum
1051 1977 1152 2020 erat,
1198 1973 1350 2019 visum,
1396 1971 1532 2018 credo,
1577 1970 1752 2008 vinclum

319 2042 416 2080 satis
433 2041 612 2079 validum
630 2043 750 2090 legis3
775 2055 879 2079 nunc
901 2042 970 2079 vix
993 2055 1128 2079 servus
1152 2042 1246 2078 hero
1272 2041 1329 2077 ita
1345 2040 1516 2077 minetur
1533 2039 1754 2089 quisquam.

281 2112 302 2147 7
435 2110 592 2146 Bellum
623 2111 672 2147 ab
706 2110 843 2148 eodem
876 2110 1036 2147 consule
1066 2109 1376 2158 haudquaquam
1405 2107 1663 2145 memorabile
1685 2105 1754 2144 ad-

317 2191 454 2216 versus
484 2178 725 2215 rebellantes
756 2178 922 2227 AEquos,
963 2191 1083 2227 quum
1115 2180 1259 2227 praeter
1290 2176 1442 2213 animos
1472 2176 1621 2213 feroces
1650 2174 1755 2212 nihil

278 2248 303 2284 8
321 2261 368 2284 ex
399 2246 565 2294 antiqua
595 2246 755 2282 fortuna
785 2247 988 2292 haberent,
1020 2249 1175 2294 gestum
1206 2247 1274 2282 est.
1320 2243 1441 2281 Alter
1471 2243 1608 2281 consul
1638 2242 1753 2292 Apu-

319 2315 418 2352 leius
465 2315 507 2351 in
552 2313 724 2351 Umbria
768 2314 995 2363 Nequinum
1042 2313 1233 2363 oppidum
1281 2311 1548 2349 circumsedit.
1621 2310 1753 2348 Locus

320 2386 404 2420 erat
441 2382 589 2420 arduus
630 2385 750 2431 atque
791 2382 833 2418 in
872 2385 986 2431 parte
1017 2395 1095 2417 una
1126 2394 1320 2430 praeceps,
1365 2379 1436 2416 ubi
1466 2392 1570 2416 nunc
1600 2377 1754 2416 Narnia

281 2451 398 2488 9sita
436 2455 505 2497 est,
543 2463 615 2487 nec
662 2449 702 2486 vi
749 2462 820 2486 nec
858 2450 1100 2486 munimento
1141 2449 1232 2499 capi
1260 2451 1428 2497 poterat.
1487 2447 1631 2495 Itaque
1668 2459 1754 2482 eam

204 2519 299 2543 ⁰·455·
321 2519 508 2556 infectam
537 2532 620 2556 rem
651 2517 706 2554 M.
736 2517 904 2554 Fulvius
935 2517 1083 2563 Paetus,
1120 2516 1165 2553 T.
1195 2515 1372 2553 Manlius
1402 2514 1631 2564 Torquatus
1660 2512 1754 2550 novi

159 2525 221 2578 ῑι(311.
242 2553 300 2577 299.

253 2589 303 2625 10
320 2587 500 2625 consules
530 2588 778 2636 acceperunt.
837 2585 887 2621 In
926 2598 1013 2621 eum
1053 2598 1199 2622 annum
1231 2597 1352 2633 quum
1384 2582 1431 2629 Q.
1460 2581 1631 2619 Fabium
1662 2593 1753 2617 con-

113 2518 150 2544 A.

113 2552 150 2578 A.

320 2655 444 2692 sulem
475 2668 555 2692 non
585 2657 782 2704 petentem
809 2666 942 2690 omnes
968 2652 1145 2689 dicerent
1169 2651 1366 2697 centuriae,
1397 2650 1528 2699 ipsum
1551 2652 1753 2687 auctorem
