1821 2928
532 81 648 115 Liber
672 81 746 116 111.
775 83 836 125 (A.
864 81 928 117 ch.
953 82 1049 125 449.)
1417 85 1493 123 179

62 210 167 248 bona
192 210 385 259 malaque,
419 221 540 258 quum
573 221 700 246 causae
719 208 898 246 dicendae
932 209 1026 247 data
1041 209 1210 247 facultas
1242 209 1307 259 sit,
1340 212 1422 246 tum
1455 222 1496 246 se

60 286 337 332 experturum3
386 281 425 317 in
466 279 682 330 praesentia
723 293 763 317 se
805 281 1004 318 communi
1044 282 1130 319 iure
1161 281 1337 319 civitatis
1368 280 1495 317 civem

58 354 281 391 Romanum
321 352 385 390 die
418 351 528 389 dicta
560 351 774 400 postulare,
813 356 857 389 ut
889 352 1021 390 dicere
1053 353 1182 399 liceat,
1228 356 1272 389 ut
1302 351 1495 389 iudicium

57 425 199 475 populi
231 424 404 462 Romani
435 423 622 474 experiri.
668 423 757 460 Non
790 424 846 460 ita
877 436 919 461 se
936 424 1127 462 invidiam
1144 423 1412 474 pertimuisse,
1444 426 1489 461 ut
1511 422 1556 459 11

56 496 159 534 nihil
189 497 231 534 in
264 496 452 546 aequitate
484 498 523 531 et
547 495 823 533 misericordia
855 496 1003 533 civium
1030 509 1188 533 suorum
1222 496 1306 545 spei
1337 494 1494 533 habeat.

57 568 174 617 Quod
206 569 238 606 si
273 568 426 606 indicta
450 579 568 604 causa
600 566 641 602 in
667 567 828 604 vincula
855 567 1034 613 ducatur,
1069 567 1214 604 iterum
1246 580 1286 604 se
1313 567 1495 605 tribunos

58 641 192 691 plebei
210 639 416 690 appellare
433 642 473 676 et
489 652 660 688 monere,
694 651 743 676 ne
762 638 985 687 imitentur,
1003 652 1102 688 quos
1120 638 1291 677 oderint.
1326 637 1443 685 Quod
1459 639 1492 676 si
1513 637 1561 674 12

55 712 214 750 tribuni
247 711 383 750 eodem
417 710 566 748 foedere
599 710 797 758 obligatos
829 723 869 746 se
908 710 1107 748 fateantur
1138 710 1326 747 tollendae
1359 710 1494 761 appel-

59 784 237 833 lationis,
286 784 328 820 in
369 783 476 833 quod
519 782 768 832 conspirasse
809 781 1056 819 decemviros
1097 782 1300 819 criminati
1332 782 1424 828 sint,
1456 787 1497 820 at

57 869 97 894 se
130 869 349 906 provocare
381 855 430 892 ad
461 855 666 904 populum,
700 854 914 904 implorare
939 854 1046 903 leges
1078 853 1126 891 de
1143 855 1426 904 provocatione
1459 860 1496 892 et

56 928 284 965 consulares
315 930 355 964 et
385 927 639 971 tribunicias,
694 939 739 963 eo
778 926 865 976 ipso
898 939 1002 964 anno
1035 926 1148 963 latas.
1224 926 1352 973 Quem
1385 927 1490 964 enim
1516 932 1561 969 [3

59 1003 383 1049 provocaturum,
430 1000 462 1036 si
494 999 567 1035 hoc
601 999 842 1044 indemnato,
891 998 1043 1035 indicta
1075 1011 1205 1046 causa,
1240 1012 1318 1036 non
1350 997 1498 1036 liceat?

58 1071 133 1109 Cui
165 1071 323 1121 plebeio
363 1075 401 1108 et
439 1071 582 1107 humili
623 1070 856 1120 praesidium
897 1071 936 1106 in
979 1069 1139 1118 legibus
1179 1070 1279 1118 fore,
1320 1070 1353 1108 si
1385 1070 1495 1121 App.

58 1143 229 1181 Claudio
262 1156 339 1181 non
373 1142 454 1180 sit?
501 1141 552 1180 Se
571 1143 807 1180 documento
825 1143 1016 1188 futurum,
1046 1146 1181 1179 utrum
1207 1143 1321 1181 novis
1339 1142 1497 1191 legibus

56 1214 279 1253 dominatio
312 1228 362 1252 an
395 1215 566 1252 libertas
597 1214 753 1251 firmata
784 1215 847 1261 sit,
880 1217 918 1252 et
942 1214 1159 1264 appellatio
1185 1214 1497 1264 provocatioque

52 1286 240 1325 adversus
286 1287 474 1325 iniuriam
515 1288 823 1336 magistratuum
870 1289 1069 1324 ostentata
1106 1289 1262 1323 tantum
1310 1286 1495 1323 inanibus

54 1358 203 1396 litteris
234 1372 283 1397 an
314 1372 408 1396 vere
440 1358 535 1397 dat-a
566 1360 628 1396 sit.
690 1358 840 1395 Contra
882 1371 927 1395 ea
965 1357 1189 1406 Verginius
1227 1371 1347 1395 unum
1386 1357 1496 1408 App.
1586 1353 1638 1403 57

59 1429 272 1468 Claudium
305 1434 344 1467 et
361 1431 495 1479 legum
523 1434 726 1480 expertem
759 1434 798 1466 et
824 1429 954 1466 civilis
986 1432 1023 1466 et
1040 1429 1204 1466 humani
1228 1430 1389 1467 foederis
1413 1443 1497 1468 esse

61 1502 204 1540 aiebat.
251 1502 516 1551 Respicerent
532 1502 713 1540 tribunal
730 1501 920 1549 homines,
955 1501 1161 1538 castellum
1179 1502 1356 1538 omnium
1374 1502 1493 1539 scele-
1511 1501 1534 1537 2

61 1587 160 1623 rum,
193 1574 263 1612 ubi
282 1573 482 1612 decemvir
499 1573 566 1610 ille
585 1577 814 1624 perpetuus,
838 1573 967 1619 bonis,
990 1577 1118 1622 tergo,
1144 1573 1331 1623 sanguini
1350 1573 1494 1610 civium

60 1647 237 1693 infestus,
268 1646 402 1694 virgas
434 1659 667 1696 securesque
700 1645 885 1683 omnibus
927 1645 1128 1691 minitans,
1168 1645 1331 1683 deorum
1370 1644 1495 1682 homi-

57 1731 230 1769 numque
247 1721 509 1767 contemptor,
543 1717 814 1765 carnificibus,
847 1730 924 1754 non
958 1717 1166 1754 lictoribus
1198 1717 1383 1767 stipatus,
1416 1717 1536 1754 iam3

57 1791 106 1828 ab
139 1790 290 1841 rapinis
307 1793 347 1827 et
366 1789 542 1826 caedibus
560 1789 693 1827 animo
711 1789 761 1827 ad
778 1788 990 1826 libidinem
1006 1801 1133 1836 verso,
1166 1788 1364 1837 virginem
1382 1789 1494 1838 inge-

56 1876 174 1900 nuam
206 1863 246 1900 in
279 1861 406 1900 oculis
438 1861 580 1911 populi
613 1861 797 1908 Romani,
827 1861 937 1898 velut
967 1861 1075 1898 bello
1108 1864 1276 1910 captam,
1309 1860 1359 1897 ab
1392 1873 1495 1897 com-

56 1935 178 1985 plexu
194 1934 323 1984 patris
340 1934 547 1983 abreptam
567 1933 749 1970 ministro
767 1932 945 1970 cubiculi
962 1932 1024 1969 sui
1042 1932 1182 1970 clienti
1202 1932 1493 1979 donodederit3

55 2005 126 2044 ubi
158 2006 313 2044 crudeli
332 2006 493 2043 decreto
510 2004 774 2054 nefandisque
790 2004 982 2041 vindiciis
1001 2003 1183 2041 dextram
1201 2004 1329 2054 patris
1356 2004 1397 2041 in
1414 2003 1491 2041 fili·
1511 2001 1536 2037 4

56 2091 117 2116 am
149 2078 381 2123 amaverim
412 2077 483 2114 ubi
514 2077 702 2114 tollentes
735 2089 878 2126 corpus
911 2076 1144 2114 semianime
1174 2076 1346 2125 virginis
1378 2089 1493 2126 spon-

56 2163 142 2188 sum
174 2161 371 2199 avumque
405 2149 444 2185 in
477 2161 675 2186 carcerem
718 2148 810 2186 duci
851 2147 1026 2197 iusserit,
1065 2151 1203 2198 stupro
1235 2147 1494 2198 interpellato

56 2222 182 2271 magis
214 2234 331 2271 quam
365 2219 472 2257 caede
505 2224 646 2259 motus.
709 2220 763 2258 Et
794 2220 858 2257 illi
889 2233 1089 2257 carcerem
1122 2219 1364 2257 aedificatum
1396 2233 1493 2266 esse,

57 2294 163 2344 quod
193 2292 439 2331 domicilium
474 2291 604 2342 plebis
621 2291 813 2330 Romanae
843 2304 986 2330 vocare
1018 2291 1072 2328 sit
1102 2291 1255 2329 solitus.
1300 2290 1492 2339 Proinde,
1512 2286 1535 2323 5

55 2369 100 2402 ut
130 2365 199 2402 ille
233 2365 376 2402 iterum
410 2377 456 2402 ac
487 2364 635 2414 saepius
665 2367 869 2414 provocet,
910 2363 969 2401 sic
1010 2377 1050 2401 se
1092 2363 1238 2401 iterum
1270 2376 1315 2401 ac
1347 2362 1494 2412 saepius

57 2436 227 2475 iudicem
247 2436 306 2474 illi
322 2436 438 2482 serre,
466 2435 508 2473 ni
525 2435 722 2474 vindicias
740 2435 789 2474 ab
806 2435 994 2473 libertate
1012 2435 1053 2472 in
1070 2435 1303 2473 servitutem
1321 2433 1496 2477 dederit;

56 2508 89 2546 si
121 2509 171 2547 ad
204 2507 377 2546 iudicem
410 2521 488 2546 non
521 2511 595 2554 eat,
634 2520 707 2557 pro
740 2507 926 2545 damnato
959 2508 998 2544 in
1029 2507 1189 2545 vincula
1220 2506 1312 2543 duci
1345 2504 1494 2541 iubere.

55 2578 114 2618 Ut
143 2579 250 2618 haud
282 2592 482 2630 quoquam
525 2579 788 2629 improbante,
826 2580 883 2616 sic
921 2592 1064 2629 magno
1106 2581 1215 2616 motu
1255 2574 1534 2623 animorum‚6

1153 2716 1220 2750 12·
