1821 2928
269 132 321 168 32
896 126 1010 161 Liber
1035 129 1061 161 Ι.

272 269 317 292 ea
340 257 574 304 tempestate
600 252 812 290 secundum
840 252 1028 291 Etruscos
1046 253 1358 302 opulentissimae
1375 251 1472 290 viris
1489 250 1696 299 armisque.

271 326 469 374 Utrinque
516 324 668 361 iniuriae
714 324 827 361 factae
874 337 918 362 ac
963 337 1023 361 res
1056 324 1320 374 nequicquam
1352 325 1464 360 erant
1493 321 1694 372 repetitae:

231 393 254 429 5
273 396 414 434 Tullus
446 396 496 433 ad
522 395 704 432 Feroniae
736 395 869 433 fanum
901 398 1075 433 mercatu
1100 394 1301 444 frequenti
1326 394 1594 442 negotiatores
1616 392 1695 430 Ro-

271 480 404 504 manos
436 466 738 515 comprehensos
769 467 1021 516 querebatur,
1053 465 1207 512 Sabini,
1238 476 1374 503 servos
1404 477 1494 502 suos
1520 464 1629 514 prius
1656 462 1697 500 in

274 539 404 575 lucum
421 538 646 586 confugisse
665 551 709 575 ao
726 537 863 574 Romae
880 540 1066 577 retentos.
1108 537 1182 574 Hae
1201 549 1328 574 causae
1344 536 1441 574 belli
1457 534 1697 573 ferebantur.

231 609 253 644 6
273 609 426 659 Sabini,
454 609 558 646 haud
585 622 723 658 parum
749 622 951 654 memores,
977 611 1016 645 et
1040 621 1198 646 suarum
1223 607 1367 645 virium
1391 609 1543 657 partem
1560 605 1698 644 Romae

271 682 319 718 ab
352 681 466 718 Tatio
514 681 682 717 locatam
728 684 767 717 et
797 680 1017 718 Romanam
1057 692 1138 716 rem
1169 691 1296 728 nuper
1327 678 1444 716 etiam
1475 677 1698 715 adiectione

273 752 413 802 populi
444 752 596 790 Albani
627 754 793 797 auctam,
835 751 1138 800 circumspicere
1169 753 1208 787 et
1239 749 1317 799 ipsi
1348 752 1509 787 externa
1539 747 1698 787 auxilia.

233 822 255 856 7
277 823 439 860 Etruria
470 827 554 860 erat
585 823 724 868 vicina,
756 822 926 872 proximi
958 822 1214 859 Etruseorum
1247 820 1448 859 Veientes.
1502 819 1613 866 Inde,
1645 817 1696 857 ob

271 895 450 932 residuas
468 894 662 931 bellorum
681 894 759 930 iras
778 893 946 931 maxime
964 892 1189 930 sollicitatis
1207 892 1257 930 ad
1270 891 1533 929 defectionem
1545 890 1696 937 animis,

271 965 517 1003 voluntarios
549 968 719 1011 traxere,
765 968 803 1000 et
844 965 949 1013 apud
990 977 1110 1012 vagos
1143 963 1332 1012 quosdam
1364 975 1413 1000 ex
1445 962 1555 1012 inopi
1585 961 1698 1011 plebe

272 1038 389 1074 etiam
407 1049 556 1073 merces
574 1035 718 1078 valuitss.
748 1036 908 1085 publico
928 1035 1078 1073 auxilio
1097 1035 1208 1072 nullo
1226 1034 1351 1071 adiuti
1367 1036 1469 1080 sunt,
1494 1032 1698 1082 valuitque

274 1108 379 1158 apud
407 1107 597 1144 Veientes
629 1106 732 1157 (nam
766 1107 813 1143 de
846 1106 987 1143 ceteris
1020 1106 1148 1143 minus
1180 1106 1322 1143 mirum
1353 1107 1429 1154 est)
1461 1106 1581 1154 pacta
1612 1116 1700 1141 cum

228 1183 253 1218 8
271 1180 439 1217 Romulo
474 1179 718 1215 indutiarum
751 1177 858 1215 fides.
908 1177 1037 1224 Quum
1065 1177 1214 1214 bellum
1238 1177 1424 1225 utrinque
1450 1188 1600 1213 summa
1624 1187 1699 1224 ope

273 1254 472 1300 pararent,
498 1250 678 1297 vertique
708 1248 746 1285 in
765 1262 808 1285 eo
827 1261 887 1285 res
905 1248 1117 1294 videretur,
1142 1248 1222 1284 utri
1239 1247 1350 1297 prius
1367 1260 1475 1285 arma
1492 1246 1697 1292 inferrent,

231 1329 253 1364 9
275 1325 442 1371 occupat
473 1320 615 1357 Tullus
648 1320 688 1356 in
719 1332 856 1368 agrum
876 1317 1067 1356 Sabinum
1099 1319 1281 1356 transire.
1328 1318 1472 1367 Pugna
1503 1320 1617 1355 atrox
1648 1316 1700 1355 ad

271 1394 413 1430 silvam
431 1391 674 1429 Malitiosam
702 1390 791 1438 fuit,
817 1390 885 1427 ubi
910 1394 948 1427 et
965 1390 1143 1439 peditum
1161 1390 1321 1438 quidem
1337 1389 1493 1438 robore,
1525 1391 1698 1426 ceteium

208 1463 258 1499 lO
277 1465 457 1513 equitatu
483 1466 597 1500 aucto
625 1475 750 1511 nuper
766 1461 980 1510 plurimum
998 1461 1179 1498 Romana
1196 1461 1300 1498 acies
1317 1461 1456 1498 valuit.
1503 1458 1571 1497 Ab
1589 1459 1697 1508 equi-

271 1535 379 1572 tibus
398 1538 559 1584 repente
577 1534 744 1570 invectis
762 1532 915 1569 turbati
931 1532 1088 1569 ordines
1106 1535 1197 1569 sunt
1214 1531 1466 1578 Sabinorum,
1482 1543 1553 1568 neo
1565 1542 1700 1580 pugna

274 1606 418 1643 deinde
436 1606 514 1642 illis
533 1608 713 1642 constare
741 1617 811 1640 nec
839 1604 933 1652 fuga
962 1604 1153 1652 explicari
1171 1603 1254 1640 sine
1278 1615 1420 1651 magna
1437 1602 1542 1640 caede
1559 1601 1701 1651 potuit.

136 1673 184 1721 31
386 1677 570 1714 Devictis
589 1675 758 1724 Sabinis,
788 1688 907 1724 quum
936 1676 976 1711 in
1005 1687 1146 1722 magna
1162 1674 1290 1723 gloria
1307 1674 1541 1722 magnisque
1557 1672 1700 1723 opibus

274 1762 440 1797 regnum
459 1748 566 1784 Tulli
598 1760 642 1784 ac
666 1750 751 1783 tota
777 1759 838 1782 res
865 1745 1045 1783 Romana
1070 1748 1182 1791 esset,
1213 1746 1439 1782 nuntiatum
1467 1744 1553 1792 regi
1576 1742 1699 1793 patri·

237 1823 260 1859 2
279 1820 431 1869 busque
448 1819 566 1864 est,in
583 1821 714 1855 monte
725 1816 887 1854 Albano
905 1817 1106 1866 lapidibus
1124 1817 1309 1866 pluvisse.
1327 1815 1446 1864 Quod
1462 1828 1582 1865 quum
1592 1813 1700 1852 credi

271 1892 338 1928 vix
369 1894 512 1940 posset,
558 1889 685 1926 missis
718 1888 767 1926 ad
800 1887 842 1924 id
873 1888 1081 1925 visendum
1113 1888 1352 1937 prodigium,
1400 1888 1441 1924 in
1473 1887 1699 1936 conspectu,

273 1963 376 1999 haud
401 1962 516 1998 aliter
541 1974 656 2010 quam
683 1972 803 2009 quum
831 1958 1066 2007 grandinem
1091 1959 1200 1996 vent-i
1224 1959 1484 2007 glomeratam
1507 1958 1548 1994 in
1573 1960 1700 1994 terras

232 2038 255 2073 3
275 2036 409 2081 agunt,
443 2032 575 2069 crebri
609 2030 785 2068 cecidere
811 2030 907 2067 caelo
932 2029 1094 2079 lapides.
1143 2029 1231 2067 Visi
1257 2030 1379 2067 etiam
1406 2028 1542 2066 audire
1565 2039 1701 2066 vocem

275 2105 473 2152 ingentem
500 2117 546 2140 ex
571 2102 712 2139 summi
737 2101 950 2139 cacuminis
974 2101 1075 2148 luco,
1106 2104 1149 2138 ut
1174 2101 1305 2150 patrio
1321 2101 1403 2138 ritu
1420 2112 1530 2138 sacra
1547 2096 1700 2136 Albani

273 2175 458 2220 facerent,
504 2186 601 2222 quae,
647 2174 756 2210 velut
795 2172 855 2209 dis
899 2185 1056 2220 quoque
1097 2171 1215 2208 simul
1257 2185 1344 2209 eum
1375 2171 1508 2221 patria
1538 2168 1702 2216 relictis,

273 2245 466 2282 oblivioni
497 2244 700 2290 dederant,
732 2247 770 2280 et
801 2247 869 2280 aut
886 2243 1067 2280 Romana
1098 2255 1209 2280 sacra
1241 2244 1496 2292 susceperant
1527 2243 1594 2278 aut
1624 2240 1702 2277 for-

230 2316 255 2352 4
277 2320 396 2363 tunae,
427 2319 471 2352 ut
501 2315 555 2360 fit,
587 2315 734 2352 obirati
767 2315 917 2351 cultum
942 2314 1189 2363 reliquerant
1217 2313 1343 2351 deum.
1392 2311 1582 2350 Romanis
1607 2323 1702 2360 quo-

275 2400 351 2436 que
383 2387 431 2424 ab
464 2386 597 2423 eodem
630 2385 815 2434 prodigio
843 2385 1081 2422 novendiale
1107 2397 1260 2422 sacrum
1290 2384 1449 2434 publice
1477 2385 1702 2431 susceptum

275 2462 343 2503 est,
389 2471 457 2495 seu
498 2470 592 2494 voce
624 2456 773 2493 caelesti
805 2470 852 2493 ex
887 2456 1049 2493 Albano
1082 2458 1213 2493 monte
1245 2455 1361 2492 missa
1392 2453 1498 2504 (nam
1530 2453 1571 2490 id
1605 2464 1701 2501 quo-

274 2516 363 2578 que'
381 2528 570 2575 traditur)
601 2540 669 2564 seu
700 2527 957 2575 haruspicum
990 2527 1157 2572 monitu,
1192 2525 1337 2562 mansit
1368 2528 1473 2562 certe
1501 2524 1702 2570 sollemne,

274 2604 329 2646 ut,
360 2599 598 2649 quandoque
629 2598 732 2635 idem
763 2597 992 2647 prodigium
1023 2597 1290 2643 nuntiaretur,
1322 2594 1432 2632 feriae
1465 2607 1536 2644 per
1560 2606 1701 2632 novem

275 2671 358 2708 dies
390 2674 611 2719 agerentur.
