1821 2928
268 143 318 179 52
895 141 1009 176 Liber
1032 142 1062 177 I.

226 267 248 302 2
268 280 344 315 quo
363 266 509 303 civium
528 267 680 304 animos
699 266 805 304 domi
824 273 1086 318 oppresserat,
1103 270 1261 310 Latinis
1279 272 1473 311 iniiceret.
1515 272 1569 311 Et
1599 273 1696 323 quia

265 351 337 387 pro
371 338 539 388 imperio
571 337 702 386 palam
734 337 905 376 interfici
936 353 1014 378 non
1046 345 1213 391 poterat,
1247 343 1380 382 oblato
1412 344 1514 382 falso
1531 344 1696 382 crimine

266 411 461 448 insontem
493 409 702 458 oppressit.
755 409 834 447 Per
865 411 1039 450 adversae
1069 414 1252 452 factionis
1284 415 1474 464 quosdam
1504 415 1695 454 Aricinos

265 495 421 519 servum
453 481 579 518 Turni
624 493 720 519 auro
766 483 955 533 corrupit,
1006 488 1049 522 ut
1094 485 1134 522 in
1183 485 1451 524 deversorium
1490 487 1573 524 eius
1613 487 1695 525 vim

224 554 447 602 3magnam
466 553 688 604 gladiorum
719 552 859 592 inferri
891 555 990 592 clam
1023 556 1180 594 sineret.
1226 557 1286 594 Ea
1317 571 1437 607 quum
1468 571 1548 595 una
1579 560 1694 596 nocte

265 629 442 678 perfecta
480 632 622 677 essent,
669 627 926 677 Tarquinius,
970 627 1091 676 paulo
1123 632 1213 666 ante
1246 629 1373 666 lucem
1403 629 1541 667 accitis
1572 630 1623 668 ad
1654 643 1696 668 se

263 700 513 750 principibus
529 700 778 748 Latinorum,
811 699 923 748 quasi
938 712 980 736 re
997 712 1099 736 nova
1117 701 1386 749 perturbatus,
1418 714 1566 739 moram
1583 713 1694 739 suam

264 771 500 817 hesternam,
533 772 642 810 velut
667 772 830 809 deorum
851 770 1021 821 quadam
1037 771 1290 820 providentia
1306 772 1468 820 illatam,
1499 773 1557 810 ait
1572 773 1695 811 saluti

222 844 245 878 4
265 843 342 880 sibi
373 846 493 893 atque
524 844 606 881 illis
630 843 764 882 fuisse.
811 843 878 880 Ab
896 842 1032 880 Turno
1060 842 1139 880 dici
1158 842 1235 880 sibi
1253 846 1291 881 et
1307 844 1548 893 primoribus
1566 857 1695 895 popu·

265 915 392 953 lorum
435 916 571 964 parari
602 928 747 961 necem,
791 918 834 951 ut
866 914 1102 951 Latinorum
1149 915 1256 952 solus
1295 915 1506 965 imperium
1543 919 1695 955 teneat.

264 986 562 1035 Aggressurum
594 987 716 1024 fuisse
747 986 933 1024 hesterno
952 985 1017 1023 die
1034 986 1075 1023 in
1093 986 1284 1033 concilio,
1316 986 1479 1025 dilatam
1495 1000 1578 1025 rem
1596 1000 1692 1037 esse,

221 1056 243 1093 5
265 1057 371 1106 quod
404 1062 542 1096 auctor
567 1058 727 1096 concilii
745 1058 900 1104 afuerit,
933 1071 1049 1107 quem
1067 1045 1237 1095 maxime
1253 1061 1418 1108 peteret.
1465 1058 1567 1096 Inde
1583 1059 1693 1096 illam

263 1129 440 1167 absentis
472 1131 772 1168 insectationem
804 1143 888 1168 esse
919 1133 1064 1175 natam,
1098 1130 1203 1179 quod
1236 1129 1427 1167 morando
1445 1143 1554 1180 spem
1573 1129 1696 1168 desti·

263 1201 399 1239 tuerit.
461 1201 550 1239 Non
583 1202 781 1248 dubitare,
827 1202 859 1239 si
897 1214 991 1239 vera
1023 1200 1264 1248 deferantur,
1309 1201 1406 1251 quin
1437 1201 1565 1251 prima
1593 1202 1694 1248 luce,

262 1271 330 1309 ubi
362 1275 523 1310 ventum
542 1274 580 1310 in
598 1274 810 1311 concilium
828 1273 892 1320 sit,
924 1273 1140 1311 instructus
1158 1286 1244 1310 cum
1262 1274 1557 1311 coniuratorum
1574 1285 1694 1311 manu
1739 1325 1741 1327 ,

224 1343 246 1379 6
265 1347 518 1394 armatusque
549 1348 740 1383 venturus
771 1345 837 1384 sit.
890 1344 987 1382 Dici
1019 1344 1245 1393 gladiorum
1277 1345 1478 1394 ingentem
1510 1357 1594 1382 esse
1624 1357 1694 1382 nu·

262 1429 413 1454 merum
458 1417 508 1455 ad
547 1430 634 1455 eum
667 1421 910 1456 convectum.
971 1416 1021 1453 Id
1052 1430 1195 1454 vanum
1227 1429 1350 1453 necne
1381 1416 1444 1462 sit,
1493 1416 1694 1466 extemplo

263 1488 355 1526 sciri
386 1501 511 1537 posse.
570 1489 731 1538 Rogare
763 1502 838 1535 eos,
870 1491 914 1525 ut
944 1487 1037 1525 inde
1069 1501 1199 1525 secum
1231 1487 1280 1525 ad
1311 1487 1488 1524 Turnum
1519 1487 1692 1525 veniant.

223 1559 244 1594 7
264 1560 498 1610 Suspectam
528 1560 623 1605 fecit
653 1573 735 1597 rem
763 1564 802 1597 et
818 1559 1022 1609 ingenium
1040 1559 1167 1596 Turni
1185 1559 1294 1597 ferox
1311 1562 1350 1596 et
1366 1560 1493 1597 oratio
1510 1559 1694 1596 hesterna

263 1634 303 1668 et
348 1644 458 1669 mora
489 1631 718 1681 Tarquinii,
764 1632 871 1681 quod
916 1630 1130 1669 videbatur
1169 1630 1218 1668 ob
1259 1644 1344 1668 eam
1384 1630 1535 1668 differri
1565 1629 1693 1668 caedes

261 1704 449 1753 potuisse.
496 1703 604 1740 Eunt
635 1703 840 1741 inclinatis
857 1702 1020 1752 quidem
1037 1702 1087 1740 ad
1105 1702 1346 1740 credendum
1364 1701 1515 1749 animis,
1544 1705 1690 1750 tamen,

220 1771 340 1812 8nisi
383 1775 531 1824 gladiis
573 1773 843 1824 deprehensis,
886 1778 1015 1811 cetera
1045 1787 1147 1812 vana
1179 1773 1459 1813 existimaturi.
1518 1772 1602 1811 Ubi
1631 1771 1713 1810 est'

262 1859 305 1883 eo
323 1851 494 1893 ventum,
518 1845 698 1884 Turnum
715 1859 763 1883 ex
780 1852 920 1884 somno‘
935 1846 1152 1884 excitatum
1169 1845 1470 1883 circumsistunt
1486 1843 1693 1891 custodes;

263 1917 635 1967 comprehensisque
674 1917 810 1964 servis,
855 1918 923 1967 qui
969 1918 1133 1955 caritate
1180 1916 1332 1954 domini
1371 1916 1450 1954 vim
1482 1915 1691 1966 parabant,

262 2001 381 2037 quum
413 1989 538 2038 gladii
562 1988 691 2026 abditi
715 2003 761 2026 ex
778 1989 962 2026 omnibus
979 1989 1076 2026 locis
1094 1988 1331 2027 deverticuli
1346 1987 1691 2038 protraherentur,

262 2060 464 2098 enimvero
511 2061 719 2098 manifesta
764 2074 825 2098 res
855 2060 953 2109 visa,
1001 2060 1236 2110 iniectaeque
1267 2059 1404 2097 Turno
1435 2062 1603 2104 catenae3
1651 2061 1690 2096 et

263 2132 467 2169 confestim
483 2132 719 2170 Latinorum
752 2132 963 2170 concilium
995 2145 1137 2181 magno
1163 2145 1250 2170 cum
1267 2131 1441 2169 tumultu
1457 2129 1687 2168 advocatur.

221 2199 243 2235 9
262 2202 326 2240 Ibi
372 2207 451 2240 tam
492 2208 607 2241 atrox
638 2204 791 2242 invidia
822 2207 910 2241 orta
941 2207 1000 2241 est
1031 2204 1176 2252 gladiis
1208 2203 1249 2239 in
1280 2201 1410 2239 medio
1439 2201 1598 2251 positis,
1644 2204 1689 2238 ut

262 2274 412 2312 indicta
459 2288 587 2324 causa,
634 2288 735 2312 novo
781 2288 925 2324 genere
969 2275 1049 2321 leti,
1097 2274 1271 2312 deiectus
1317 2273 1367 2311 ad
1411 2276 1532 2322 caput
1574 2283 1688 2321 aquae

262 2345 501 2391 Ferentinae,
528 2349 634 2383 crate
652 2359 821 2396 superne
838 2347 984 2384 iniecta
1000 2346 1185 2396 saxisque
1204 2345 1414 2395 congestis,
1430 2345 1687 2392 mergeretur.

126 2406 180 2454 52
261 2416 474 2454 Revocatis
521 2415 666 2454 deinde
698 2416 746 2453 ad
779 2418 989 2455 concilium
1021 2417 1177 2455 Latinis
1209 2416 1454 2465 Tarquinius
1486 2413 1686 2452 collauda-

261 2487 404 2537 tisque,
450 2488 519 2536 qui
549 2487 727 2525 Turnum
774 2492 983 2526 novantem
1023 2502 1085 2526 res
1122 2501 1193 2538 pro
1225 2487 1434 2525 manifesto
1465 2484 1687 2536 parricidio

223 2559 405 2595 2merita
435 2571 553 2608 poena
583 2558 817 2604 affecissent,
864 2559 921 2596 ita
964 2560 1086 2597 verba
1130 2560 1240 2596 feeit:
1287 2559 1410 2596 Posse
1455 2556 1613 2606 quidem
1644 2568 1686 2593 se

262 2633 417 2667 vetusto
449 2630 536 2668 iure
566 2642 694 2678 agere,
726 2629 844 2679 quod,
876 2642 995 2679 quum
1021 2643 1153 2667 omnes
1170 2629 1306 2667 Latini
1331 2629 1380 2666 ab
1397 2627 1508 2665 Alba
1524 2627 1686 2664 oriundi

263 2700 353 2748 sint,
388 2700 460 2750 [in]
494 2714 538 2738 eo
569 2700 716 2738 foedere
746 2704 969 2747 teneantur,
1003 2714 1079 2750 quo
1097 2701 1145 2738 ab
1162 2700 1282 2738 Tullo
1299 2713 1361 2737 res
1377 2699 1503 2738 omnis
1523 2698 1687 2737 Albana
