1821 2928
822 192 855 227 V

123 308 204 344 sine
228 306 333 343 uncis
357 305 557 351 (Woelfflin
582 305 630 340 ad
654 303 763 348 XXI,
787 306 843 349 44,
868 306 905 350 9)
930 307 952 341 8
977 306 1204 341 dictatorem
1229 305 1308 340 sine
1333 303 1439 339 uncis
1465 303 1556 350 (My.

126 366 205 402 Em.
230 364 315 409 130)
337 365 342 408 Ι
363 364 642 399 honoratorum
657 362 785 406 (Valii,
809 374 839 397 v.
854 362 934 398 Em.
961 363 1032 398 130
1056 363 1145 408 not.)
1171 365 1214 399 12
1234 363 1274 398 P.
1288 361 1418 396 Valeri
1433 359 1557 405 (codd,

125 423 234 459 etiam
262 422 308 467 V;
331 421 498 468 sortasse
523 419 625 455 Islvii
650 431 755 454 error
779 420 854 465 est.)
883 422 924 455 13
947 421 987 455 in
1011 421 1107 455 urbe
1122 420 1182 465 (V)
1209 423 1252 455 14
1279 430 1441 464 quaeqne
1466 418 1558 454 belli

126 482 199 517 alia
223 479 280 525 (V,
310 479 402 515 coni.
429 478 553 514 Reizii
578 477 816 522 confirmans)
853 478 934 521 VII,
968 481 984 512 1
1012 488 1078 513 om.
1103 479 1180 512 vim
1213 476 1393 521 (Alanus,
1420 475 1558 519 Distov,

122 537 183 574 sed
215 538 304 582 post
336 535 546 582 ingentem)
583 537 604 570 2
640 535 862 570 resistentes
900 534 1046 579 (Gron.)
1085 535 1148 577 IX,
1185 536 1206 570 5
1245 534 1340 579 (Em.
1373 535 1436 578 51)
1468 535 1490 569 6
1519 534 1559 568 in

122 595 270 630 Volscis
295 594 400 629 missi
426 592 517 638 (Iac.
546 591 674 636 Gron.)
704 594 725 627 9
751 603 829 626 non
861 597 940 627 tam
965 605 986 627 a
1011 604 1078 638 spe
1103 591 1216 636 (codd.
1244 601 1381 635 omnes,
1412 592 1558 635 excepto

123 651 177 696 M,
201 651 244 686 in
267 662 337 695 quo
363 651 417 685 est
438 654 622 685 montana
647 650 727 694 spe)
753 650 797 684 X.
826 652 841 684 1
870 661 948 684 11011
975 649 1041 695 [111]
1069 661 1113 684 eo
1141 648 1286 694 (Gron.)
1313 651 1335 684 8
1359 649 1417 683 his
1443 647 1512 690 XI,
1538 649 1559 681 3

124 720 223 752 esse3
250 712 399 743 tantum
425 707 504 742 sine
529 707 636 742 uncis
661 706 752 752 (My.
778 707 860 742 Em.
886 707 970 751 131)
995 709 1016 741 7
1048 707 1215 751 primum
1249 707 1418 741 omnium
1452 704 1558 748 (Tan.

127 766 257 810 Faber)
270 765 352 803 XII.
367 767 384 800 1
400 765 616 809 (inductum
630 764 767 808 Klock„
792 775 878 799 rccc.
889 764 1078 809 pauci,M
1091 765 1223 799 induci
1236 764 1443 805 indictum,
1470 763 1560 805 cett„

124 824 241 859 Drak.
273 822 476 867 indictum)
513 823 534 857 8
565 826 717 857 vatesve
756 821 843 865 (cod.
879 821 996 856 Rhen.
1034 821 1188 866 aliique)
1227 823 1271 856 10
1307 826 1457 864 teneas,
1492 819 1560 853 ubi

123 880 267 926 (Wesb.)
295 881 337 914 10
361 890 501 924 pavore
528 879 629 923 (LH,
653 880 755 924 rece.)
780 878 888 923 XIII,
913 881 934 913 7
959 891 1030 913 nec
1056 879 1255 913 hominum
1282 877 1459 923 (Siesbye;
1482 886 1560 912 sen-

122 940 222 974 serat
236 938 365 973 vitium
380 936 541 980 Alanus)
556 937 652 981 XIV,
667 939 688 971 2
703 937 881 981 (intuenti
889 947 961 980 pro
974 936 1159 971 intuenda
1169 935 1296 980 (ἔτ-οη.)
1311 938 1332 970 9
1344 934 1466 979 (Prob.
1477 933 1558 969 Ald.

124 995 412 1037 commodioris)
429 996 467 1027 11
486 1006 570 1028 cum
594 994 674 1028 sinc
698 994 804 1029 uncis
818 993 949 1038 (Drak.
976 1004 1057 1028 cum
1082 992 1171 1027 Lov.
1184 993 1220 1037 5)
1237 995 1277 1027 13
1293 992 1560 1036 differentique

124 1058 161 1088 et
184 1073 229 1078 -
254 1052 396 1087 dicenti
416 1051 494 1089 XV,
521 1053 564 1085 10
584 1056 726 1086 sortem
754 1051 920 1095 aliquam
946 1051 1042 1085 ferte
1069 1050 1159 1095 (My.
1180 1050 1261 1085 Em.
1281 1050 1366 1094 132)
1398 1049 1514 1092 XVII,
1539 1050 1559 1083 3

122 1110 328 1155 populares
353 1109 431 1143 sine
456 1108 562 1142 uncis
597 1107 689 1152 (My.
717 1108 799 1143 Em.
824 1108 908 1152 132)
935 1110 955 1142 5
979 1108 1213 1153 (Capitolino
1239 1108 1304 1143 del.
1326 1106 1448 1142 Kiehl.
1492 1105 1561 1141 Po·

123 1167 243 1202 tiusne
267 1176 333 1200 scr.
361 1165 602 1210 Capitolini?)
630 1166 650 1198 6
676 1166 848 1209 remisso,
874 1166 914 1200 id
940 1165 1045 1210 quod
1065 1165 1304 1210 (Douiatz‘us;
1334 1165 1415 1200 Em.
1430 1165 1477 1198 14
1498 1174 1560 1207 sq„

123 1224 193 1258 132
218 1223 268 1267 n.)
294 1225 315 1258 8
340 1223 436 1267 (Em.
462 1222 533 1256 132
545 1223 637 1266 not.)
664 1223 798 1267 XVIII,
825 1226 841 1257 1
859 1224 962 1258 exitu
979 1222 1084 1268 (My.)
1110 1225 1130 1257 3
1151 1224 1226 1258 iam
1244 1223 1284 1257 in
1297 1222 1560 1267 propinquum

124 1285 316 1316 certamen
351 1280 483 1315 aderat
516 1283 553 1314 et
583 1280 759 1314 Manlius.
805 1281 992 1315 advocata
1023 1279 1150 1324 (Gron.
1181 1280 1257 1315 iam
1286 1281 1326 1314 in
1358 1278 1417 1321 M,
1449 1277 1560 1312 ceteri

73 1361 77 1364 -
125 1339 269 1373 tantum
292 1338 349 1381 in)
375 1338 396 1370 6
423 1342 518 1381 quot
545 1339 643 1372 enim
660 1338 817 1372 clientes
833 1336 924 1381 (My.
941 1337 1021 1371 Em.
1036 1337 1121 1381 133)
1138 1339 1180 1371 12
1206 1337 1259 1381 (et
1272 1336 1418 1372 notavit
1441 1334 1556 1370 Gron.

125 1395 244 1438 C'odd,
271 1394 389 1429 Drak.
416 1395 544 1437 etiam)
573 1397 614 1428 14
640 1394 796 1435 (nomen
820 1394 921 1427 indit
948 1393 1107 1429 Schoedel
1125 1393 1384 1438 probabiliter)
1414 1393 1513 1436 XIX,
1537 1394 1561 1427 4

124 1465 211 1488 nam
244 1457 282 1487 et
315 1453 403 1496 quia
429 1451 519 1495 (My.
546 1450 595 1484 ad
621 1451 690 1485 Cic.
716 1450 801 1485 Fin.
823 1463 860 1495 p.
887 1451 954 1485 791
978 1454 1066 1495 post
1086 1451 1183 1486 Crev.
1211 1452 1264 1495 (et
1287 1451 1342 1495 111)
1368 1452 1403 1485 et
1422 1448 1559 1484 Stroth.

126 1510 249 1544 Potest
283 1509 395 1543 ctiam
431 1508 611 1552 scriptum
641 1508 783 1552 fuisse:
820 1521 905 1543 nam
946 1509 978 1543 ei
1016 1521 1168 1553 quoquc
1210 1509 1300 1553 quia
1335 1510 1371 1542 et
1406 1518 1561 1552 quoque

125 1566 300 1601 excidisse
326 1567 411 1600 ante
439 1566 555 1609 quia.)
582 1565 662 1608 XX,
699 1567 721 1600 8
758 1566 958 1610 (produxit
989 1568 1062 1601 not.
1084 1566 1213 1610 Rhen„
1238 1566 1319 1601 Em.
1345 1565 1430 1609 133)
1452 1564 1458 1608 Ι
1480 1564 1561 1609 (no—

125 1624 297 1659 minatim
323 1622 399 1667 My.
426 1622 506 1657 Em.
532 1621 601 1656 ibd.
630 1621 748 1663 Codd„
774 1622 891 1657 Drak.
917 1623 1171 1668 nominatum)
1197 1623 1295 1666 XXI,
1329 1625 1349 1656 7
1382 1622 1454 1656 nisi
1484 1621 1560 1666 pri-

122 1687 210 1716 vato
249 1679 405 1724 (MLH)
442 1679 565 1721 XXII,
606 1682 621 1713 1
664 1679 842 1719 (tribunis
881 1682 953 1715 not.
992 1679 1128 1714 Muret.
1166 1690 1248 1715 cum
1282 1690 1370 1715 rece.
1403 1678 1560 1723 aliquot)

123 1737 258 1773 XXIII.
293 1738 314 1772 6
347 1735 448 1780 (Non
484 1735 776 1781 improbabiliter
814 1736 952 1771 Alsch.:
990 1749 1104 1782 quem
1140 1738 1289 1772 insidiis
1324 1736 1560 1772 instruendis

124 1797 356 1839 quaerentem
376 1793 530 1829 locum?
554 1792 662 1828 Codd.
678 1794 790 1828 enim:
821 1794 970 1829 insidiis
989 1795 1247 1829 instruentem
1258 1795 1404 1838 locum)
1432 1796 1471 1828 11
1498 1804 1560 1827 ve-

123 1851 223 1886 niam
239 1851 352 1885 etiam
365 1855 496 1895 petere
518 1849 621 1894 (Tan.
644 1851 777 1896 Faber)
796 1853 837 1886 12
856 1852 894 1886 111
912 1855 1050 1886 eventu
1067 1851 1270 1896 (codanus
1283 1852 1366 1896 rec.)
1381 1850 1520 1894 XXIV,
1539 1852 1560 1884 7

124 1907 260 1954 [quod]
275 1908 360 1952 (cfr.
381 1906 533 1950 XXIX,
560 1909 616 1951 18,
636 1908 700 1951 13)
722 1910 742 1943 9
764 1908 986 1953 (temeritati
1002 1920 1074 1953 pro
1095 1910 1323 1944 temeritatis
1344 1908 1442 1944 codd.
1456 1907 1560 1952 recc.)

125 1967 167 2001 10
181 1965 310 2008 aciem,
331 1965 430 1999 tradi
451 1965 531 1999 sine
544 1967 633 2000 nota
645 1965 767 2000 mendi
784 1966 867 2009 (scr.
889 1966 1078 2010 optimum
1091 1967 1215 2001 visum
1229 1971 1297 2011 est,
1311 1965 1561 2001 non—trudi

125 2034 253 2067 eqUOS,
278 2023 360 2058 Em.
393 2022 477 2067 133)
514 2023 628 2065 XXV,
665 2024 686 2056 ’7
719 2022 861 2067 (itineri
889 2033 961 2066 pro
998 2023 1145 2057 itineris
1177 2022 1230 2058 ed.
1262 2023 1412 2058 Mediol.
1446 2022 1558 2066 1505)

122 2079 261 2118 XXVI,
298 2081 320 2114 8
357 2080 403 2114 ab
435 2079 661 2114 Tusculanis
699 2083 825 2114 actum
870 2090 993 2114 errore
1029 2080 1188 2123 XXVII,
1227 2083 1248 2115 3
1283 2081 1438 2115 invidiae
1478 2080 1560 2115 eius

124 2136 214 2182 (My.
241 2136 323 2172 Em.
348 2135 434 2179 133)
462 2139 504 2170 10
530 2136 583 2180 (in
609 2135 690 2171 add.
718 2136 869 2180 Stroth.)
896 2137 1064 2181 XXVIII,
1089 2139 1110 2173 6
1135 2137 1193 2172 his
1218 2138 1272 2172 ibi
1298 2136 1442 2181 XXIX,
1466 2140 1488 2172 4
1514 2149 1559 2172 ex

123 2194 212 2238 fuga
237 2193 410 2238 dissipati
445 2192 538 2237 (ssIy.
573 2193 654 2227 Em.
680 2194 764 2238 134)
796 2194 930 2236 XXXI,
962 2197 983 2228 4
1015 2194 1265 2237 (debellatum
1302 2195 1443 2238 Weiss„
1475 2194 1557 2229 Em,

121 2250 202 2284 1-35.
230 2249 355 2293 Codd.,
392 2249 512 2285 Drak.
537 2251 738 2295 bellatum)
761 2251 766 2295 Ι
786 2251 1055 2286 ius...diceret
1080 2251 1170 2297 (My.
1197 2252 1279 2287 Em.
1305 2252 1389 2296 135)
1421 2252 1441 2285 5
1469 2252 1557 2286 dex-

122 2313 269 2343 trorsus
294 2308 521 2342 maritimam
550 2307 641 2352 (My.
668 2307 749 2342 Em.
774 2309 860 2353 135)
885 2308 1037 2350 XXXII,
1073 2311 1094 2344 6
1127 2309 1245 2353 (Fort.
1280 2310 1370 2344 satis
1404 2314 1557 2343 certam.

123 2364 204 2400 Em.
230 2365 312 2410 135)
338 2365 510 2407 XXXIII,
535 2367 556 2399 9
582 2365 736 2399 Tusculi
769 2365 849 2400 sine
880 2365 986 2400 uncis
1011 2365 1102 2411 (My.
1136 2366 1218 2401 Em.
1238 2366 1319 2400 136.
1346 2365 1440 2401 Edd.
1473 2367 1558 2399 ante

126 2421 241 2456 Drak.
267 2421 468 2457 omiserant
490 2421 645 2456 Tusculi
665 2423 753 2466 post
774 2423 938 2467 moenia.)
966 2426 1003 2458 11
1034 2424 1194 2468 (excipit
1220 2424 1416 2467 aliquanto
1437 2422 1558 2456 maior

126 2478 242 2514 Alsch.
271 2477 378 2514 Codd.
407 2480 596 2524 excipitur
621 2480 818 2524 aliquanto
844 2481 977 2524 maior,
1003 2480 1120 2516 Drak.
1149 2481 1338 2525 excipitur
1359 2480 1556 2524 aliquanto

125 2535 281 2580 maiore)
306 2534 488 2578 XXXIV,
516 2539 531 2570 1
561 2541 669 2571 tanto
696 2536 788 2582 (My.
822 2537 903 2572 Em.
929 2538 1012 2581 136)
1045 2537 1203 2581 XXXV,
1236 2541 1252 2572 1
1287 2537 1409 2582 plebis
1442 2535 1555 2579 (codd.

122 2593 256 2635 proeter
270 2591 330 2638 M)
353 2595 375 2628 2
400 2592 522 2636 (Prob.
553 2592 709 2628 IVesenb.
734 2595 899 2639 possint)
923 2598 944 2629 4
959 2595 1078 2640 aequis
1092 2592 1555 2640 portionibusffluiacius)

127 2649 147 2680 9
172 2648 290 2691 (Fort.
322 2651 415 2684 recte
440 2649 538 2684 codd.
563 2649 716 2694 quidam
728 2661 814 2685 recc.
838 2663 951 2695 quam
970 2652 1085 2694 nunc)
1112 2649 1293 2685 XXXVI.
1313 2652 1335 2685 8
1355 2653 1555 2694 stupentes
