1821 2928
484 145 601 181 Liber
624 145 698 182 ΠΙ.
731 146 792 191 (A.
819 146 883 182 ch.
908 147 1116 190 450—449.)
1415 151 1495 188 161

63 287 231 325 usquam
262 275 483 321 noscitare3
531 275 681 312 curiam
721 273 814 311 inde
845 287 890 311 ac
921 274 1182 312 solitudinem
1213 275 1318 313 circa
1349 275 1502 314 decem-

62 346 171 385 viros
204 346 365 394 intueri,
397 360 517 397 quum
551 350 590 384 et
622 346 710 397 ipsi,
759 359 952 384 consensu
984 347 1154 385 invisum
1187 347 1412 397 imperium,
1459 352 1497 386 et
1518 347 1568 385 10

62 419 189 468 plebs,
223 419 320 469 quia
349 419 518 470 privatis
551 419 613 456 ius
645 431 724 456 non
757 422 861 456 esset
887 418 1058 456 vocandi
1083 422 1276 467 senatum,
1309 434 1386 458 non
1412 434 1501 458 con-

61 490 198 528 venire
228 494 375 542 patres,
408 491 788 542 interpretarentur;
820 491 898 528 iam
929 489 1111 541 patefieri
1136 491 1364 530 libertatem
1389 506 1501 543 repe-

61 562 175 600 tendi
192 563 309 610 viam,
343 564 376 602 si
393 577 433 601 se
451 563 564 614 plebs
597 564 783 601 comitem
812 564 967 600 senatui
992 562 1059 600 det
1084 566 1133 610 et,
1167 565 1500 613 quemadmodum

61 638 197 685 patres
228 636 359 673 vocati
391 649 471 673 non
502 639 643 674 coeant
675 636 716 673 in
748 638 943 682 senatum,
976 635 1032 672 sic
1062 634 1176 686 plebs
1202 636 1351 674 abnuat
1379 637 1501 675 dilec-

61 710 159 746 tum.
220 706 319 745 Haec
351 708 525 744 fremunt
554 707 706 758 plebes.
767 707 934 745 Patrum
966 707 1073 745 haud
1103 708 1184 746 fere
1219 709 1430 759 quisquam
1463 710 1502 747 in
1525 709 1572 746 11

63 778 163 826 soro,
195 779 236 817 in
268 780 366 817 urbe
384 781 466 818 rari
484 784 610 820 erant.
672 780 925 830 Indignitate
942 793 1074 817 rerum
1093 784 1296 818 cesserant
1313 782 1354 819 in
1372 795 1502 831 agros,

62 864 305 902 suarumque
337 865 469 889 rerum
502 856 627 902 erant,
661 852 805 890 amissa
828 851 1006 902 publica,
1038 855 1192 890 tantum
1220 854 1270 891 ab
1296 854 1445 892 iniuria
1462 869 1502 893 se

62 923 200 962 abesse
232 924 324 974 rati,
364 929 557 975 quantum
590 938 613 962 a
645 929 749 963 coetu
781 937 1077 974 congressuque
1109 925 1390 975 impotentium
1431 927 1502 964 do-

61 996 260 1033 minorum
292 1010 333 1034 se
365 997 616 1035 amovissent.
685 996 905 1047 Postquam
937 997 1051 1034 citati
1083 1011 1161 1035 non
1196 999 1499 1047 conveniebant,
1523 998 1571 1035 12

61 1066 214 1106 dimissi
255 1068 364 1106 circa
395 1069 532 1106 domos
564 1069 816 1120 apparitores
858 1069 978 1107 simul
1020 1069 1071 1107 ad
1109 1070 1278 1120 pignera
1309 1071 1503 1122 capienda

61 1140 440 1191 sciscitandumque,
472 1154 566 1178 num
599 1141 778 1179 consulto
804 1141 1087 1191 detrectarent,
1119 1143 1300 1180 referunt
1323 1147 1503 1182 senatum

60 1213 101 1250 in
127 1214 237 1262 agris
257 1227 355 1252 esse.
416 1212 568 1250 Laetius
585 1214 628 1251 id
646 1213 885 1252 decemviris
904 1213 1064 1261 accidit,
1096 1227 1214 1264 quam
1232 1215 1266 1252 si
1281 1219 1499 1266 praesentes

62 1284 286 1323 detrectare
304 1286 519 1336 imperium
537 1286 746 1325 referrent.
808 1285 957 1323 Iubent
983 1285 1106 1323 acciri
1123 1300 1269 1337 omnes,
1303 1290 1501 1325 senatum·
1524 1287 1572 1325 13

62 1370 138 1408 que
181 1358 221 1395 in
263 1357 368 1396 diem
401 1360 613 1409 ¹Tposterum
654 1358 835 1403 edicunt3
883 1357 952 1407 qui
984 1357 1188 1407 aliquanto
1221 1372 1290 1409 spe
1323 1360 1502 1410 ipsorum

61 1429 311 1480 frequentior
343 1431 540 1468 convenit.
604 1430 692 1477 Quo
724 1430 844 1478 facto,
886 1429 1086 1479 proditam
1120 1444 1142 1467 a
1173 1431 1356 1481 patribus
1387 1432 1502 1482 plebs

61 1501 292 1540 libertatem
310 1506 409 1549 rata,
442 1502 548 1552 quod
566 1503 629 1552 iis,
663 1501 732 1552 qui
749 1502 826 1539 iam
843 1501 1082 1551 magistratu
1099 1502 1286 1553 abissent,
1312 1504 1502 1553 privatis-

64 1586 151 1624 que,
184 1574 218 1611 si
240 1575 300 1612 vis
329 1574 497 1624 abesset,
531 1578 720 1624 tanquam
745 1574 831 1611 iure
857 1574 1091 1623 cogentibus
1110 1577 1269 1613 senatus
1286 1575 1501 1626 paruisset.

178 1645 256 1684 Sed
273 1647 403 1696 magis
420 1646 656 1684 obedienter
671 1649 834 1684 ventum
853 1646 895 1683 in
913 1646 1064 1684 curiam
1083 1647 1174 1699 [est]
1193 1660 1311 1697 quam
1330 1649 1503 1688 obnoxie
1586 1639 1644 1689 39

62 1717 190 1755 dictas
222 1719 439 1757 sententias
471 1719 708 1769 accepimus.
770 1718 816 1756 L.
842 1717 1050 1757 Valerium
1083 1718 1264 1757 Potitum
1296 1720 1501 1771 proditum
1521 1717 1545 1754 2

62 1791 261 1829 memoriae
295 1794 356 1829 est
386 1794 478 1841 post
501 1791 737 1829 relationem
756 1790 864 1841 App.
890 1790 1064 1839 Claudii,
1095 1792 1331 1843 priusquam
1364 1794 1505 1833 ordine

63 1863 275 1901 sententiae
305 1867 559 1914 rogarentur,
592 1863 843 1914 postulando,
874 1867 920 1901 ut
937 1863 986 1901 de
1003 1877 1046 1902 re
1062 1864 1225 1914 publica
1242 1865 1384 1903 liceret
1400 1866 1506 1905 dice-

53 1919 115 1981 re,
146 1935 454 1986 prohibentibus
485 1935 698 1974 minaciter
729 1935 977 1985 decemviris,
1003 1936 1258 1986 proditurum
1287 1951 1327 1975 se
1354 1938 1404 1976 ad
1422 1939 1504 1989 ple·

61 2007 148 2045 bem
183 2007 497 2055 denuntiantem,
527 2008 741 2046 tumultum
774 2008 981 2046 excivisse.
1041 2007 1125 2046 Nec
1157 2009 1286 2047 minus
1317 2010 1545 2050 ferociter3

61 2078 117 2118 M.
151 2080 370 2119 Horatium
404 2080 625 2118 Barbatum
658 2080 734 2118 isse
765 2080 806 2117 in
839 2083 1051 2126 certamen,
1093 2080 1228 2118 decem
1260 2081 1504 2134 Tarquinios

62 2153 328 2203 appellantem
375 2153 754 2202 admonentemque,
811 2151 987 2190 Valeriis
1033 2156 1073 2190 et
1112 2153 1295 2192 Horatiis
1335 2154 1503 2194 ducibus

61 2225 198 2275 pulsos
229 2239 357 2276 reges.
404 2225 488 2263 Nec
506 2225 678 2263 nominis
695 2224 876 2263 homines
895 2228 977 2262 turn
995 2229 1209 2276 pertaesum
1227 2240 1321 2274 esse,
1353 2229 1503 2279 quippe
1521 2233 1547 2271 4

64 2309 142 2347 quo
173 2297 309 2336 Iovem
341 2297 539 2347 appellari
569 2297 628 2335 fas
653 2297 715 2347 sit,
749 2310 827 2348 quo
845 2296 1076 2347 Romulum,
1108 2298 1354 2337 conditorem
1379 2301 1502 2349 urbis,

63 2367 330 2420 deincepsque
345 2382 472 2419 reges,
504 2368 612 2419 quod
642 2369 766 2407 sacris
793 2370 910 2407 etiam
928 2373 972 2407 ut
988 2369 1176 2409 sollemne
1201 2374 1402 2411 retentum
1431 2374 1502 2420 sit;

62 2442 289 2491 superbiam
315 2442 629 2492 violentiamque
653 2446 738 2480 tum
765 2454 928 2492 perosos
960 2442 1079 2492 regis.
1143 2442 1241 2490 Quae
1273 2444 1307 2482 si
1339 2445 1379 2482 in
1411 2457 1506 2494 rege
1525 2445 1548 2485 5

65 2514 103 2549 et
142 2512 182 2550 in
213 2514 349 2552 eadem
393 2514 559 2553 audenti
589 2513 672 2552 filio
714 2514 820 2564 regis
860 2513 1024 2552 ferenda
1061 2528 1142 2553 non
1180 2516 1338 2563 fuerint,
1385 2529 1503 2566 quem

64 2582 236 2622 laturum
269 2586 309 2624 in
340 2590 401 2625 tot
430 2586 632 2638 privatis?
663 2585 874 2637 Viderent,
907 2599 957 2624 ne
979 2586 1154 2626 vetando
1180 2588 1220 2625 in
1248 2588 1362 2625 curia
1379 2588 1505 2626 libere
1523 2585 1547 2624 6

63 2653 241 2695 homines
272 2658 384 2710 loqui
415 2663 526 2698 extra
556 2659 707 2697 curiam
739 2659 861 2697 etiam
887 2663 1093 2698 moverent
1119 2672 1277 2706 vocem3
1308 2673 1437 2710 neque
1462 2673 1503 2698 se

63 2727 211 2776 videre,
244 2731 312 2780 qui
342 2731 420 2769 sibi
450 2731 581 2769 minus
611 2730 771 2782 privato
803 2731 853 2769 ad
884 2731 1108 2768 contionem
1141 2731 1334 2781 populum
1360 2745 1504 2771 vocare

175 2822 282 2850 Livius
301 2830 339 2850 ox
361 2831 421 2851 rec.
439 2824 596 2856 Madvigii.
633 2824 658 2850 1.
1253 2812 1294 2846 11
