1821 2928
633 181 724 206 Liber
742 181 793 206 w.
832 182 879 207 (A.
901 181 953 206 Ch.
973 183 1043 210 seo.)
1480 171 1503 208 9

115 300 390 345 terroremque
435 308 515 333 non
561 295 602 332 in
648 295 817 345 primam
862 299 1018 334 tantum
1064 295 1207 343 aciem,
1260 295 1328 334 sed
1360 296 1479 334 etiam
1511 297 1561 334 ad

116 364 378 402 subsidiarios
401 363 612 413 perlatum.
659 363 742 402 Nec
768 365 829 402 vis
854 367 1011 402 tantum
1034 364 1206 401 militum
1230 365 1426 411 movebat,
1457 365 1558 402 exci-
1579 364 1602 401 5

114 436 199 471 tata
230 432 445 482 praesentia
477 432 600 479 ducis,
633 431 701 470 sed
735 432 842 482 quod
867 432 1108 471 Volscorum
1140 433 1282 470 animis
1313 433 1415 470 nihil
1445 434 1561 471 terri-

113 501 235 538 bilius
281 503 367 538 erat
413 513 531 549 quam
576 500 702 549 ipsius
744 500 905 538 Camilli
950 501 1052 539 forte
1098 501 1234 538 oblata
1279 502 1447 550 species3
1494 502 1602 548 ita‚6

115 582 351 619 quocunque
368 582 408 606 se
425 567 637 614 intulisset,
668 568 878 607 victoriam
894 582 1027 606 secum
1051 569 1158 606 haud
1177 569 1340 607 dubiam
1362 571 1561 608 trahebat.

113 638 288 676 Maxime
309 637 350 674 id
368 637 530 674 evidens
546 637 634 683 fuit,
661 650 782 685 quum
800 638 840 674 in
858 638 998 674 laevum
1017 650 1140 674 cornu
1164 650 1290 687 prope
1307 639 1385 675 iam
1403 639 1561 688 pulsum

113 710 274 756 arrepto
305 711 470 756 repente
502 720 604 755 equo
637 719 725 743 cum
764 711 875 743 scut-o
915 705 1093 755 pedestri
1125 705 1314 743 advectus
1348 711 1562 756 conspectu

114 788 184 813 suo
232 775 417 824 proelium
465 774 663 821 restituit,
710 778 912 812 ostentans
949 774 1174 811 vincentem
1216 778 1386 812 ceteram
1427 776 1561 813 aciem.

114 844 201 881 Iam
226 843 419 881 inclinata
442 857 504 880 res
529 847 624 890 erat,
656 843 724 880 sed
747 843 867 880 turba
891 842 1062 880 hostium
1082 846 1120 879 et
1143 843 1277 891 fugam
1302 843 1558 893 impediebat,
1579 844 1602 878 7

75 920 79 921 ⁷
115 916 153 950 et-
183 913 304 960 longa
336 912 442 949 caede
482 912 728 950 conficienda
765 911 981 948 multitudo
1019 915 1132 948 tanta
1170 911 1271 949 fesso
1311 912 1431 948 militi
1463 916 1560 958 erat,

116 994 237 1030 quum
269 984 433 1030 repente
466 981 696 1029 ingentibus
727 979 914 1030 procellis
953 980 1063 1016 fusus
1096 979 1224 1017 imber
1255 984 1404 1017 certam
1435 980 1562 1029 magis

113 1050 324 1087 victoriam
349 1062 467 1098 quam
491 1049 678 1098 proelium
703 1049 876 1085 diremit.
923 1047 1047 1096 Signo
1073 1049 1217 1086 deinde
1248 1049 1429 1098 receptui
1454 1049 1560 1095 dato,
1579 1050 1603 1084 8

114 1132 191 1155 nox
224 1118 402 1155 insecuta
435 1118 581 1167 quietis
612 1116 806 1154 Romanis
845 1116 1013 1166 perfecit
1052 1117 1212 1154 bellum.
1273 1117 1411 1154 Latini
1452 1130 1560 1154 nam-

115 1199 190 1234 que
233 1190 270 1223 et
312 1186 481 1224 Hernici
523 1186 673 1223 relictis
707 1185 867 1222 Volscis
909 1185 1046 1224 domos
1089 1185 1261 1235 profecti
1302 1189 1405 1232 sunt,
1447 1185 1562 1222 malis

115 1255 291 1292 consiliis
330 1269 446 1305 pares
486 1255 624 1305 adepti
656 1256 838 1298 eventus3
870 1252 1010 1291 Volsci
1041 1253 1112 1291 ubi
1143 1267 1183 1291 se
1214 1254 1391 1292 desertos
1423 1254 1472 1291 ab
1505 1253 1560 1290 eis
1579 1253 1602 1287 9

54 1352 57 1355 .
113 1322 262 1370 videre,
299 1337 466 1372 quorum
497 1323 647 1360 fiducia
678 1321 984 1368 rebellaverant,
1015 1322 1166 1359 relictis
1199 1323 1339 1360 castris
1365 1321 1562 1359 moenibus

114 1390 262 1428 Satrici
294 1405 334 1429 se
366 1391 589 1428 includunt.
650 1390 760 1437 Quos
791 1390 921 1439 primo
947 1390 1139 1427 Camillus
1171 1391 1279 1428 vallo
1312 1390 1561 1428 circumdare

115 1462 153 1496 et
184 1472 330 1508 aggere
361 1463 481 1508 atque
513 1459 701 1508 operibus
732 1472 966 1508 oppugnare
999 1462 1057 1495 est
1089 1458 1264 1496 adortus.
1325 1458 1424 1506 Qua)
1452 1460 1557 1507 post·
1581 1457 1630 1493 10

117 1541 235 1576 quam
266 1528 378 1564 nulla
409 1528 619 1577 eruptione
651 1527 839 1576 impediri
869 1527 990 1573 videt,
1022 1527 1152 1563 minus
1183 1541 1266 1564 esse
1297 1527 1421 1564 animi
1450 1531 1562 1564 ratus

118 1595 158 1632 in
189 1596 312 1643 hoste,
346 1609 465 1646 quam
496 1599 540 1633 ut
571 1596 613 1633 in
644 1609 689 1633 eo
712 1598 794 1633 tam
826 1596 943 1632 lentae
975 1594 1061 1644 spei
1076 1595 1285 1633 victoriam
1303 1598 1562 1645 exspectaret,

118 1664 348 1702 cohortatus
389 1665 548 1706 milites,
589 1678 637 1701 ne
677 1668 871 1713 tanquam
903 1664 1027 1701 Veios
1059 1667 1339 1713 oppugnantes
1371 1663 1411 1700 in
1443 1676 1562 1712 opere

117 1731 338 1782 longinquo
371 1746 454 1770 sese
484 1736 677 1770 tererent:
724 1733 936 1770 victoriam
975 1732 1016 1769 in
1054 1733 1238 1770 manibus
1277 1745 1370 1778 esse,
1408 1731 1563 1780 ingenti

117 1800 287 1837 militum
321 1801 530 1838 alacritate
572 1801 718 1838 moenia
757 1801 936 1850 undique
977 1814 1188 1850 aggressus
1219 1800 1337 1838 scalis
1368 1799 1562 1850 oppidum

118 1869 234 1918 cepit.
296 1869 436 1907 Volsci
467 1869 634 1907 abiectis
666 1869 785 1906 armis
817 1883 900 1906 sese
933 1869 1186 1906 dediderunt.

234 1936 419 1974 Ceterum
452 1938 606 1975 animus
638 1937 750 1974 ducis
781 1937 839 1974 rei
870 1937 1025 1983 maiori,
1062 1937 1201 1984 Antio,
1239 1936 1487 1974 imminebat:
1519 1936 1561 1973 id
1650 1932 1675 1979 9

119 2009 239 2055 caput
270 2005 523 2052 Volscorum,
564 2019 650 2043 eam
690 2005 812 2042 fuisse
855 2005 1048 2053 originem
1091 2005 1264 2055 proximi
1304 2005 1413 2042 belli.
1483 2003 1602 2042 Sed2

118 2073 212 2123 quia
242 2073 320 2110 nisi
351 2087 494 2122 magno
526 2077 735 2123 apparatu,
765 2073 975 2110 tormentis
1006 2074 1294 2123 machinisque,
1322 2076 1405 2111 tam
1426 2072 1563 2111 valida

118 2142 213 2178 urbs
245 2141 335 2190 capi
368 2155 446 2179 non
477 2145 647 2191 poterat,
685 2141 827 2178 relicto
859 2140 910 2177 ad
943 2142 1158 2179 exercitum
1191 2142 1355 2191 collega,
1395 2141 1564 2179 Romam

119 2213 176 2246 est
208 2210 421 2259 profectus,
460 2213 503 2246 ut
535 2213 714 2247 senatum
746 2208 796 2246 ad
829 2208 1089 2247 excidendum
1122 2210 1292 2248 Antium
1324 2210 1565 2247 hortaretur.

119 2278 232 2315 Inter
257 2291 476 2316 sermonem
500 2278 584 2315 eius
603 2277 738 2326 (credo
757 2291 839 2314 rem
856 2277 1063 2315 Antiatem
1084 2278 1376 2316 diuturniorem
1404 2291 1564 2315 manere
1583 2278 1605 2313 3

120 2344 181 2382 dis
214 2345 326 2382 cordi
358 2345 496 2394 fuisse)
531 2346 653 2394 legati
685 2346 734 2383 ab
754 2346 907 2395 Nepete
937 2359 982 2383 ac
1002 2345 1137 2384 Sutrio
1155 2346 1349 2384 auxilium
1374 2345 1565 2383 adversus

121 2413 312 2451 Etruscos
354 2417 533 2463 petentes
574 2413 751 2460 veniunt,
798 2414 957 2451 brevem
1000 2414 1247 2452 occasionem
1289 2426 1372 2450 esse
1413 2412 1566 2450 ferendi

121 2481 262 2519 auxilii
292 2485 566 2520 memorantes.
612 2482 670 2519 Eo
701 2482 782 2519 vim
800 2481 959 2519 Camilli
992 2482 1041 2519 ab
1060 2481 1188 2519 Antio
1221 2482 1381 2519 fortuna
1408 2480 1566 2518 avertit.

122 2548 302 2599 Namque
335 2563 457 2600 quum
488 2564 534 2588 ea
565 2551 652 2588 loca
677 2550 862 2600 opposita
878 2550 1052 2587 Etruriae
1078 2553 1118 2587 et
1139 2549 1250 2587 velut
1274 2549 1449 2586 claustra
1472 2547 1565 2585 inde
1584 2548 1609 2585 4

125 2620 328 2667 portaeque
359 2622 502 2665 essent,
533 2623 571 2656 et
603 2618 683 2656 illis
714 2617 937 2668 occupandi
968 2631 1024 2664 ea,
1056 2630 1177 2667 quum
1209 2616 1307 2666 quid
1339 2616 1432 2654 novi
1455 2616 1566 2654 moli-
