1821 2928
618 201 708 226 Liber
726 201 762 225 x.
799 200 847 229 (A.
868 199 919 226 eh.
939 199 1012 228 295.)
1395 186 1473 223 231

104 318 288 365 vovisset,
318 316 369 355 ad
400 320 530 354 castra
561 314 800 354 Samnitium
830 315 1022 366 perrexit,
1053 327 1131 365 quo
1162 312 1376 351 multitudo
1408 311 1534 350 omnis

106 389 358 426 consternata
388 385 592 434 agebatur.
651 384 734 423 Sub
767 384 854 434 ipso
883 384 1009 431 vallo,
1047 382 1141 433 quia
1169 385 1324 420 tantam
1355 380 1533 418 multitu·
1555 378 1605 417 15

105 455 237 494 dinem
266 457 392 506 portae
422 468 502 492 non
531 467 726 504 recepere,
756 455 911 491 tentata
942 452 991 490 ab
1023 451 1194 489 exclusis
1225 451 1345 488 turba
1375 461 1536 487 suorum

105 537 240 576 pugna
263 527 338 571 est3
369 523 430 561 ibi
448 521 604 561 Gellius
621 522 827 572 Egnatius,
858 522 1075 571 imperator
1091 519 1342 566 Samnitium,
1374 517 1535 564 cecidit;
1553 516 1604 553 16

105 593 299 645 compulsi
337 591 481 647 deinde
519 592 625 630 intra
661 591 811 630 vallum
842 588 1042 628 Samnites
1079 602 1282 640 parvoque
1320 587 1537 625 certamine

105 667 222 714 capta
261 664 401 708 castra,
447 664 486 698 et
516 659 628 698 Galli
669 660 718 698 ab
758 663 871 709 tergo
911 658 1182 697 circumventi.
1253 656 1364 695 Caesa
1396 670 1440 693 eo
1472 654 1538 692 die
1556 654 1607 691 17

104 731 278 769 hostium
308 729 455 780 viginti
487 729 661 779 quinque
706 729 856 776 millia,
900 731 988 766 octo
1035 730 1169 777 capta;
1213 739 1284 764 nec
1330 726 1538 763 incruenta

103 800 274 838 victoria
302 799 399 845 fuit3
437 812 529 836 nam
561 812 607 835 ex
636 797 683 834 P.
714 797 833 835 Decii
871 796 1047 835 exercitu
1085 808 1185 833 caesa
1216 798 1366 845 septem
1396 793 1536 839 millia,
1556 790 1608 828 18

105 881 152 906 ex
182 868 302 906 Fabii
333 868 443 905 mille
475 866 729 917 septingenti.
789 865 957 913 Fabius,
996 864 1170 902 dimissis
1201 863 1252 901 ad
1283 861 1539 912 quaerendum

105 937 272 986 collegae
304 949 458 986 corpus,
489 936 618 986 spolia
646 935 823 972 hostium
854 934 1033 972 coniecta
1064 934 1108 971 in
1138 946 1323 971 acervum
1338 931 1429 969 Iovi
1446 929 1538 968 Vic-

102 1006 182 1044 tori
213 1005 416 1043 eremavit.
477 1004 661 1042 Consulis
691 1017 835 1054 corpus
866 1016 911 1040 eo
943 1002 1024 1050 die,
1057 1002 1151 1052 quia
1181 1002 1368 1039 obrutum
1399 1012 1534 1050 super·
1554 998 1604 1034 19

103 1075 242 1113 stratis
259 1073 468 1112 Gallorum
487 1073 656 1110 cumulis
680 1076 776 1119 erat,
809 1072 982 1110 inveniri
1006 1085 1087 1109 non
1110 1054 1267 1121 potuit?
1292 1072 1451 1120 postero
1477 1068 1540 1105 die

104 1144 310 1182 inventum
338 1144 588 1192 relatumque
618 1145 678 1179 est
709 1155 796 1179 cum
826 1141 962 1178 multis
984 1140 1159 1178 militum
1176 1138 1365 1176 lacrimis.
1408 1137 1537 1175 Inter·
1555 1136 1608 1172 20

106 1212 227 1250 missa
258 1212 350 1250 inde
380 1212 556 1249 omnium
578 1211 748 1249 aliarum
771 1224 905 1248 rerum
921 1223 1027 1256 cura,
1058 1208 1209 1246 Fabius
1240 1208 1404 1256 collegae
1420 1206 1538 1243 funus

61 1331 64 1334 Δ
105 1281 210 1319 omm'
239 1281 389 1319 honore
419 1281 683 1330 laudibusque
714 1279 868 1317 meritis
899 1278 1086 1317 celebrat.

218 1349 272 1387 Et
302 1349 343 1387 in
373 1349 540 1387 Etruria
560 1363 641 1399 ,per
672 1349 830 1386 eosdem
854 1348 938 1385 dies
963 1348 1012 1386 ab
1030 1347 1100 1385 Cn.
1117 1346 1263 1384 Fulvio
1286 1347 1534 1395 propraetore
1609 1337 1667 1385 30

105 1431 167 1456 res
183 1432 230 1456 ex
246 1418 445 1456 sententia
461 1421 584 1467 gesta,
601 1421 641 1454 et
656 1420 802 1467 praeter
819 1417 1019 1466 ingentem
1035 1416 1191 1453 illatam
1207 1412 1540 1465 populationibus

103 1483 290 1536 agrorum
319 1486 427 1524 hosti
457 1486 611 1524 cladem
641 1490 861 1536 pugnatum
892 1485 1010 1522 etiam
1041 1484 1199 1534 egregie
1223 1486 1293 1530 est,
1322 1482 1538 1520 Perusino·
1556 1481 1579 1517 2

104 1569 271 1606 rumque
302 1558 342 1593 et
358 1555 614 1593 Clusinorum
645 1568 745 1592 caesa
775 1554 948 1604 amplius
979 1553 1106 1591 millia
1135 1554 1214 1591 tria
1239 1556 1278 1590 et
1299 1551 1416 1601 signa
1437 1549 1540 1587 mili-

103 1624 209 1662 taria
240 1624 290 1662 ad
319 1624 467 1673 viginti
493 1627 618 1673 capta.
664 1621 904 1661 Samnitium
927 1635 1068 1672 agmen
1093 1635 1215 1672 quum
1237 1635 1309 1671 per
1325 1620 1542 1669 Pelignum
1560 1620 1584 1657 3

105 1706 245 1743 agrum
289 1694 475 1742 fugeret,
512 1692 823 1730 circumventum
864 1705 887 1729 a
926 1691 1109 1739 Pelignis
1155 1694 1231 1737 est3
1278 1703 1325 1727 ex
1364 1687 1543 1726 millibus

105 1762 282 1812 quinque
313 1762 364 1799 ad
394 1761 505 1799 mille
537 1761 638 1798 caesi.

218 1831 369 1880 Magna
400 1831 482 1868 eius
514 1830 617 1877 diei,
650 1843 728 1879 quo
760 1829 801 1866 in
832 1827 1033 1866 Sentinati
1065 1840 1162 1877 agro
1193 1826 1406 1874 bellatum,
1436 1825 1584 1864 fama4

106 1902 176 1945 est,
207 1899 327 1936 etiam
357 1912 452 1936 vero
483 1899 623 1945 stanti,
655 1897 725 1935 sed
747 1897 998 1947 superiecere
1022 1896 1186 1946 quidam
1210 1894 1394 1944 augendo
1411 1894 1541 1942 fidem,
1559 1892 1582 1930 5

107 1967 176 2017 qui
194 1967 235 2004 in
251 1966 426 2004 hostium
445 1967 622 2004 exercitu
637 1967 820 2017 peditum
831 1969 1012 2002 trecenta
1024 1964 1192 2013 triginta
1204 1964 1346 2010 millia,
1365 1964 1543 2014 equitum

105 2049 175 2073 sex
206 2038 245 2073 et
276 2034 548 2085 quadraginta
578 2035 718 2081 millia,
748 2034 861 2071 mille
887 2037 1168 2083 carpentorum
1191 2032 1386 2083 scripsere
1410 2032 1543 2080 fuisse,

105 2104 262 2142 scilicet
277 2117 365 2141 cum
383 2103 550 2141 Umbris
568 2103 799 2153 Tuscisque,
831 2116 929 2152 quos
954 2106 992 2140 et
1008 2103 1116 2152 ipsos
1133 2114 1278 2152 pugnae
1295 2100 1470 2148 affuisse3
1502 2105 1541 2138 et
1559 2100 1582 2137 6

105 2177 150 2210 ut
180 2172 452 2210 Romanorum
485 2186 642 2222 quoque
675 2176 866 2220 augerent
898 2171 1054 2221 copias,
1099 2170 1144 2208 L.
1177 2170 1439 2208 Volumnium
1470 2183 1542 2219 pro

107 2241 268 2279 consule
285 2240 423 2278 ducem
441 2241 670 2279 consulibus
688 2240 984 2290 exercitumque
1001 2240 1084 2277 eius
1097 2239 1325 2288 legionibus
1337 2238 1544 2276 consulum

107 2309 317 2347 adiiciunt.
362 2309 412 2346 In
435 2309 618 2358 pluribus
642 2308 855 2346 annalibus
880 2309 1048 2346 duorum
1072 2321 1118 2346 ea
1141 2308 1351 2345 consulum
1375 2307 1542 2357 propria
1562 2305 1583 2341 7

106 2378 279 2416 victoria
309 2381 380 2424 est,
413 2376 657 2414 Volumnius
675 2377 715 2414 in
733 2375 894 2415 Samnio
912 2377 1070 2415 interim
1086 2389 1149 2414 res
1166 2376 1271 2425 gerit
1287 2374 1541 2413 Samnitium-

108 2460 184 2496 que
216 2446 431 2483 exercitum
462 2446 503 2482 in
534 2445 742 2482 Tifernum
773 2450 944 2484 montem
977 2445 1236 2496 compulsum,
1268 2457 1347 2481 non
1377 2442 1542 2481 deterri-

105 2519 169 2552 tus
203 2514 420 2564 iniquitate
451 2513 539 2560 loci,
569 2513 703 2550 fundit
733 2513 937 2563 fugatque.

222 2582 268 2630 Q.
296 2583 467 2629 Fabius,
495 2582 676 2620 Deciano
703 2582 880 2620 exercitu
906 2582 1047 2620 relicto
1075 2583 1115 2620 in
1141 2581 1316 2620 Etruriae
1342 2577 1587 2630 praesidio,8

107 2651 189 2689 sm’s
206 2652 433 2701 legionibus
450 2650 633 2689 deductis
651 2650 701 2687 ad
716 2651 866 2696 urbem,
884 2651 931 2689 de
949 2650 1080 2689 Gallis
1096 2649 1356 2699 Etruscisque
1373 2661 1417 2686 ac
1431 2646 1540 2685 Sam-
