1821 2928
588 239 678 265 Liber
696 240 734 265 x.
771 240 818 269 (A.
839 240 890 266 cn.
909 241 981 271 sos.)
1373 232 1450 268 241

72 354 294 393 adimendae
324 354 507 392 Etruscis
539 353 686 404 Capuae
717 354 1011 393 clandestinum
1050 355 1249 405 cepissent
1285 356 1511 395 consilium.

73 422 283 462 Sacrificio
314 423 501 473 perfecto,
533 435 604 472 per
634 423 831 461 viatorem
863 423 1082 474 imperator
1114 424 1237 461 acciri
1261 424 1427 462 iubebat
1441 438 1510 462 no·
1531 427 1554 462 7

72 491 316 530 bilissimum
347 504 543 541 quemque
567 504 712 539 genere
729 491 941 542 factisque;
973 492 1121 541 singuli
1138 492 1513 531 introducebantur.

72 561 174 599 Erat
204 572 323 610 quum
364 559 467 597 alius
508 562 725 609 apparatus
765 560 880 607 sacri,
926 560 995 610 qui
1035 560 1278 610 perfundere
1314 561 1553 610 religione8

72 629 249 667 animum
280 631 425 679 posset,
455 631 539 664 tum
573 628 613 664 in
645 627 731 665 loco
750 627 857 665 circa
875 628 982 666 omni
1010 632 1190 666 contecto
1217 642 1296 666 arae
1315 629 1356 666 in
1380 630 1511 668 medio

70 697 323 747 victimaeque
356 696 462 733 circa
500 708 610 733 caesae
656 700 695 733 et
735 696 1038 734 circumstantes
1077 697 1330 735 centuriones
1361 698 1512 736 strictis

71 765 231 816 gladiis.
290 763 596 803 Admovebatur
626 764 824 803 altaribus
864 765 992 814 magis
1031 768 1076 802 ut
1112 765 1278 803 victima
1318 779 1436 816 quam
1467 768 1554 805 ut9

72 834 176 872 sacri
208 833 422 884 particeps,
454 833 773 882 adigebaturque
806 833 893 871 iure
925 833 1107 881 iurando,
1153 847 1241 883 quae
1271 834 1359 872 visa
1397 834 1510 872 audi-

69 906 192 952 taque
238 902 281 939 in
327 915 372 939 eo
414 901 501 939 loco
547 905 688 947 essent,
732 915 811 939 non
850 902 1161 939 enuntiaturum.
1220 902 1331 940 Dein
1376 903 1511 941 iurare
1531 905 1583 941 10

72 971 269 1020 cogebant
315 970 404 1008 diro
452 969 626 1019 quodam
673 970 869 1017 carmine,
922 970 964 1007 in
1011 970 1322 1008 exsecrationem
1367 972 1513 1022 capitis

70 1039 317 1089 familiaeque
349 1042 388 1076 et
419 1038 557 1088 stirpis
589 1038 821 1088 composito,
868 1039 947 1076 nisi
979 1039 1076 1076 isset
1107 1039 1148 1076 in
1179 1039 1388 1089 proelium,
1434 1054 1512 1090 quo

73 1108 333 1158 imperatores
365 1107 585 1153 duxissent,
617 1110 656 1144 et
687 1108 720 1145 si
752 1111 821 1145 aut
851 1108 938 1157 ipse
970 1121 1017 1144 ex
1051 1107 1136 1145 acie
1168 1107 1337 1156 fugisset
1367 1111 1447 1155 aut,
1478 1108 1512 1146 si

71 1189 189 1226 quem
219 1176 441 1225 fugientem
470 1175 651 1223 vidisset,
682 1189 761 1213 non
794 1176 992 1224 extemplo
1023 1175 1248 1213 occidisset.
1309 1176 1358 1213 Id
1382 1176 1511 1226 primo
1532 1177 1579 1213 11

71 1244 236 1294 quidam
267 1243 486 1281 abnuentes
517 1243 720 1281 iuraturos
751 1258 802 1291 se,
834 1244 1064 1281 obtruncati
1097 1244 1202 1281 circa
1229 1245 1376 1282 altaria
1402 1249 1511 1293 sunt;

72 1313 247 1350 iacentes
279 1312 426 1350 deinde
466 1312 569 1350 inter
608 1316 781 1362 stragem
812 1313 1067 1350 victimarum
1100 1312 1337 1350 documento
1369 1314 1511 1352 ceteris

69 1381 191 1428 fuere,
222 1395 271 1418 ne
303 1381 535 1418 abnuerent.
596 1381 852 1419 Primoribus
885 1380 1127 1419 Samnitium
1168 1395 1211 1418 ea
1244 1381 1510 1420 detestatione
1529 1382 1579 1419 12

71 1450 288 1496 obstrictis,
320 1450 454 1487 decem
487 1450 683 1487 nominati
714 1449 764 1487 ab
798 1450 1060 1499 imperatore3
1092 1449 1149 1486 eis
1181 1449 1342 1497 dictum,
1373 1454 1418 1488 ut
1447 1451 1511 1488 vir

68 1517 199 1555 virum
230 1518 422 1566 legerent,
455 1517 579 1555 donec
610 1518 782 1555 sedecim
811 1518 985 1555 millium
1011 1531 1218 1554 numerum
1236 1518 1510 1557 confecissent.

70 1585 131 1624 Ea
146 1586 254 1635 legio
280 1586 447 1623 linteata
473 1585 524 1623 ab
553 1586 826 1635 integumento
853 1585 1056 1635 consaepti,
1083 1584 1128 1624 in
1158 1599 1235 1635 quo
1262 1591 1419 1625 sacrata
1443 1602 1512 1626 no-

69 1654 211 1692 bilitas
243 1658 339 1701 erat,
371 1655 574 1704 appellata
605 1658 682 1699 est;
712 1654 775 1692 his
807 1667 916 1691 arma
949 1653 1123 1702 insignia
1156 1653 1250 1691 data
1282 1658 1320 1692 et
1338 1655 1511 1694 cristat.m

69 1723 206 1772 galeae,
235 1726 280 1759 ut
310 1723 416 1760 inter
447 1727 599 1760 ceteros
631 1723 861 1760 eminerent.
907 1721 1036 1759 Paulo
1062 1722 1152 1772 plus
1169 1722 1318 1770 viginti
1336 1724 1511 1761 millium
1530 1725 1581 1761 13

69 1791 174 1828 alius
205 1791 402 1828 exercitus
432 1791 521 1838 fuit,
552 1805 623 1829 nec
656 1804 866 1841 corporum
897 1790 1028 1840 specie
1060 1804 1131 1827 nec
1165 1791 1294 1839 gloria
1324 1791 1422 1829 belli
1439 1806 1512 1830 nec

69 1863 264 1908 apparatu
310 1858 488 1896 linteatae
520 1860 670 1909 legioni
710 1859 861 1909 dispar.
934 1858 1015 1895 Hic
1060 1858 1263 1895 hominum
1311 1873 1509 1906 numerus,

69 1925 177 1975 quod
208 1926 366 1962 roboris
397 1930 494 1971 erat,
526 1927 575 1963 ad
607 1927 874 1976 Aquiloniam
907 1926 1099 1963 consedit.

185 1992 377 2031 Consules
393 1994 564 2044 profecti
590 1995 639 2031 ab
657 1994 768 2036 urbe,
800 1994 910 2043 prior
935 1993 1002 2043 Sp.
1022 1994 1234 2040 Carvilius,
1267 1995 1329 2033 cui
1353 2000 1507 2034 veteres
1586 1992 1644 2040 39

69 2061 259 2111 legiones,
291 2075 389 2111 quas
405 2062 460 2099 M.
475 2062 643 2108 Atilius,
676 2062 895 2112 superioris
913 2062 1008 2099 anni
1027 2063 1176 2108 consul,
1205 2063 1246 2100 in
1264 2077 1361 2113 agro
1379 2064 1508 2102 Inter-

69 2130 218 2167 amnati
249 2130 479 2180 reliquerat,
512 2130 681 2167 decretae
714 2134 837 2167 erant.
899 2128 998 2166 Cum
1030 2131 1087 2168 eis
1119 2131 1161 2168 in
1193 2130 1401 2170 Samnium
1418 2133 1548 2183 pro-2

66 2198 205 2244 fectus,
251 2197 345 2235 dum
390 2199 524 2236 hostes
563 2199 717 2248 operati
759 2198 1113 2247 superstitionibus
1152 2200 1325 2238 coucilia
1357 2205 1510 2239 secreta

68 2270 203 2315 agunt,
234 2267 489 2304 Amiternum
530 2267 723 2316 oppidum
765 2266 812 2303 de
845 2266 1094 2304 Samnitibus
1124 2268 1164 2305 vi
1206 2269 1320 2318 cepit.
1395 2269 1548 2308 Caesa3

68 2333 124 2370 ibi
157 2334 286 2371 millia
315 2335 521 2372 hominum
547 2335 625 2372 duo
643 2336 764 2372 ferme
782 2338 901 2384 atque
919 2336 1153 2385 octingenti,
1185 2343 1300 2387 capta
1317 2343 1508 2388 quattuor

66 2401 196 2439 millia
228 2401 388 2440 ducenti
420 2404 687 2453 septuaginta.
748 2403 949 2452 Papirius.
982 2417 1084 2442 novo
1108 2406 1288 2443 exercitu
1307 2406 1379 2454 (ita
1399 2407 1503 2445 enim
1522 2407 1547 2443 4

68 2468 270 2506 decretum
302 2473 402 2520 erat)
435 2472 598 2521 scripto,
631 2472 859 2510 Duroniam
892 2470 1031 2509 urbem
1065 2474 1328 2523 expugnavit,
1375 2476 1506 2513 minus

66 2551 184 2587 quam
217 2539 372 2587 collega
404 2540 513 2589 cepit
543 2541 758 2585 hominum,
790 2540 880 2589 plus
912 2539 1122 2589 aliquanto
1154 2542 1321 2589 occidit;
1367 2544 1505 2593 praeda

64 2606 253 2655 opulenta
284 2608 501 2657 utrobique
535 2612 593 2644 est
626 2612 751 2656 parta.
816 2607 913 2644 [nde
945 2611 1154 2657 pervagati
1178 2609 1383 2648 Samnium
1412 2626 1501 2649 con·
1521 2610 1545 2648 5

64 2673 185 2719 sules,
216 2675 389 2713 maxime
422 2676 668 2726 depopulato
700 2676 870 2713 Atinate
902 2690 1022 2725 agro.
1064 2679 1276 2717 ‘'arvilius
1308 2680 1358 2717 ad
1392 2681 1523 2717 Comi-

134 2751 201 2777 Livi
217 2759 251 2778 us
280 2760 316 2778 ex
337 2761 394 2778 rec.
414 2754 568 2783 Madvigii.
595 2755 625 2779 11
1246 2757 1285 2789 16
