1821 2928
958 147 995 182 X

263 266 403 302 salibus
427 267 544 300 sctum
559 266 717 309 poterat,
741 262 781 298 id
805 264 866 306 est,
889 264 934 297 ut
955 273 1002 297 sc.
1026 261 1213 307 facerent,
1241 262 1291 305 et,
1319 262 1478 306 proetore
1501 259 1695 305 referente,

263 326 337 359 scto
363 321 531 367 exprimi,
555 323 599 356 ut
621 321 836 356 dictatorem
860 319 1049 363 dicerent.)
1081 317 1194 362 VIH,
1228 321 1249 354 ’7
1284 319 1325 353 in
1362 317 1598 352 deditionem
1629 328 1696 352 no·

265 385 382 416 stram
415 379 476 423 (L,
499 390 589 414 recc.
615 377 725 423 quid„
757 377 838 412 Em.
864 377 902 421 9)
928 375 997 420 IX,
1035 379 1052 410 1
1086 376 1215 411 dedite
1244 376 1402 419 interea,
1438 373 1598 420 [dedite]
1636 374 1699 418 (M

263 439 440 483 ceterique
462 438 594 482 prceter
625 435 665 479 P,
702 434 845 477 Klock„
877 432 1049 468 Rottend.
1083 431 1277 477 Gronovii)
1313 434 1334 466 7
1357 432 1399 466 in
1424 443 1498 476 quo
1537 432 1698 477 obligari

265 496 316 541 (L
341 495 429 530 Lov.
454 496 487 538 4,
517 493 588 529 duo
614 493 683 528 alii
705 493 811 535 rece.)
837 494 857 526 9
883 502 955 526 nec
978 490 1058 525 sine
1081 490 1187 525 uncis
1214 489 1306 534 (Mg.
1320 489 1403 524 Em.
1417 489 1502 533 175)
1528 490 1571 524 19
1586 500 1697 534 spon-

264 553 383 588 sionis
429 551 499 597 (ed.
533 552 679 586 Ascens.
711 550 818 592 1513,
855 547 936 583 Em.
962 547 1047 591 175)
1092 546 1146 591 X,
1186 549 1227 581 10
1263 547 1426 581 maxime
1470 545 1587 590 (codd.
1631 546 1698 582 ali-

265 613 354 656 quot
375 620 480 653 rece,
508 608 653 652 Zumpt.
685 606 732 641 ad
759 606 859 641 Curt.
887 604 953 647 IV,
978 605 1044 648 34,
1069 604 1131 648 10)
1157 603 1248 648 XII,
1270 607 1287 638 1
1311 604 1535 647 (evenerunt
1559 603 1699 648 Klock„

265 668 408 713 aliquot
435 677 522 702 recc.
558 665 670 708 Melz„
703 663 822 699 Drak.
853 662 1056 705 venerunt)
1087 663 1109 696 2
1141 672 1208 696 om.
1238 661 1300 695 via
1325 659 1417 705 (Mg.
1449 660 1530 695 Em.
1561 662 1646 705 176)
1678 663 1700 696 6

265 730 395 760 tamen
419 723 499 759 sine
523 725 612 757 nota
635 721 758 756 mendi
785 719 883 764 (Em.
910 720 978 753 176
1004 720 1095 763 not.)
1121 718 1228 762 XIII,
1253 721 1275 753 4
1296 717 1417 762 (Fort.
1442 718 1547 753 scrib.
1573 718 1701 764 fugam

263 782 456 825 inhibere,
482 780 563 815 Em.
589 780 675 822 176)
703 782 743 813 11
770 789 909 812 vacuus
937 776 1101 819 (Dukcr;
1126 787 1265 810 vacuus
1290 787 1358 819 per
1383 787 1494 820 agros
1507 775 1605 810 nihil
1617 776 1697 818 est.)

266 838 370 883 XVI,
395 841 418 874 8
445 839 542 873 clam
569 835 714 882 [nocte]
744 834 888 879 (Weiss.
914 833 1104 868 Edebatur
1128 844 1172 867 ex
1195 832 1480 877 interpolatione
1513 833 1609 867 elam
1632 833 1700 868 ho-

271 897 365 939 stes)
394 898 435 930 13
461 895 598 937 ferunt,
625 898 663 928 et
688 904 752 927 seu
777 892 913 926 virium
938 891 974 924 vi
999 902 1063 924 seu
1088 902 1143 924 ex.
1164 890 1283 923 multa
1309 888 1383 923 cibi
1405 889 1498 934 (Mg.
1520 889 1700 934 Em.176)

265 952 390 996 XVII,
416 955 437 987 2
462 951 649 986 volutavit
675 949 766 993 (cod.
780 960 848 983 rec.
862 959 970 990 unus,
996 946 1150 982 Bakius.
1201 946 1324 991 Neque
1342 946 1487 989 mentio,
1514 957 1592 991 quae
1605 957 1703 982 nunc

261 1012 319 1057 fit,
345 1022 438 1055 soepe
465 1011 575 1043 antea
599 1019 711 1051 neque
737 1005 949 1041 Alexander
975 1005 1141 1039 animum
1166 1003 1270 1038 Livii
1300 1003 1582 1048 cogitationibus
1605 1004 1704 1039 volu-

267 1068 385 1111 tavit.)
412 1069 433 1101 8
460 1066 557 1110 (Em.
584 1065 653 1098 178
678 1075 712 1097 n.
739 1062 781 1097 de
805 1062 1119 1107 interpunctione)
1147 1059 1292 1105 XVIII,
1316 1063 1336 1094 7
1363 1059 1479 1104 (codd.
1510 1071 1598 1095 rece.
1625 1073 1703 1096 cer-

266 1130 415 1166 nentes,
432 1124 599 1168 fortasse
623 1123 736 1165 recte,·
765 1120 847 1155 Em.
873 1121 960 1163 178)
995 1122 1034 1153 11
1070 1130 1155 1153 cum
1186 1118 1340 1152 fortuna
1371 1117 1451 1152 sine
1475 1118 1581 1152 uncis
1608 1117 1702 1163 (Mg.

268 1181 350 1216 Em.
377 1180 462 1223 177)
491 1181 533 1214 12
559 1179 756 1213 annalibus
781 1177 963 1221 fastisque
989 1177 1282 1221 magistratuum
1307 1186 1323 1209 e
1349 1174 1442 1209 coni.
1470 1174 1707 1210 Mommsenii

268 1241 309 1273 17
335 1239 496 1283 pignera
522 1235 599 1280 (M)
625 1234 734 1277 XIX,
760 1235 781 1267 4
806 1238 916 1268 tenus
944 1232 1161 1278 [Samnites]
1198 1236 1261 1267 aut
1287 1232 1436 1276 (Dobr.,
1469 1231 1603 1276 Weiss„
1629 1231 1704 1277 Mg.

270 1296 351 1331 Em.
380 1295 461 1338 179)
500 1296 521 1327 7
549 1294 704 1337 clupeus
732 1292 935 1335 sarisaeque
962 1290 1053 1335 (My.
1080 1301 1097 1324 e
1122 1289 1179 1324 M:
1213 1290 1368 1324 cluisset
1399 1289 1609 1333 sariseque3
1645 1289 1706 1324 sed

268 1352 450 1396 scriptum
476 1349 641 1395 oportuit
665 1350 778 1393 clipei
805 1352 933 1382 essent
959 1348 1174 1391 sarisaeque,
1189 1346 1269 1381 Em.
1284 1346 1369 1390 180)
1385 1346 1427 1380 15
1453 1358 1646 1390 nunquam
1661 1347 1706 1382 ab

271 1410 400 1453 equite
426 1409 539 1442 hoste
570 1407 649 1442 sine
686 1405 793 1440 uncis
832 1404 1026 1449 (Dobrcus,
1053 1403 1129 1447 Mg.
1155 1404 1237 1438 Em.
1274 1403 1359 1447 179)
1381 1403 1387 1447 Ι
1408 1403 1667 1438 laborabimus
1693 1415 1709 1438 e

269 1466 361 1501 coni.
390 1463 651 1508 Heerwagenii
676 1461 784 1505 XXI,
811 1465 831 1497 6
857 1463 1066 1506 (Plisticam
1091 1461 1150 1495 hic
1176 1463 1211 1495 ct
1232 1459 1362 1504 XXII,
1386 1462 1407 1494 2
1432 1459 1643 1504 eDiodoro,
1667 1461 1711 1494 ut

270 1521 403 1564 XXII,
430 1523 471 1555 11
499 1520 598 1555 codd.
626 1519 764 1564 optimi.
790 1519 909 1554 Drak.
926 1519 1126 1561 Plistiam.)
1154 1517 1284 1561 XXII,
1308 1520 1329 1552 2
1356 1517 1448 1561 (Ser.
1474 1517 1706 1561 posuerant?

274 1580 370 1622 Uss.)
397 1582 416 1613 3
444 1578 547 1622 quod
572 1578 705 1611 urbem
719 1577 778 1619 (A.
800 1576 933 1620 Periz.)
960 1578 980 1610 9
1007 1576 1063 1619 (di
1089 1574 1171 1609 add.
1202 1574 1353 1618 Walch.)
1378 1572 1529 1617 XXIII,
1556 1576 1572 1608 1
1606 1573 1705 1608 sedis

270 1639 291 1672 2
326 1636 574 1680 praevenisset
609 1633 725 1677 (codd.
763 1633 862 1677 quid.
894 1634 997 1676 rece.)
1036 1635 1078 1667 13
1112 1632 1334 1675 (incendent
1372 1630 1539 1665 Bekker?
1588 1629 1706 1672 Codd„

271 1692 390 1728 Drak.
427 1692 651 1734 incendant)
690 1689 833 1733 XXIV,
870 1692 890 1723 9
927 1690 1091 1724 maxime
1135 1688 1250 1732 (codd.
1282 1687 1399 1732 pauci
1432 1698 1536 1729 rccc.,
1575 1685 1709 1730 Gron.,·

272 1750 340 1795 cfr.
378 1760 496 1793 supra
532 1748 580 1782 ad
617 1760 643 1782 c.
682 1748 834 1791 10,10.)
870 1747 874 1791 Ι
906 1747 957 1780 ite
994 1746 1074 1780 sine
1110 1746 1215 1780 uncis
1254 1744 1369 1789 (codd.
1408 1743 1479 1778 duo
1515 1755 1602 1778 recc.
1640 1742 1706 1778 Or-

274 1809 351 1841 tum
386 1807 440 1840 est
475 1816 519 1839 esc
551 1805 721 1839 extremis
751 1804 885 1838 litteris
915 1803 1013 1838 verbi
1047 1802 1252 1837 defendite.
1315 1802 1465 1836 Ferrem
1499 1800 1706 1843 defendite,

270 1868 476 1906 maturate,
503 1862 676 1904 defende,
702 1862 713 1895 i
739 1872 813 1895 non
830 1859 1059 1905 ferendum.)
1086 1859 1212 1903 XXV,
1244 1860 1264 1893 5
1291 1858 1494 1893 audierunt
1520 1857 1708 1902 (Ruperti,

272 1920 345 1965 Ma.
372 1919 452 1954 Em.
480 1919 546 1952 181
572 1920 625 1961 n.)
660 1917 810 1961 XXVI,
841 1920 862 1952 7
894 1918 972 1952 sive
997 1918 1134 1951 timore
1168 1928 1232 1951 seu
1267 1915 1509 1950 conscientiae
1540 1915 1576 1949 vi
1604 1914 1707 1949 Cala-

272 1977 352 2011 vios
380 1988 395 2010 c
422 1975 514 2009 coni.
542 1975 634 2020 (ing.
660 1975 741 2010 Em.
768 1974 851 2017 180)
878 1976 919 2008 21
948 1973 1064 2017 (codd.
1092 1975 1164 2008 tres
1187 1984 1277 2007 recc.
1302 1972 1485 2016 bellique,
1511 1970 1607 2015 quod
1623 1970 1707 2016 for-

274 2035 368 2068 tasse
393 2031 645 2075 recipiendum
669 2034 776 2075 erat.)
802 2030 966 2074 XXVII,
991 2033 1011 2064 7
1028 2031 1175 2075 (pedite
1190 2029 1315 2073 Gron„
1339 2028 1415 2063 cod.
1440 2039 1538 2063 unus
1564 2030 1599 2063 et
1615 2027 1709 2062 alter

271 2102 340 2125 rec.
386 2089 496 2132 Men„
534 2089 652 2123 Drak.
678 2089 817 2133 pediti)
854 2091 875 2123 8
901 2089 1099 2123 consulum
1124 2087 1312 2132 Sulpicius
1352 2085 1497 2130 (Aldus,
1533 2085 1615 2120 Em.
1640 2085 1707 2119 181

272 2148 361 2191 not.)
412 2146 605 2190 XXVIII,
653 2148 673 2179 7
718 2146 854 2180 Pontia
890 2147 911 2179 8
949 2144 1225 2188 (Interamnam
1273 2143 1413 2188 Sigon,
1464 2142 1707 2177 Succasinam

274 2205 477 2240 Mommsen
503 2215 519 2237 e
545 2204 628 2237 vest.
651 2202 750 2237 codd.
773 2201 977 2236 Edebatur:
1011 2205 1048 2236 et
1072 2200 1292 2235 Interamna
1319 2204 1356 2234 et
1376 2198 1553 2235 Casinum
1578 2203 1620 2233 ut
1645 2199 1707 2233 de—

276 2263 507 2296 ducerentur
534 2260 705 2303 coloniae)
733 2258 879 2292 XXIX.
906 2258 1186 2304 3persequenti
1209 2259 1213 2301 Ι
1237 2256 1444 2300 (Incertum
1456 2258 1516 2300 est,
1531 2256 1709 2290 Liviusne
1728 2262 1737 2268 ’

274 2319 352 2363 ipse
375 2317 546 2362 magistri
570 2316 733 2360 equitum
757 2327 887 2350 nomen
906 2327 977 2359 pro
1003 2315 1196 2349 dictatoris
1215 2314 1393 2359 posuerit,
1421 2325 1471 2347 an
1489 2312 1638 2348 librarii
1653 2323 1707 2347 er—

272 2387 357 2411 rore
383 2375 556 2410 omissum
580 2374 644 2408 hoc
668 2373 727 2415 sit,
752 2372 1054 2416 quzcmscriptum
1074 2374 1179 2407 esset:
1206 2373 1433 2406 dictatorem
1448 2370 1485 2405 C.
1500 2369 1709 2414 Sulpicium

275 2433 463 2477 Longum,
486 2432 518 2465 is
544 2431 766 2475 magistrum
792 2441 876 2473 eqU.
903 2429 941 2463 C.
966 2429 1115 2463 Iunium
1140 2429 1182 2463 B.
1217 2428 1323 2462 dixit.
1372 2426 1424 2461 Et
1447 2428 1582 2470 tamen,
1613 2424 1708 2470 quod

274 2489 451 2534 sequitur,
476 2489 508 2522 is
533 2487 638 2521 Livii
661 2486 778 2532 ipsius
802 2497 962 2520 errorem
999 2497 1151 2531 arguere
1187 2484 1360 2529 videtur.)
1400 2485 1442 2518 10
1475 2483 1566 2517 inde
1603 2483 1708 2517 dictu

275 2547 440 2590 (interp.)
465 2547 468 2590 Ι
491 2543 834 2588 (demovendispro
851 2543 1088 2577 dimovendis
1113 2542 1188 2577 cod.
1215 2552 1312 2576 unus
1336 2540 1476 2576 etalter
1486 2539 1572 2583 rec.)
1596 2539 1601 2583 Ι
1621 2550 1708 2584 pos-

275 2608 333 2637 set
359 2602 452 2647 (Mg.
479 2601 559 2637 Em.
586 2601 651 2635 181
677 2601 730 2644 n.)
767 2598 901 2642 XXX,
935 2601 954 2633 3
982 2600 1055 2634 duo
1081 2599 1242 2644 imperia
1274 2597 1365 2642 (Mg.
1397 2608 1414 2631 e
1439 2598 1523 2631 vest.
1549 2595 1596 2630 M
1614 2606 1660 2630 m.
1686 2596 1705 2629 1
