1821 2928
318 145 394 182 142
688 182 690 184 ,
769 140 883 176 Liber
907 140 980 176 ΠΙ.
1029 142 1091 185 (A.
1116 153 1153 176 u.
1179 153 1209 177 c.
1235 143 1327 184 294.)

275 269 298 306 3
317 274 435 320 atque
453 269 691 307 introductis
708 270 872 319 nuntiis,
891 283 1032 319 magno
1043 283 1160 320 opere
1173 273 1318 317 censet,
1335 283 1383 308 ne
1396 274 1638 321 exspectent,
1656 271 1747 310 dum

315 343 363 379 ab
396 342 525 379 Roma
554 342 677 390 legati
708 342 901 379 auxilium
934 346 1114 392 petentes
1145 342 1323 388 veniant;
1363 343 1587 392 periculum
1618 343 1746 394 ipsum

315 414 609 463 discrimenque
642 427 687 451 ac
719 414 884 451 sociales
917 414 1011 451 deos
1042 413 1242 463 fidemque
1272 413 1465 452 foederum
1497 415 1539 452 id
1564 428 1748 466 poscere3

313 485 544 523 demerendi
575 485 767 523 beneficio
798 491 879 523 tam
911 489 1126 536 potentem,
1158 488 1239 524 tam
1263 487 1530 538 propinquam
1548 488 1747 527 civitatem

273 558 296 594 4
317 571 519 607 nunquam
552 572 687 608 parem
718 558 966 596 occasionem
1001 559 1163 595 daturos
1195 558 1299 596 deos.
1360 559 1500 597 Placet
1523 559 1620 598 ferri
1636 561 1748 598 auxi—

315 630 428 676 lium3
463 631 647 668 iuventus
678 630 952 677 conscribitur,
987 644 1096 668 arma
1128 630 1284 668 dantur.
1328 631 1497 669 Romam
1513 632 1641 682 prima
1659 633 1746 671 luce

312 703 517 739 venientes
547 703 688 752 procul
719 703 888 752 speciem
922 702 1094 739 hostium
1124 702 1349 752 praebuere3
1381 703 1505 753 AEqui
1522 707 1590 741 aut
1606 703 1748 742 Volsci

313 775 448 812 venire
466 775 544 812 visi
561 779 671 821 sunt3
699 774 856 823 deinde,
874 774 944 811 ubi
962 787 1087 811 vanus
1104 777 1234 812 terror
1251 775 1363 822 abiit,
1380 775 1536 825 accepti
1552 775 1592 813 in
1610 777 1747 814 urbem

274 845 297 883 5
317 846 475 895 agmine
506 847 546 883 in
577 847 706 883 forum
739 846 994 884 descendunt.
1040 846 1108 883 Ibi
1139 847 1217 884 iam
1234 846 1282 886 P.
1302 846 1499 894 Valerius,
1528 847 1670 885 relicto
1698 848 1748 886 ad

275 919 521 967 ssportarum
553 918 739 967 praesidia
772 919 938 968 collega,
972 919 1195 956 instruebat
1224 919 1361 959 aciem.
1407 919 1644 958 Auctoritas
1674 921 1749 958 viri

312 993 501 1036 moverat,
542 990 790 1036 affirmantis⁷
832 990 1034 1040 Capitolio
1065 995 1298 1041 recuperato
1331 995 1370 1029 et
1398 991 1497 1029 urbe
1528 995 1684 1042 pacata,
1716 992 1750 1030 si

313 1061 470 1100 edoceri
495 1076 534 1100 se
561 1064 719 1111 sissent,
745 1076 833 1112 quae
850 1063 958 1100 fraus
978 1063 1027 1100 ab
1044 1064 1217 1102 tribunis
1235 1063 1389 1101 occulta
1406 1063 1446 1101 in
1463 1063 1550 1113 lege
1565 1064 1747 1110 ferretur,

312 1147 525 1171 memorem
572 1148 612 1172 se
658 1136 853 1173 maiorum
896 1149 1067 1181 suorum,
1111 1149 1325 1173 memorem
1366 1135 1622 1185 cognominis,
1668 1149 1748 1186 quo

311 1207 452 1256 populi
484 1207 646 1244 colendi
679 1207 785 1244 velut
818 1207 1065 1245 hereditaria
1097 1221 1191 1245 cura
1222 1207 1299 1244 sibi
1327 1207 1582 1245 amaioribus
1597 1208 1749 1246 tradita

275 1279 295 1313 Τ
317 1283 430 1324 esset,
464 1279 678 1316 concilium
710 1279 839 1328 plebis
865 1293 942 1316 non
971 1279 1271 1329 impediturum.
1318 1279 1438 1317 Hunc
1456 1279 1595 1318 ducem
1612 1281 1750 1328 secuti,

312 1351 578 1400 nequicquam
624 1351 936 1388 reclamantibus
980 1351 1168 1398 tribunis,
1214 1352 1255 1389 in
1299 1352 1442 1390 clivum
1476 1351 1746 1401 Capitolinum

312 1422 474 1471 erigunt
505 1423 644 1462 aciem.
692 1423 943 1471 Adiungitur
974 1428 1013 1461 et
1032 1423 1259 1461 Tusculana
1289 1423 1408 1473 legio.
1456 1423 1619 1461 Certare
1650 1423 1747 1460 socii

312 1495 509 1544 civesque,
541 1496 622 1533 utri
652 1499 898 1545 recuperatae
930 1496 1031 1532 arcis
1057 1509 1167 1532 suum
1187 1497 1306 1533 decus
1321 1496 1515 1542 facerent;
1547 1494 1628 1533 dux
1643 1498 1748 1532 uter·

272 1565 296 1602 8
315 1580 390 1615 que
423 1579 514 1603 suos
546 1566 794 1605 adhortatur.
842 1567 1061 1617 Trepidare
1091 1571 1175 1605 tum
1206 1568 1339 1606 hostes
1369 1581 1440 1605 nec
1470 1567 1547 1605 ulli
1577 1567 1672 1605 satis
1691 1567 1749 1605 rei

312 1641 579 1688 praeterquam
612 1639 699 1675 loco
731 1638 872 1684 fidere;
903 1639 1200 1688 trepidantibus
1230 1640 1409 1677 inferunt
1439 1640 1552 1689 signa
1576 1639 1748 1678 Romani

312 1710 500 1759 sociique.
559 1710 646 1747 Iam
686 1711 726 1747 in
765 1711 1007 1748 vestibulum
1048 1715 1313 1760 perruperant
1349 1712 1501 1762 templi,
1549 1725 1670 1762 quum
1701 1711 1747 1749 P.

273 1784 295 1819 9
315 1781 505 1819 Valerius
538 1783 642 1820 inter
673 1783 869 1833 primores
899 1795 1072 1832 pugnam
1097 1784 1203 1820 ciens
1219 1782 1469 1821 interficitur.
1514 1783 1562 1823 P.
1581 1783 1748 1822 Volum-

311 1854 400 1890 nius
429 1854 650 1892 consularis
668 1854 772 1893 vidit
790 1855 1007 1892 cadentem.
1053 1855 1106 1901 Is,
1133 1855 1226 1893 dato
1244 1856 1406 1904 negotio
1423 1856 1518 1905 suis,
1544 1858 1591 1893 ut
1605 1868 1748 1905 corpus

313 1926 560 1975 obtegerent,
603 1927 688 1976 ipse
729 1927 771 1964 in
802 1927 932 1965 locum
963 1928 1169 1977 vicemque
1201 1928 1375 1966 consulis
1404 1927 1599 1978 provolat.
1658 1926 1749 1964 Prae

313 1998 454 2036 ardore
486 1999 717 2049 impetuque
748 2003 869 2036 tantae
900 1999 959 2036 rei
989 2013 1127 2036 sensus
1158 2013 1237 2037 non
1267 2000 1451 2050 pervenit
1481 1998 1531 2036 ad
1561 1998 1748 2045 militem3

247 2071 297 2108 10
314 2071 428 2120 prius
458 2072 568 2118 vicit,
612 2085 730 2122 quam
762 2085 802 2108 se
834 2084 1012 2121 pugnare
1043 2072 1128 2108 sine
1161 2072 1260 2109 duce
1291 2071 1466 2109 sentiret.
1527 2070 1649 2108 Multi
1680 2083 1750 2107 ex-

312 2142 440 2179 sulum
473 2144 580 2181 caede
612 2157 682 2182 sua
712 2143 911 2181 foedavere
943 2143 1153 2193 templum3
1186 2143 1302 2181 multi
1325 2144 1408 2181 vivi
1432 2142 1556 2193 capti;
1589 2141 1749 2179 Herdo-

312 2214 400 2251 nius
428 2214 673 2253 interfectus.
720 2215 785 2252 Ita
804 2214 1051 2265 Capitolium
1067 2219 1357 2266 recuperatum.
1404 2215 1470 2253 De
1486 2214 1669 2265 captivis,
1703 2215 1748 2251 ut

313 2285 480 2335 quisque
509 2286 612 2323 liber
635 2291 705 2324 aut
728 2300 864 2325 servus
892 2289 1006 2335 esset,
1038 2299 1119 2324 suae
1144 2287 1314 2325 fortunae
1331 2301 1355 2325 a
1372 2299 1531 2338 quoque
1547 2290 1747 2336 sumptum

258 2362 260 2367 '
312 2358 551 2408 supplicium
583 2363 653 2397 est.
701 2358 938 2396 Tusculanis
964 2359 1106 2408 gratiae
1132 2362 1243 2406 actae,
1276 2359 1518 2409 Capitolium
1534 2360 1750 2408 purgatum

248 2431 293 2467 11
316 2433 435 2479 atque
465 2429 689 2467 lustratum.
751 2430 799 2466 In
832 2430 1007 2468 consulis
1039 2430 1198 2468 domum
1238 2432 1374 2482 plebes
1414 2429 1667 2481 quadrantes,
1704 2431 1751 2465 ut

312 2503 450 2539 funere
481 2502 674 2552 ampliore
707 2501 920 2547 efferretur,
953 2502 1121 2539 iactasse
1153 2503 1292 2541 fertur.

177 2570 227 2618 19
426 2574 533 2612 Pace
563 2578 691 2624 parta,
733 2573 880 2610 instare
911 2576 994 2609 tum
1025 2574 1178 2611 tribuni
1207 2573 1406 2624 patribus,
1437 2575 1483 2610 ut
1512 2571 1560 2611 P.
1592 2570 1746 2609 Valerii

311 2645 428 2683 fidem
461 2646 723 2694 exsolverent,
756 2645 907 2682 instare
940 2644 981 2682 C.
1009 2643 1196 2694 Claudio,
1227 2648 1272 2682 ut
1303 2644 1465 2693 collegae
1497 2643 1591 2681 deos
1613 2655 1747 2680 manes

312 2717 453 2755 fraude
484 2717 687 2765 liberaret,
718 2717 783 2766 agi
816 2716 864 2753 de
889 2715 977 2764 lege
995 2715 1154 2755 sineret.
1203 2715 1364 2765 Consul,
1397 2718 1609 2765 antequam
1625 2713 1749 2752 colle-
