1821 2928
598 195 688 220 Liber
706 194 775 220 vu.
813 194 860 223 (A.
881 194 932 220 cn.
953 196 1022 223 343.)
1420 183 1469 219 79

90 310 195 349 ultio
227 310 297 348 irae
329 310 411 347 haec
444 314 483 348 et
513 323 592 347 non
625 311 780 348 occasio
807 309 1045 360 cupiditatis
1076 309 1284 359 explendae
1317 313 1429 355 esset,
1460 323 1527 359 pa-

91 393 178 418 rum
210 379 296 426 fuit,
329 378 434 428 quod
466 378 585 416 semel
618 379 659 415 in
691 378 876 416 Sidicino
909 391 1017 428 agro,
1058 378 1200 415 iterum
1235 378 1276 415 in
1309 377 1528 428 Campania

91 449 179 498 ipsa
210 447 386 496 legiones
418 450 574 485 nostras
605 447 814 484 cecidere?
846 448 944 495 Quae
969 451 1027 484 est
1059 447 1135 484 ista
1166 453 1248 484 tam
1279 447 1423 485 infesta.
1455 447 1526 494 ira,
1547 446 1599 483 15

91 530 210 566 quam
251 530 322 566 per
363 515 461 553 duas
501 516 607 554 acies
647 516 757 553 fusus
798 517 960 565 sanguis
1001 516 1160 565 explere
1203 530 1281 553 non
1322 516 1527 565 potuerit?

91 584 212 622 Addo
257 585 333 621 huc
379 585 680 634 populationem
727 598 925 634 agrorum,
965 584 1120 634 praedas
1163 585 1367 621 hominum
1409 588 1526 634 atque

90 654 289 703 pecudum
321 658 440 700 aetas,
473 653 658 690 incendia
689 654 877 690 villarum
909 667 952 690 ac
984 654 1134 699 ruinas,
1167 653 1297 690 omnia
1331 653 1435 690 ferro
1468 653 1525 702 ig-

90 723 212 773 nique
243 726 409 760 vastata.
455 722 624 759 Hiscine
657 722 717 759 ira
735 722 889 771 expleri
921 737 1000 760 non
1032 721 1193 772 potuit?
1225 721 1304 759 Sed
1322 721 1523 771 cupiditas
1546 721 1594 758 16

91 791 286 841 explenda
321 795 388 828 est.
449 791 509 828 Ea
540 790 590 828 ad
623 790 931 840 oppugnandam
964 790 1141 840 Capuam
1174 791 1301 840 rapit3
1348 793 1417 827 aut
1463 791 1527 827 de-

91 860 171 898 lere
202 860 342 898 urbem
373 860 683 909 pulcherrimam
716 863 783 896 aut
809 860 885 909 ipsi
915 859 1120 909 possidere
1151 859 1302 897 volunt.
1349 857 1428 896 Sed
1454 873 1522 896 vos
1546 859 1594 894 17

89 929 233 978 potius,
278 929 465 975 Romani,
511 929 704 966 beneficio
736 934 867 966 vestro
910 932 1100 978 occupate
1133 942 1228 975 eam,
1275 941 1393 977 quam
1436 927 1527 964 illos

90 997 236 1035 habere
267 1011 339 1047 per
370 997 609 1035 maleficium
640 997 795 1034 sinatis.
842 998 932 1035 Non
964 998 1107 1047 loquor
1139 997 1246 1047 apud
1276 1000 1525 1034 recusantem

91 1066 194 1103 iusta
227 1066 334 1104 bella
365 1066 574 1116 populum3
607 1067 675 1103 sed
706 1072 851 1113 tamen,
883 1067 915 1103 si
939 1066 1196 1104 ostenderitis
1214 1065 1368 1103 auxilia
1384 1068 1527 1111 vestra,

89 1148 138 1171 ne
180 1135 288 1173 bello
330 1135 491 1184 quidem
533 1134 710 1172 arbitror
750 1135 866 1172 vobis
908 1149 1005 1184 opus
1046 1135 1142 1172 sore.
1203 1134 1339 1183 Usque
1371 1134 1421 1171 ad
1452 1147 1523 1171 nos
1546 1133 1596 1169 18

91 1207 340 1253 contemptus
372 1202 612 1240 Samnitium
644 1205 837 1253 pervenit,
875 1218 996 1253 supra
1028 1218 1105 1241 non
1138 1203 1325 1240 escendit.
1386 1202 1527 1251 ltaque

91 1271 234 1310 umbra
249 1272 371 1310 vestri
403 1273 557 1319 auxilii,
588 1273 774 1320 Romani,
805 1273 888 1321 tegi
921 1286 1140 1322 possumus,
1171 1271 1363 1321 quicquid
1382 1270 1525 1308 deinde

47 1345 50 1348 ’
89 1340 358 1388 habuerimus,
391 1341 587 1391 quicquid
620 1341 699 1390 ipsi
729 1342 930 1387 fuerimus,
961 1345 1137 1378 vestrum
1170 1340 1212 1377 id
1244 1354 1357 1378 omne
1389 1339 1526 1377 existi-

90 1410 248 1447 maturi.
310 1409 438 1447 Vobis
480 1409 663 1447 arabitur
705 1424 798 1459 ager
831 1411 1066 1459 Campanus,
1105 1409 1220 1446 vobis
1253 1409 1389 1459 Capua
1429 1408 1525 1446 urbs
1547 1410 1595 1445 19

89 1478 430 1527 frequentabitur;
472 1479 736 1525 conditorum,
777 1479 1014 1528 parent-ium,
1046 1478 1209 1515 deorum
1242 1477 1526 1514 immortalium

91 1560 254 1584 numero
286 1546 403 1584 nobis
436 1548 567 1593 eritisg
599 1548 710 1584 nulla
741 1547 897 1585 colonia
914 1551 1043 1585 vestra
1078 1547 1165 1592 erit7
1197 1560 1282 1596 quae
1315 1560 1385 1584 nos
1417 1546 1527 1583 obse-

91 1616 186 1665 quio
219 1629 314 1664 erga
343 1630 412 1653 vos
452 1616 608 1665 fideque
641 1621 810 1666 superet.
886 1617 1077 1662 Annuite⁷
1122 1620 1255 1665 patres
1297 1614 1525 1664 conscripti,
1543 1615 1598 1651 20

89 1688 230 1721 nutum
262 1698 486 1734 numenque
518 1688 691 1721 vestrum
734 1685 928 1722 invictum
961 1685 1175 1735 Campanis
1208 1688 1246 1721 et
1278 1683 1410 1721 iubete
1443 1697 1527 1733 spe-

89 1766 190 1800 rare,
232 1753 470 1791 incolumem
503 1753 679 1803 Capuam
719 1754 906 1791 futuram.
967 1754 1057 1801 Qua
1095 1753 1321 1803 frequentia
1352 1752 1527 1789 omnium
1545 1753 1598 1788 21

90 1835 278 1870 generum
297 1822 568 1860 multitudinis
592 1826 859 1872 prosequente
877 1823 1042 1860 creditis
1066 1836 1137 1859 nos
1162 1822 1275 1859 illinc
1301 1820 1529 1871 profectos?

90 1887 208 1939 quam
241 1891 376 1928 omnia
392 1895 575 1929 votorum
607 1892 943 1940 lacrimarumque
975 1891 1093 1940 plena
1116 1890 1357 1939 reliquisse?
1390 1889 1525 1937 inqua

90 1972 194 1995 nunc
221 1960 520 2008 exspectatione
551 1963 729 1997 senatum
761 1960 1032 2009 populumque
1050 1960 1307 2008 Campanum,
1339 1958 1527 2005 coniuges

91 2026 318 2077 liberosque
350 2033 506 2066 nostros
539 2028 650 2066 esse?
681 2026 797 2065 Stare
815 2041 968 2065 omnem
1001 2028 1299 2064 multitudinem
1316 2026 1366 2063 ad
1390 2030 1525 2076 port-as
1544 2027 1596 2063 22

90 2097 197 2133 viam
228 2097 321 2134 hinc
352 2098 543 2133 ferentem
575 2100 886 2146 prospectante&
917 2099 1068 2133 certum
1100 2096 1240 2133 habeo.
1300 2094 1410 2142 Quid
1444 2095 1525 2141 illis

90 2178 172 2212 nos,
189 2169 322 2215 patres
340 2165 570 2216 conscripti,
588 2165 773 2203 sollicitis
791 2179 835 2202 ac
863 2164 1132 2214 pendentibus
1156 2164 1279 2202 animi
1296 2164 1526 2201 renuntiare

91 2233 268 2271 iubetis?
327 2234 516 2271 Alterum
558 2248 789 2284 responsum
831 2234 1012 2280 salutem,
1057 2233 1278 2279 victoriam,
1322 2233 1450 2270 lucem
1482 2245 1525 2269 ac
1544 2233 1598 2269 23

91 2302 337 2349 libertatem;
375 2303 556 2349 alterum,
589 2303 756 2340 ominari
789 2302 942 2348 horreo,
981 2315 1068 2351 quae
1100 2301 1212 2339 ferat.
1273 2300 1453 2339 Proinde
1484 2304 1528 2337 ut

90 2375 161 2408 aut
191 2371 240 2408 de
269 2371 414 2408 vestris
452 2372 598 2408 futuris
630 2371 749 2409 sociis
781 2375 904 2420 atque
935 2370 1074 2408 amicis
1105 2374 1175 2408 aut>
1206 2384 1399 2420 nusquam
1431 2369 1525 2406 ullis

90 2438 236 2477 futuris
265 2440 384 2478 nobis
415 2439 647 2477 consulite*

206 2507 422 2546 Summotis
455 2508 598 2545 deinde
639 2509 794 2557 legatis,
835 2522 955 2558 quum
988 2508 1192 2546 consult-us
1223 2511 1382 2544 senatus
1413 2510 1524 2551 esset,
1600 2501 1656 2549 31

93 2575 167 2613 etsi
199 2590 352 2625 magnae
383 2577 491 2627 parti
517 2578 611 2614 urbs
634 2577 809 2614 maxima
837 2577 1221 2626 opulentissimaque
1238 2575 1382 2620 ltaliae,
1413 2574 1527 2612 uber-

92 2643 217 2682 rimus
241 2658 336 2693 ager
360 2645 538 2695 marique
569 2646 820 2695 propinquus
838 2645 888 2682 ad
912 2645 1127 2682 varietates
1151 2657 1318 2682 annonae
1342 2643 1524 2680 horreum
