1821 2928
292 103 373 140 214
738 94 853 128 Liber
878 91 947 127 iv.
985 93 1043 135 (A.
1070 104 1106 127 u.
1132 104 1160 128 c.
1186 93 1277 135 317.)

251 231 274 270 5
294 227 499 266 sinistrum
529 221 679 261 Falisci
709 224 900 268 tenerent,
935 220 1057 258 medii
1088 220 1301 259 Fidenates
1332 223 1473 259 essent.
1534 219 1724 259 Dictator

291 299 432 337 dextro
464 309 586 335 cornu
617 294 805 332 adversus
836 292 1027 339 Faliscos,
1060 293 1221 331 sinistro
1252 296 1392 331 contra
1423 291 1633 332 Veientem
1651 292 1723 331 Oa-

292 369 485 422 pitolinus
517 366 730 415 Quinctius
776 365 914 403 intulit
952 365 1084 415 signa,
1130 367 1220 402 ante
1260 364 1430 402 mediam
1471 365 1595 403 aciem
1635 378 1745 405 cum.

253 447 275 483 6
294 441 474 492 equitatu
504 438 696 487 magister
726 437 904 487 equitum
935 436 1142 486 processit.
1198 436 1421 487 Parumper
1451 436 1656 475 silentium
1687 440 1726 475 et

293 513 407 564 quies
439 512 524 559 fuit,
561 522 633 548 nec
665 509 860 559 Etruscis,
902 509 979 546 nisi
1011 511 1258 557 cogerentur,
1291 522 1463 559 pugnam
1494 509 1655 547 inituris
1688 511 1725 547 et

295 585 490 623 dictatore
520 594 650 621 arcem
667 581 887 620 Romanam
919 583 1180 630 respectante,
1211 584 1255 619 ut
1279 581 1328 619 ab
1347 580 1576 630 auguribus,
1607 580 1726 618 simul

254 664 276 698 7
296 670 387 696 aves
416 656 494 694 rite
524 654 789 701 admisissent,
820 666 868 690 ex
899 652 1120 703 composito
1151 653 1360 691 tolleretur
1391 653 1560 702 signum.
1610 651 1727 700 Quod

295 728 444 780 [simul]
461 728 531 765 ubi
548 726 764 777 conspexit,
790 724 940 775 primos
965 724 1119 774 equites
1143 724 1315 762 clamore
1342 724 1500 763 sublato
1517 724 1559 762 in
1575 724 1726 762 hostem

253 807 278 844 8
297 800 444 847 emisit;
476 801 613 837 secuta
643 797 819 848 peditum
851 797 956 834 acies
987 796 1142 846 ingenti
1172 796 1212 834 vi
1243 796 1432 835 conflixit.
1477 795 1599 834 Nulla
1614 799 1727 846 parte

295 872 472 923 legiones
482 871 662 909 Etruscae
679 870 903 908 sustinuere
915 869 1107 918 impetum
1117 868 1387 906 Romanorum
1398 882 1406 915 ;
1425 881 1544 919 eques
1554 867 1727 906 maxime

295 944 517 990 resistebat,
544 942 802 992 equitumque
819 941 938 990 longe
955 940 1193 978 fortissimus
1210 941 1295 991 ipse
1312 954 1394 988 rex,
1422 939 1473 978 ab
1491 939 1598 978 omni
1614 942 1726 989 parte

297 1016 416 1055 effuse
462 1014 719 1065 sequentibus
766 1012 1001 1062 obequitans
1038 1012 1242 1060 Romanis,
1287 1012 1472 1050 trahebat
1518 1014 1728 1049 certamen.

167 1091 215 1137 19
297 1089 395 1127 Erat
425 1091 509 1125 tum
539 1087 644 1123 inter
676 1085 828 1135 equites
858 1083 1047 1122 tribunus
1079 1084 1250 1122 militum
1277 1083 1328 1123 A.
1346 1083 1555 1122 Cornelius
1573 1083 1729 1130 Cossus,

296 1160 443 1199 eximia
473 1156 775 1209 pulchritudine
807 1156 996 1206 corporis,
1028 1157 1158 1194 animo
1183 1170 1228 1194 ac
1243 1156 1398 1194 viribus
1415 1170 1487 1207 par
1503 1168 1729 1206 memorque

296 1232 466 1282 generis,
497 1229 604 1281 quod
627 1228 916 1278 amplissimum
943 1231 1147 1278 acceptum
1167 1228 1293 1266 maius
1311 1228 1545 1278 auctiusque
1561 1226 1730 1277 reliquit

257 1310 279 1346 2
297 1304 478 1355 posteris.
524 1302 566 1339 Is
598 1314 718 1351 quum
750 1299 799 1337 ad
830 1300 1020 1350 impetum
1037 1299 1254 1347 Tolumnii,
1286 1313 1523 1350 quacunque
1542 1312 1584 1337 se
1602 1299 1729 1336 inten-

297 1377 430 1423 disset,
461 1373 708 1424 trepidantes
733 1372 935 1410 Romanas
966 1371 1120 1410 videret
1150 1376 1302 1410 turmas
1334 1372 1612 1421 insignemque
1643 1383 1730 1408 eum

260 1453 282 1489 3
299 1449 411 1498 regio
436 1446 579 1484 habitu
595 1445 829 1483 volitantem
855 1446 941 1481 tota
957 1444 1041 1482 acie
1058 1447 1278 1493 cognosset,
1309 1443 1480 1491 „Hicine
1497 1445 1580 1482 est“
1600 1441 1731 1492 inquit

301 1523 469 1570 „ruptor
499 1517 660 1556 foederis
692 1515 856 1554 humani
887 1516 1138 1566 violatorque
1169 1516 1351 1565 gentium
1383 1513 1510 1553 iuris?
1554 1514 1641 1552 Iam
1658 1525 1730 1562 ego

298 1593 399 1631 hanc
429 1593 641 1628 mactatam
671 1588 886 1634 victimam,
925 1588 959 1624 si
990 1587 1104 1626 modo
1136 1587 1266 1625 sancti
1299 1587 1513 1638 quicquam
1542 1586 1585 1624 in
1613 1585 1731 1624 terris

259 1668 283 1704 4
302 1677 386 1704 esse
410 1663 450 1700 di
473 1662 624 1707 volunt,
655 1660 877 1709 legatorum
903 1660 1085 1696 manibus
1111 1659 1250 1697 dabo.“
1301 1659 1534 1697 Calcaribus
1560 1657 1731 1696 subditis

299 1736 442 1773 infesta
468 1732 633 1783 cuspide
659 1732 700 1769 in
725 1744 844 1768 unum
874 1731 1001 1768 fertur
1017 1730 1186 1777 hostem;
1218 1743 1333 1780 quem
1351 1744 1472 1780 quum
1490 1729 1613 1767 ictum
1630 1741 1731 1778 equo

300 1806 522 1852 deiecisset,
553 1803 760 1842 confestim
793 1806 833 1841 et
862 1803 947 1852 ipse
977 1803 1091 1840 hasta
1122 1802 1282 1839 innixus
1311 1815 1351 1840 se
1369 1802 1410 1839 in
1425 1801 1548 1852 pedes
1565 1800 1731 1851 excepit.

259 1882 282 1919 5
301 1880 589 1927 Assurgentem
606 1875 664 1913 ibi
682 1888 815 1924 regem
831 1874 1002 1912 umbone
1029 1874 1247 1924 resupinat,
1277 1874 1571 1924 repetitumque
1588 1872 1732 1922 saepius

300 1949 466 2000 cuspide
511 1948 561 1987 ad
606 1951 754 1986 terram
799 1946 941 1984 affixit.
1002 1945 1103 1984 Tum
1149 1945 1344 1995 exsangui
1383 1945 1563 1984 detracta
1593 1943 1734 1994 spolia,

301 2024 500 2072 caputque
546 2020 743 2058 abscisum
782 2019 910 2057 victor
948 2018 1103 2068 spiculo
1143 2031 1283 2068 gerens
1323 2020 1476 2056 terrore
1506 2016 1598 2054 caesi
1628 2015 1733 2064 regis

299 2094 431 2131 hostes
462 2092 576 2130 fudit.
622 2092 688 2130 Ita
719 2091 896 2142 equitum
929 2103 1087 2140 quoque
1115 2090 1203 2127 fusa
1228 2089 1345 2136 acies,
1377 2101 1466 2139 quae
1492 2101 1572 2126 una
1586 2087 1733 2125 fecerat

263 2170 448 2215 6anceps
493 2167 700 2202 certamen.
762 2163 951 2201 Dictator
992 2161 1219 2212 legionibus
1259 2160 1409 2210 sugatis
1451 2160 1575 2198 instat
1614 2162 1654 2196 et
1683 2158 1733 2196 ad

302 2240 432 2276 castra
463 2235 688 2285 compulsos
719 2234 848 2272 caedit.
894 2233 1152 2272 Fidenatium
1183 2233 1350 2283 plurimi
1379 2233 1556 2270 locorum
1589 2229 1734 2268 notitia

302 2308 474 2357 effugere
505 2308 546 2345 in
578 2310 741 2344 montes.
789 2305 933 2344 Cossus
960 2305 1139 2343 Tiberim
1163 2318 1248 2342 cum
1278 2304 1461 2354 equitatu
1485 2305 1733 2341 transvectus

265 2385 287 2420 7
305 2395 353 2419 ex
385 2393 479 2430 agro
497 2378 721 2418 Veientano
754 2378 954 2426 ingentem
985 2377 1133 2414 detulit
1157 2375 1332 2426 praedam
1359 2375 1411 2414 ad
1426 2375 1576 2413 urbem.
1621 2373 1734 2411 Inter

303 2452 489 2503 proelium
522 2453 562 2488 et
591 2449 642 2487 ad
674 2453 802 2486 castra
818 2448 1000 2486 Romana
1029 2451 1249 2498 pugnatum
1280 2450 1340 2485 est
1370 2445 1558 2485 adversus
1581 2448 1733 2495 partem

307 2524 509 2574 copiarum
541 2522 590 2560 ab
607 2520 830 2566 Tolumnio,
861 2523 906 2557 ut
936 2523 1027 2557 ante
1058 2520 1209 2557 dictum
1241 2522 1312 2567 est,
1342 2517 1392 2556 ad
1419 2520 1549 2555 castra
1564 2517 1733 2554 missam.

263 2595 456 2635 8Fabius
492 2593 720 2632 Vibulanus
752 2604 896 2629 corona
927 2591 1095 2640 primum
1128 2590 1276 2628 vallum
1314 2588 1510 2634 defendit;
1558 2587 1734 2626 intentos

306 2666 448 2705 deinde
479 2666 612 2703 hostes
646 2665 685 2702 in
717 2663 877 2709 vallum,
913 2674 1094 2711 egressus
1125 2661 1266 2699 dextra
1289 2658 1506 2710 principali
1529 2671 1616 2696 cum
1639 2658 1733 2695 tria-

304 2739 390 2785 riis,
420 2740 583 2787 repente
616 2735 779 2775 invadit.
836 2734 923 2781 Quo
954 2745 1101 2783 pavore
1131 2732 1279 2770 iniecto
1311 2731 1436 2769 caedes
1467 2730 1608 2777 minor,
1640 2729 1734 2779 quia
