<?xml version="1.0" encoding="UTF-8"?>
<!DOCTYPE html PUBLIC "-//W3C//DTD XHTML 1.0 Transitional//EN"
    "http://www.w3.org/TR/xhtml1/DTD/xhtml1-transitional.dtd">
<html xmlns="http://www.w3.org/1999/xhtml" xml:lang="en" lang="en">
 <head>
  <title>
</title>
<meta http-equiv="Content-Type" content="text/html;charset=utf-8" />
  <meta name='ocr-system' content='tesseract 3.04.00' />
  <meta name='ocr-capabilities' content='ocr_page ocr_carea ocr_par ocr_line ocrx_word'/>
</head>
<body>
  <div class='ocr_page' id='page_1' title='image "./historiarumroman01livyuoft_0311.png"; bbox 0 0 1821 2928; ppageno 0'>
   <div class='ocr_carea' id='block_1_1' title="bbox 552 127 1528 172">
    <p class='ocr_par' dir='ltr' id='par_1_1' title="bbox 552 127 1528 172">
     <span class='ocr_line' id='line_1_1' title="bbox 552 127 1528 172; baseline 0.008 -10"><span class='ocrx_word' id='word_1_1' title='bbox 552 127 670 162; x_wconf 89' lang='lat' dir='ltr'><strong>Liber</strong></span> <span class='ocrx_word' id='word_1_2' title='bbox 697 127 740 162; x_wconf 94' lang='lat' dir='ltr'><strong>V.</strong></span> <span class='ocrx_word' id='word_1_3' title='bbox 790 129 852 172; x_wconf 89' lang='lat' dir='ltr'><strong>(A.</strong></span> <span class='ocrx_word' id='word_1_4' title='bbox 879 128 943 163; x_wconf 87' lang='lat' dir='ltr'><strong>Ch.</strong></span> <span class='ocrx_word' id='word_1_5' title='bbox 969 129 1064 172; x_wconf 87' lang='lat'>394.)</span> <span class='ocrx_word' id='word_1_6' title='bbox 1445 132 1528 170; x_wconf 83' lang='lat'><strong>285</strong></span> 
     </span>
    </p>
   </div>
   <div class='ocr_carea' id='block_1_2' title="bbox 79 255 1655 2757">
    <p class='ocr_par' dir='ltr' id='par_1_2' title="bbox 85 255 1528 437">
     <span class='ocr_line' id='line_1_2' title="bbox 86 255 1528 307; baseline 0.001 -14"><span class='ocrx_word' id='word_1_7' title='bbox 86 255 332 306; x_wconf 78' lang='lat' dir='ltr'><strong>stipendium</strong></span> <span class='ocrx_word' id='word_1_8' title='bbox 372 255 545 293; x_wconf 89' lang='lat' dir='ltr'><strong>militum</strong></span> <span class='ocrx_word' id='word_1_9' title='bbox 586 256 671 293; x_wconf 88' lang='lat' dir='ltr'><strong>eius</strong></span> <span class='ocrx_word' id='word_1_10' title='bbox 713 256 817 301; x_wconf 85' lang='lat' dir='ltr'><strong>anni,</strong></span> <span class='ocrx_word' id='word_1_11' title='bbox 855 260 901 293; x_wconf 90' lang='lat' dir='ltr'><strong>ut</strong></span> <span class='ocrx_word' id='word_1_12' title='bbox 936 257 1109 307; x_wconf 88' lang='lat' dir='ltr'><strong>populus</strong></span> <span class='ocrx_word' id='word_1_13' title='bbox 1141 258 1342 294; x_wconf 80' lang='lat' dir='ltr'><strong>Romanus</strong></span> <span class='ocrx_word' id='word_1_14' title='bbox 1372 257 1528 295; x_wconf 85' lang='lat' dir='ltr'><strong>tributo</strong></span> 
     </span>
     <span class='ocr_line' id='line_1_3' title="bbox 85 328 1527 377; baseline 0.001 -12"><span class='ocrx_word' id='word_1_15' title='bbox 85 331 258 375; x_wconf 83' lang='lat' dir='ltr'><strong>vacaret,</strong></span> <span class='ocrx_word' id='word_1_16' title='bbox 289 328 459 377; x_wconf 86' lang='lat' dir='ltr'><strong>pecunia</strong></span> <span class='ocrx_word' id='word_1_17' title='bbox 491 328 696 377; x_wconf 82' lang='lat' dir='ltr'><strong>imperata.</strong></span> <span class='ocrx_word' id='word_1_18' title='bbox 758 328 862 366; x_wconf 82' lang='lat' dir='ltr'><strong>Pace</strong></span> <span class='ocrx_word' id='word_1_19' title='bbox 895 328 999 374; x_wconf 88' lang='lat' dir='ltr'><strong>data,</strong></span> <span class='ocrx_word' id='word_1_20' title='bbox 1043 330 1237 366; x_wconf 85' lang='lat' dir='ltr'><strong>exercitus</strong></span> <span class='ocrx_word' id='word_1_21' title='bbox 1267 329 1436 366; x_wconf 84' lang='lat' dir='ltr'>Romam</span> <span class='ocrx_word' id='word_1_22' title='bbox 1468 343 1527 367; x_wconf 91' lang='lat' dir='ltr'><strong>re-</strong></span> 
     </span>
     <span class='ocr_line' id='line_1_4' title="bbox 85 399 241 437; baseline 0.006 -1"><span class='ocrx_word' id='word_1_23' title='bbox 85 399 241 437; x_wconf 89' lang='lat' dir='ltr'><strong>ductus.</strong></span> 
     </span>
    </p>

    <p class='ocr_par' dir='ltr' id='par_1_3' title="bbox 79 468 1655 1604">
     <span class='ocr_line' id='line_1_5' title="bbox 201 468 1655 522; baseline 0 -12"><span class='ocrx_word' id='word_1_24' title='bbox 201 471 393 510; x_wconf 83' lang='lat' dir='ltr'><strong>Camillus</strong></span> <span class='ocrx_word' id='word_1_25' title='bbox 425 471 587 509; x_wconf 89' lang='lat' dir='ltr'><strong>meliore</strong></span> <span class='ocrx_word' id='word_1_26' title='bbox 618 471 744 509; x_wconf 76' lang='lat' dir='ltr'><strong>multo</strong></span> <span class='ocrx_word' id='word_1_27' title='bbox 776 471 907 518; x_wconf 86' lang='lat' dir='ltr'><strong>laude,</strong></span> <span class='ocrx_word' id='word_1_28' title='bbox 940 484 1058 521; x_wconf 90' lang='lat' dir='ltr'><strong>quam</strong></span> <span class='ocrx_word' id='word_1_29' title='bbox 1076 486 1196 522; x_wconf 89' lang='lat' dir='ltr'><strong>quum</strong></span> <span class='ocrx_word' id='word_1_30' title='bbox 1214 473 1528 522; x_wconf 74' lang='lat' dir='ltr'><strong>triumphantem</strong></span> <span class='ocrx_word' id='word_1_31' title='bbox 1601 468 1655 516; x_wconf 84' lang='lat'><strong>28</strong></span> 
     </span>
     <span class='ocr_line' id='line_1_6' title="bbox 84 543 1528 594; baseline 0.001 -13"><span class='ocrx_word' id='word_1_32' title='bbox 84 543 166 581; x_wconf 82' lang='lat' dir='ltr'><strong>albi</strong></span> <span class='ocrx_word' id='word_1_33' title='bbox 194 557 265 594; x_wconf 89' lang='lat' dir='ltr'><strong>per</strong></span> <span class='ocrx_word' id='word_1_34' title='bbox 289 543 427 581; x_wconf 88' lang='lat' dir='ltr'><strong>urbem</strong></span> <span class='ocrx_word' id='word_1_35' title='bbox 455 549 645 581; x_wconf 81' lang='lat' dir='ltr'><strong>vexerant</strong></span> <span class='ocrx_word' id='word_1_36' title='bbox 662 545 767 593; x_wconf 85' lang='lat' dir='ltr'><strong>equi,</strong></span> <span class='ocrx_word' id='word_1_37' title='bbox 795 544 974 592; x_wconf 84' lang='lat' dir='ltr'><strong>insignis,</strong></span> <span class='ocrx_word' id='word_1_38' title='bbox 1001 544 1157 581; x_wconf 88' lang='lat' dir='ltr'><strong>iustitia</strong></span> <span class='ocrx_word' id='word_1_39' title='bbox 1172 544 1330 594; x_wconf 87' lang='lat' dir='ltr'><strong>fideque</strong></span> <span class='ocrx_word' id='word_1_40' title='bbox 1348 545 1528 582; x_wconf 75' lang='lat' dir='ltr'><strong>hostibus</strong></span> 
     </span>
     <span class='ocr_line' id='line_1_7' title="bbox 84 615 1528 665; baseline 0 -12"><span class='ocrx_word' id='word_1_41' title='bbox 84 616 212 663; x_wconf 86' lang='lat' dir='ltr'><strong>victis,</strong></span> <span class='ocrx_word' id='word_1_42' title='bbox 253 629 374 665; x_wconf 89' lang='lat' dir='ltr'><strong>quum</strong></span> <span class='ocrx_word' id='word_1_43' title='bbox 407 616 449 652; x_wconf 89' lang='lat' dir='ltr'><strong>in</strong></span> <span class='ocrx_word' id='word_1_44' title='bbox 479 615 619 652; x_wconf 89' lang='lat' dir='ltr'><strong>urbem</strong></span> <span class='ocrx_word' id='word_1_45' title='bbox 650 616 831 662; x_wconf 69' lang='lat' dir='ltr'><strong>redisset,</strong></span> <span class='ocrx_word' id='word_1_46' title='bbox 871 616 986 653; x_wconf 86' lang='lat' dir='ltr'><strong>taciti</strong></span> <span class='ocrx_word' id='word_1_47' title='bbox 1019 616 1103 653; x_wconf 92' lang='lat' dir='ltr'><strong>eius</strong></span> <span class='ocrx_word' id='word_1_48' title='bbox 1134 617 1415 654; x_wconf 87' lang='lat' dir='ltr'><strong>verecundiam</strong></span> <span class='ocrx_word' id='word_1_49' title='bbox 1450 630 1528 653; x_wconf 89' lang='lat' dir='ltr'><strong>non</strong></span> 
     </span>
     <span class='ocr_line' id='line_1_8' title="bbox 82 687 1567 738; baseline -0.001 -12"><span class='ocrx_word' id='word_1_50' title='bbox 82 687 181 726; x_wconf 80' lang='lat' dir='ltr'><strong>tulit</strong></span> <span class='ocrx_word' id='word_1_51' title='bbox 211 691 383 734; x_wconf 86' lang='lat' dir='ltr'><strong>senatus,</strong></span> <span class='ocrx_word' id='word_1_52' title='bbox 418 688 517 738; x_wconf 88' lang='lat' dir='ltr'><strong>quin</strong></span> <span class='ocrx_word' id='word_1_53' title='bbox 549 687 634 725; x_wconf 87' lang='lat' dir='ltr'><strong>sine</strong></span> <span class='ocrx_word' id='word_1_54' title='bbox 666 702 776 725; x_wconf 87' lang='lat' dir='ltr'><strong>mora</strong></span> <span class='ocrx_word' id='word_1_55' title='bbox 806 688 890 726; x_wconf 82' lang='lat' dir='ltr'><strong>voti</strong></span> <span class='ocrx_word' id='word_1_56' title='bbox 922 688 1175 727; x_wconf 75' lang='lat' dir='ltr'><strong>liberaretur.</strong></span> <span class='ocrx_word' id='word_1_57' title='bbox 1237 687 1567 738; x_wconf 79' lang='lat' dir='ltr'><strong>Crateramque2</strong></span> 
     </span>
     <span class='ocr_line' id='line_1_9' title="bbox 82 759 1528 810; baseline -0.001 -12"><span class='ocrx_word' id='word_1_58' title='bbox 82 773 245 798; x_wconf 85' lang='lat' dir='ltr'><strong>auream</strong></span> <span class='ocrx_word' id='word_1_59' title='bbox 278 760 426 797; x_wconf 86' lang='lat' dir='ltr'><strong>donum</strong></span> <span class='ocrx_word' id='word_1_60' title='bbox 457 759 645 810; x_wconf 85' lang='lat' dir='ltr'><strong>Apollini</strong></span> <span class='ocrx_word' id='word_1_61' title='bbox 673 760 858 810; x_wconf 86' lang='lat' dir='ltr'><strong>Delphos</strong></span> <span class='ocrx_word' id='word_1_62' title='bbox 888 760 1013 810; x_wconf 78' lang='lat' dir='ltr'><strong>legati</strong></span> <span class='ocrx_word' id='word_1_63' title='bbox 1045 760 1114 809; x_wconf 91' lang='lat' dir='ltr'><strong>qui</strong></span> <span class='ocrx_word' id='word_1_64' title='bbox 1145 760 1308 807; x_wconf 89' lang='lat' dir='ltr'><strong>ferrent,</strong></span> <span class='ocrx_word' id='word_1_65' title='bbox 1340 760 1385 799; x_wconf 89' lang='lat' dir='ltr'><strong>L.</strong></span> <span class='ocrx_word' id='word_1_66' title='bbox 1407 760 1528 798; x_wconf 85' lang='lat' dir='ltr'><strong>Vale—</strong></span> 
     </span>
     <span class='ocr_line' id='line_1_10' title="bbox 82 830 1530 881; baseline 0 -12"><span class='ocrx_word' id='word_1_67' title='bbox 82 832 180 879; x_wconf 82' lang='lat' dir='ltr'><strong>rius,</strong></span> <span class='ocrx_word' id='word_1_68' title='bbox 225 831 271 870; x_wconf 90' lang='lat' dir='ltr'><strong>L.</strong></span> <span class='ocrx_word' id='word_1_69' title='bbox 304 830 482 881; x_wconf 87' lang='lat' dir='ltr'><strong>Sergius,</strong></span> <span class='ocrx_word' id='word_1_70' title='bbox 528 832 581 871; x_wconf 91' lang='lat' dir='ltr'><strong>A.</strong></span> <span class='ocrx_word' id='word_1_71' title='bbox 614 832 790 870; x_wconf 87' lang='lat' dir='ltr'><strong>Manlius</strong></span> <span class='ocrx_word' id='word_1_72' title='bbox 835 832 942 869; x_wconf 89' lang='lat' dir='ltr'><strong>missi</strong></span> <span class='ocrx_word' id='word_1_73' title='bbox 992 832 1114 881; x_wconf 84' lang='lat' dir='ltr'><strong>longa</strong></span> <span class='ocrx_word' id='word_1_74' title='bbox 1155 846 1234 869; x_wconf 90' lang='lat' dir='ltr'><strong>una</strong></span> <span class='ocrx_word' id='word_1_75' title='bbox 1265 846 1376 877; x_wconf 83' lang='lat' dir='ltr'><strong>nave,</strong></span> <span class='ocrx_word' id='word_1_76' title='bbox 1424 832 1530 870; x_wconf 82' lang='lat' dir='ltr'><strong>haud</strong></span> 
     </span>
     <span class='ocr_line' id='line_1_11' title="bbox 82 903 1530 954; baseline 0.001 -13"><span class='ocrx_word' id='word_1_77' title='bbox 82 904 225 954; x_wconf 90' lang='lat' dir='ltr'><strong>procul</strong></span> <span class='ocrx_word' id='word_1_78' title='bbox 256 904 359 942; x_wconf 80' lang='lat' dir='ltr'><strong>freto</strong></span> <span class='ocrx_word' id='word_1_79' title='bbox 385 903 524 942; x_wconf 83' lang='lat' dir='ltr'><strong>Siculo</strong></span> <span class='ocrx_word' id='word_1_80' title='bbox 556 919 578 942; x_wconf 86' lang='lat' dir='ltr'><strong>a</strong></span> <span class='ocrx_word' id='word_1_81' title='bbox 610 905 751 954; x_wconf 87' lang='lat' dir='ltr'><strong>piratis</strong></span> <span class='ocrx_word' id='word_1_82' title='bbox 773 904 1054 954; x_wconf 84' lang='lat' dir='ltr'><strong>Liparensium</strong></span> <span class='ocrx_word' id='word_1_83' title='bbox 1086 904 1245 954; x_wconf 84' lang='lat' dir='ltr'><strong>excepti</strong></span> <span class='ocrx_word' id='word_1_84' title='bbox 1277 905 1530 942; x_wconf 88' lang='lat' dir='ltr'><strong>devehuntur</strong></span> 
     </span>
     <span class='ocr_line' id='line_1_12' title="bbox 82 975 1569 1026; baseline 0 -13"><span class='ocrx_word' id='word_1_85' title='bbox 82 975 266 1026; x_wconf 73' lang='lat' dir='ltr'><strong>Liparas</strong></span> <span class='ocrx_word' id='word_1_86' title='bbox 328 976 417 1014; x_wconf 88' lang='lat' dir='ltr'><strong>Mos</strong></span> <span class='ocrx_word' id='word_1_87' title='bbox 457 980 543 1014; x_wconf 88' lang='lat' dir='ltr'><strong>erat</strong></span> <span class='ocrx_word' id='word_1_88' title='bbox 581 977 758 1014; x_wconf 86' lang='lat' dir='ltr'><strong>civitatis</strong></span> <span class='ocrx_word' id='word_1_89' title='bbox 790 977 900 1014; x_wconf 90' lang='lat' dir='ltr'><strong>velut</strong></span> <span class='ocrx_word' id='word_1_90' title='bbox 930 977 1094 1026; x_wconf 84' lang='lat' dir='ltr'><strong>publico</strong></span> <span class='ocrx_word' id='word_1_91' title='bbox 1126 977 1340 1014; x_wconf 87' lang='lat' dir='ltr'><strong>latrocinio</strong></span> <span class='ocrx_word' id='word_1_92' title='bbox 1372 977 1569 1026; x_wconf 84' lang='lat' dir='ltr'><strong>partam3</strong></span> 
     </span>
     <span class='ocr_line' id='line_1_13' title="bbox 82 1048 1532 1098; baseline 0.001 -13"><span class='ocrx_word' id='word_1_93' title='bbox 82 1048 261 1098; x_wconf 87' lang='lat' dir='ltr'><strong>praedam</strong></span> <span class='ocrx_word' id='word_1_94' title='bbox 293 1048 488 1087; x_wconf 85' lang='lat' dir='ltr'><strong>dividere.</strong></span> <span class='ocrx_word' id='word_1_95' title='bbox 551 1049 673 1086; x_wconf 80' lang='lat' dir='ltr'><strong>Forte</strong></span> <span class='ocrx_word' id='word_1_96' title='bbox 706 1063 751 1087; x_wconf 94' lang='lat' dir='ltr'><strong>eo</strong></span> <span class='ocrx_word' id='word_1_97' title='bbox 783 1062 885 1086; x_wconf 88' lang='lat' dir='ltr'><strong>anno</strong></span> <span class='ocrx_word' id='word_1_98' title='bbox 917 1049 958 1085; x_wconf 88' lang='lat' dir='ltr'><strong>in</strong></span> <span class='ocrx_word' id='word_1_99' title='bbox 991 1062 1141 1086; x_wconf 90' lang='lat' dir='ltr'><strong>summo</strong></span> <span class='ocrx_word' id='word_1_100' title='bbox 1175 1049 1413 1097; x_wconf 82' lang='lat' dir='ltr'><strong>magistratu</strong></span> <span class='ocrx_word' id='word_1_101' title='bbox 1444 1054 1532 1087; x_wconf 88' lang='lat' dir='ltr'><strong>erat</strong></span> 
     </span>
     <span class='ocr_line' id='line_1_14' title="bbox 82 1119 1569 1171; baseline 0.001 -14"><span class='ocrx_word' id='word_1_102' title='bbox 82 1119 353 1158; x_wconf 81' lang='lat' dir='ltr'><strong>Timasitheus</strong></span> <span class='ocrx_word' id='word_1_103' title='bbox 394 1121 568 1171; x_wconf 90' lang='lat' dir='ltr'><strong>quidam,</strong></span> <span class='ocrx_word' id='word_1_104' title='bbox 613 1121 808 1159; x_wconf 83' lang='lat' dir='ltr'><strong>Romanis</strong></span> <span class='ocrx_word' id='word_1_105' title='bbox 847 1121 908 1158; x_wconf 90' lang='lat' dir='ltr'><strong>vir</strong></span> <span class='ocrx_word' id='word_1_106' title='bbox 949 1121 1119 1159; x_wconf 89' lang='lat' dir='ltr'><strong>similior</strong></span> <span class='ocrx_word' id='word_1_107' title='bbox 1160 1134 1276 1171; x_wconf 86' lang='lat' dir='ltr'><strong>quam</strong></span> <span class='ocrx_word' id='word_1_108' title='bbox 1310 1122 1409 1167; x_wconf 89' lang='lat' dir='ltr'><strong>suis;</strong></span> <span class='ocrx_word' id='word_1_109' title='bbox 1457 1121 1569 1171; x_wconf 88' lang='lat' dir='ltr'><strong>qui4</strong></span> 
     </span>
     <span class='ocr_line' id='line_1_15' title="bbox 83 1192 1528 1242; baseline 0.001 -13"><span class='ocrx_word' id='word_1_110' title='bbox 83 1192 307 1241; x_wconf 88' lang='lat' dir='ltr'><strong>legatorum</strong></span> <span class='ocrx_word' id='word_1_111' title='bbox 339 1206 482 1230; x_wconf 89' lang='lat' dir='ltr'><strong>nomen</strong></span> <span class='ocrx_word' id='word_1_112' title='bbox 515 1193 742 1242; x_wconf 87' lang='lat' dir='ltr'><strong>donumque</strong></span> <span class='ocrx_word' id='word_1_113' title='bbox 775 1197 813 1230; x_wconf 87' lang='lat' dir='ltr'><strong>et</strong></span> <span class='ocrx_word' id='word_1_114' title='bbox 845 1193 974 1239; x_wconf 88' lang='lat' dir='ltr'><strong>deum,</strong></span> <span class='ocrx_word' id='word_1_115' title='bbox 1007 1194 1070 1230; x_wconf 89' lang='lat' dir='ltr'><strong>cui</strong></span> <span class='ocrx_word' id='word_1_116' title='bbox 1090 1194 1326 1239; x_wconf 84' lang='lat' dir='ltr'><strong>mitteretur,</strong></span> <span class='ocrx_word' id='word_1_117' title='bbox 1361 1198 1400 1230; x_wconf 90' lang='lat' dir='ltr'><strong>et</strong></span> <span class='ocrx_word' id='word_1_118' title='bbox 1432 1193 1528 1231; x_wconf 90' lang='lat' dir='ltr'><strong>doni</strong></span> 
     </span>
     <span class='ocr_line' id='line_1_16' title="bbox 80 1264 1528 1316; baseline 0.001 -15"><span class='ocrx_word' id='word_1_119' title='bbox 80 1277 242 1301; x_wconf 84' lang='lat' dir='ltr'><strong>causam</strong></span> <span class='ocrx_word' id='word_1_120' title='bbox 275 1264 427 1302; x_wconf 87' lang='lat' dir='ltr'><strong>veritus</strong></span> <span class='ocrx_word' id='word_1_121' title='bbox 459 1264 543 1314; x_wconf 90' lang='lat' dir='ltr'><strong>ipse</strong></span> <span class='ocrx_word' id='word_1_122' title='bbox 575 1265 874 1302; x_wconf 84' lang='lat' dir='ltr'><strong>multitudinem</strong></span> <span class='ocrx_word' id='word_1_123' title='bbox 908 1279 1078 1316; x_wconf 87' lang='lat' dir='ltr'><strong>quoque,</strong></span> <span class='ocrx_word' id='word_1_124' title='bbox 1109 1278 1197 1315; x_wconf 83' lang='lat' dir='ltr'><strong>quae</strong></span> <span class='ocrx_word' id='word_1_125' title='bbox 1227 1279 1382 1316; x_wconf 86' lang='lat' dir='ltr'><strong>semper</strong></span> <span class='ocrx_word' id='word_1_126' title='bbox 1405 1267 1528 1304; x_wconf 87' lang='lat' dir='ltr'><strong>ferme</strong></span> 
     </span>
     <span class='ocr_line' id='line_1_17' title="bbox 82 1336 1528 1387; baseline 0.001 -14"><span class='ocrx_word' id='word_1_127' title='bbox 82 1336 239 1385; x_wconf 88' lang='lat' dir='ltr'><strong>regenti</strong></span> <span class='ocrx_word' id='word_1_128' title='bbox 271 1339 330 1374; x_wconf 90' lang='lat' dir='ltr'><strong>est</strong></span> <span class='ocrx_word' id='word_1_129' title='bbox 361 1337 516 1383; x_wconf 88' lang='lat' dir='ltr'><strong>similis,</strong></span> <span class='ocrx_word' id='word_1_130' title='bbox 558 1337 768 1385; x_wconf 83' lang='lat' dir='ltr'><strong>religionis</strong></span> <span class='ocrx_word' id='word_1_131' title='bbox 801 1337 916 1374; x_wconf 85' lang='lat' dir='ltr'><strong>iustae</strong></span> <span class='ocrx_word' id='word_1_132' title='bbox 949 1337 1143 1387; x_wconf 88' lang='lat' dir='ltr'><strong>implevit,</strong></span> <span class='ocrx_word' id='word_1_133' title='bbox 1182 1337 1454 1387; x_wconf 83' lang='lat' dir='ltr'><strong>adductosque</strong></span> <span class='ocrx_word' id='word_1_134' title='bbox 1486 1338 1528 1375; x_wconf 88' lang='lat' dir='ltr'><strong>in</strong></span> 
     </span>
     <span class='ocr_line' id='line_1_18' title="bbox 79 1407 1528 1460; baseline 0.001 -15"><span class='ocrx_word' id='word_1_135' title='bbox 79 1407 288 1458; x_wconf 89' lang='lat' dir='ltr'><strong>publicum</strong></span> <span class='ocrx_word' id='word_1_136' title='bbox 320 1409 541 1458; x_wconf 89' lang='lat' dir='ltr'><strong>hospitium</strong></span> <span class='ocrx_word' id='word_1_137' title='bbox 573 1409 728 1457; x_wconf 88' lang='lat' dir='ltr'><strong>legatos</strong></span> <span class='ocrx_word' id='word_1_138' title='bbox 762 1423 849 1446; x_wconf 89' lang='lat' dir='ltr'><strong>cum</strong></span> <span class='ocrx_word' id='word_1_139' title='bbox 881 1409 1068 1460; x_wconf 86' lang='lat' dir='ltr'><strong>praesidio</strong></span> <span class='ocrx_word' id='word_1_140' title='bbox 1101 1410 1220 1447; x_wconf 80' lang='lat' dir='ltr'><strong>etiam</strong></span> <span class='ocrx_word' id='word_1_141' title='bbox 1253 1410 1412 1447; x_wconf 81' lang='lat' dir='ltr'><strong>navium</strong></span> <span class='ocrx_word' id='word_1_142' title='bbox 1429 1409 1528 1448; x_wconf 79' lang='lat' dir='ltr'><strong>Del-</strong></span> 
     </span>
     <span class='ocr_line' id='line_1_19' title="bbox 85 1479 1572 1532; baseline 0.002 -16"><span class='ocrx_word' id='word_1_143' title='bbox 85 1479 187 1530; x_wconf 89' lang='lat' dir='ltr'><strong>phos</strong></span> <span class='ocrx_word' id='word_1_144' title='bbox 219 1484 466 1530; x_wconf 88' lang='lat' dir='ltr'><strong>prosecutus,</strong></span> <span class='ocrx_word' id='word_1_145' title='bbox 512 1480 681 1518; x_wconf 85' lang='lat' dir='ltr'><strong>Romam</strong></span> <span class='ocrx_word' id='word_1_146' title='bbox 722 1481 812 1519; x_wconf 87' lang='lat' dir='ltr'><strong>inde</strong></span> <span class='ocrx_word' id='word_1_147' title='bbox 843 1483 1014 1532; x_wconf 87' lang='lat' dir='ltr'><strong>sospites</strong></span> <span class='ocrx_word' id='word_1_148' title='bbox 1045 1483 1233 1521; x_wconf 87' lang='lat' dir='ltr'><strong>restituit.</strong></span> <span class='ocrx_word' id='word_1_149' title='bbox 1294 1481 1529 1531; x_wconf 87' lang='lat' dir='ltr'><strong>Hospitium</strong></span> <span class='ocrx_word' id='word_1_150' title='bbox 1549 1482 1572 1519; x_wconf 89' lang='lat'>5</span> 
     </span>
     <span class='ocr_line' id='line_1_20' title="bbox 82 1553 1531 1604; baseline 0.002 -16"><span class='ocrx_word' id='word_1_151' title='bbox 82 1565 174 1589; x_wconf 84' lang='lat' dir='ltr'><strong>cum</strong></span> <span class='ocrx_word' id='word_1_152' title='bbox 221 1565 266 1590; x_wconf 89' lang='lat' dir='ltr'><strong>eo</strong></span> <span class='ocrx_word' id='word_1_153' title='bbox 313 1555 474 1590; x_wconf 87' lang='lat' dir='ltr'><strong>senatus</strong></span> <span class='ocrx_word' id='word_1_154' title='bbox 515 1553 697 1590; x_wconf 86' lang='lat' dir='ltr'><strong>consulto</strong></span> <span class='ocrx_word' id='word_1_155' title='bbox 738 1557 798 1590; x_wconf 86' lang='lat' dir='ltr'><strong>est</strong></span> <span class='ocrx_word' id='word_1_156' title='bbox 835 1555 983 1591; x_wconf 87' lang='lat' dir='ltr'><strong>factum</strong></span> <span class='ocrx_word' id='word_1_157' title='bbox 1015 1554 1198 1604; x_wconf 86' lang='lat' dir='ltr'><strong>donaque</strong></span> <span class='ocrx_word' id='word_1_158' title='bbox 1229 1554 1394 1604; x_wconf 86' lang='lat' dir='ltr'><strong>publice</strong></span> <span class='ocrx_word' id='word_1_159' title='bbox 1426 1554 1531 1592; x_wconf 85' lang='lat' dir='ltr'><strong>data.</strong></span> 
     </span>
    </p>

    <p class='ocr_par' dir='ltr' id='par_1_4' title="bbox 82 1623 1571 2757">
     <span class='ocr_line' id='line_1_21' title="bbox 200 1623 1530 1675; baseline 0.002 -15"><span class='ocrx_word' id='word_1_160' title='bbox 200 1623 349 1661; x_wconf 88' lang='lat' dir='ltr'><strong>Eodem</strong></span> <span class='ocrx_word' id='word_1_161' title='bbox 392 1637 495 1661; x_wconf 86' lang='lat' dir='ltr'><strong>anno</strong></span> <span class='ocrx_word' id='word_1_162' title='bbox 536 1625 575 1661; x_wconf 92' lang='lat' dir='ltr'><strong>in</strong></span> <span class='ocrx_word' id='word_1_163' title='bbox 607 1625 753 1675; x_wconf 87' lang='lat' dir='ltr'><strong>AEquis</strong></span> <span class='ocrx_word' id='word_1_164' title='bbox 784 1626 894 1663; x_wconf 88' lang='lat' dir='ltr'><strong>varie</strong></span> <span class='ocrx_word' id='word_1_165' title='bbox 935 1626 1139 1672; x_wconf 88' lang='lat' dir='ltr'><strong>bellatum,</strong></span> <span class='ocrx_word' id='word_1_166' title='bbox 1185 1626 1284 1663; x_wconf 83' lang='lat' dir='ltr'><strong>adeo</strong></span> <span class='ocrx_word' id='word_1_167' title='bbox 1322 1630 1367 1663; x_wconf 89' lang='lat' dir='ltr'><strong>ut</strong></span> <span class='ocrx_word' id='word_1_168' title='bbox 1398 1626 1439 1663; x_wconf 91' lang='lat' dir='ltr'><strong>in</strong></span> <span class='ocrx_word' id='word_1_169' title='bbox 1472 1626 1530 1663; x_wconf 89' lang='lat' dir='ltr'><strong>in-</strong></span> 
     </span>
     <span class='ocr_line' id='line_1_22' title="bbox 83 1696 1530 1747; baseline 0.002 -14"><span class='ocrx_word' id='word_1_170' title='bbox 83 1700 191 1734; x_wconf 87' lang='lat' dir='ltr'><strong>certo</strong></span> <span class='ocrx_word' id='word_1_171' title='bbox 223 1696 345 1733; x_wconf 87' lang='lat' dir='ltr'><strong>fuerit</strong></span> <span class='ocrx_word' id='word_1_172' title='bbox 377 1699 416 1733; x_wconf 91' lang='lat' dir='ltr'><strong>et</strong></span> <span class='ocrx_word' id='word_1_173' title='bbox 441 1696 547 1746; x_wconf 81' lang='lat' dir='ltr'><strong>apud</strong></span> <span class='ocrx_word' id='word_1_174' title='bbox 574 1697 681 1747; x_wconf 91' lang='lat' dir='ltr'><strong>ipsos</strong></span> <span class='ocrx_word' id='word_1_175' title='bbox 705 1698 908 1735; x_wconf 86' lang='lat' dir='ltr'><strong>exercitus</strong></span> <span class='ocrx_word' id='word_1_176' title='bbox 933 1703 972 1735; x_wconf 90' lang='lat' dir='ltr'><strong>et</strong></span> <span class='ocrx_word' id='word_1_177' title='bbox 988 1698 1140 1744; x_wconf 86' lang='lat' dir='ltr'><strong>Romae,</strong></span> <span class='ocrx_word' id='word_1_178' title='bbox 1170 1698 1363 1737; x_wconf 83' lang='lat' dir='ltr'><strong>vicissent</strong></span> <span class='ocrx_word' id='word_1_179' title='bbox 1377 1699 1530 1736; x_wconf 80' lang='lat' dir='ltr'><strong>victine</strong></span> 
     </span>
     <span class='ocr_line' id='line_1_23' title="bbox 84 1767 1571 1817; baseline 0.003 -13"><span class='ocrx_word' id='word_1_180' title='bbox 84 1771 225 1805; x_wconf 85' lang='lat' dir='ltr'><strong>essent.</strong></span> <span class='ocrx_word' id='word_1_181' title='bbox 284 1767 553 1817; x_wconf 86' lang='lat' dir='ltr'><strong>Imperatores</strong></span> <span class='ocrx_word' id='word_1_182' title='bbox 592 1769 764 1806; x_wconf 78' lang='lat' dir='ltr'><strong>Romani</strong></span> <span class='ocrx_word' id='word_1_183' title='bbox 809 1771 921 1808; x_wconf 85' lang='lat' dir='ltr'><strong>fuere</strong></span> <span class='ocrx_word' id='word_1_184' title='bbox 967 1784 1016 1807; x_wconf 91' lang='lat' dir='ltr'><strong>ex</strong></span> <span class='ocrx_word' id='word_1_185' title='bbox 1062 1770 1238 1808; x_wconf 88' lang='lat' dir='ltr'><strong>tribunis</strong></span> <span class='ocrx_word' id='word_1_186' title='bbox 1279 1770 1452 1807; x_wconf 87' lang='lat' dir='ltr'><strong>militum</strong></span> <span class='ocrx_word' id='word_1_187' title='bbox 1485 1770 1571 1810; x_wconf 77' lang='lat' dir='ltr'><strong>0.ss</strong></span> 
     </span>
     <span class='ocr_line' id='line_1_24' title="bbox 83 1838 1531 1891; baseline 0.003 -15"><span class='ocrx_word' id='word_1_188' title='bbox 83 1839 287 1886; x_wconf 83' lang='lat' dir='ltr'><strong>AEmilius,</strong></span> <span class='ocrx_word' id='word_1_189' title='bbox 320 1838 387 1890; x_wconf 87' lang='lat' dir='ltr'><strong>Sp.</strong></span> <span class='ocrx_word' id='word_1_190' title='bbox 419 1840 662 1879; x_wconf 88' lang='lat' dir='ltr'><strong>Postumius.</strong></span> <span class='ocrx_word' id='word_1_191' title='bbox 722 1842 859 1879; x_wconf 87' lang='lat' dir='ltr'><strong>Primo</strong></span> <span class='ocrx_word' id='word_1_192' title='bbox 894 1856 977 1880; x_wconf 89' lang='lat' dir='ltr'><strong>rem</strong></span> <span class='ocrx_word' id='word_1_193' title='bbox 1011 1843 1273 1880; x_wconf 89' lang='lat' dir='ltr'><strong>communiter</strong></span> <span class='ocrx_word' id='word_1_194' title='bbox 1303 1846 1531 1891; x_wconf 89' lang='lat' dir='ltr'><strong>gesserunt;</strong></span> 
     </span>
     <span class='ocr_line' id='line_1_25' title="bbox 85 1911 1532 1964; baseline 0.003 -16"><span class='ocrx_word' id='word_1_195' title='bbox 85 1912 184 1950; x_wconf 89' lang='lat' dir='ltr'><strong>fusis</strong></span> <span class='ocrx_word' id='word_1_196' title='bbox 201 1911 296 1950; x_wconf 91' lang='lat' dir='ltr'><strong>inde</strong></span> <span class='ocrx_word' id='word_1_197' title='bbox 312 1913 398 1950; x_wconf 88' lang='lat' dir='ltr'><strong>acie</strong></span> <span class='ocrx_word' id='word_1_198' title='bbox 414 1912 607 1959; x_wconf 80' lang='lat' dir='ltr'><strong>hostibus,</strong></span> <span class='ocrx_word' id='word_1_199' title='bbox 631 1914 841 1951; x_wconf 88' lang='lat' dir='ltr'><strong>AEmilium</strong></span> <span class='ocrx_word' id='word_1_200' title='bbox 859 1914 1048 1964; x_wconf 85' lang='lat' dir='ltr'><strong>praesidio</strong></span> <span class='ocrx_word' id='word_1_201' title='bbox 1066 1914 1333 1963; x_wconf 87' lang='lat' dir='ltr'><strong>Verruginem</strong></span> <span class='ocrx_word' id='word_1_202' title='bbox 1352 1915 1532 1953; x_wconf 87' lang='lat' dir='ltr'><strong>obtinere</strong></span> 
     </span>
     <span class='ocr_line' id='line_1_26' title="bbox 82 1983 1570 2037; baseline 0.001 -16"><span class='ocrx_word' id='word_1_203' title='bbox 82 1983 248 2034; x_wconf 83' lang='lat' dir='ltr'><strong>placuit,</strong></span> <span class='ocrx_word' id='word_1_204' title='bbox 288 1983 540 2022; x_wconf 87' lang='lat' dir='ltr'><strong>Postumium</strong></span> <span class='ocrx_word' id='word_1_205' title='bbox 581 1985 678 2023; x_wconf 91' lang='lat' dir='ltr'><strong>fines</strong></span> <span class='ocrx_word' id='word_1_206' title='bbox 716 1990 885 2025; x_wconf 85' lang='lat' dir='ltr'><strong>vastare.</strong></span> <span class='ocrx_word' id='word_1_207' title='bbox 947 1986 1014 2024; x_wconf 92' lang='lat' dir='ltr'><strong>Ibi</strong></span> <span class='ocrx_word' id='word_1_208' title='bbox 1046 2000 1134 2024; x_wconf 91' lang='lat' dir='ltr'><strong>eum</strong></span> <span class='ocrx_word' id='word_1_209' title='bbox 1166 1987 1430 2036; x_wconf 87' lang='lat' dir='ltr'><strong>incomposito</strong></span> <span class='ocrx_word' id='word_1_210' title='bbox 1461 2001 1528 2037; x_wconf 89' lang='lat' dir='ltr'><strong>ag·</strong></span> <span class='ocrx_word' id='word_1_211' title='bbox 1549 1988 1570 2022; x_wconf 82' lang='lat'><strong>7</strong></span> 
     </span>
     <span class='ocr_line' id='line_1_27' title="bbox 86 2055 1530 2109; baseline 0.003 -17"><span class='ocrx_word' id='word_1_212' title='bbox 86 2055 191 2093; x_wconf 92' lang='lat' dir='ltr'><strong>mine</strong></span> <span class='ocrx_word' id='word_1_213' title='bbox 224 2056 494 2105; x_wconf 90' lang='lat' dir='ltr'><strong>negligentius</strong></span> <span class='ocrx_word' id='word_1_214' title='bbox 526 2058 576 2095; x_wconf 88' lang='lat' dir='ltr'><strong>ab</strong></span> <span class='ocrx_word' id='word_1_215' title='bbox 608 2072 650 2095; x_wconf 88' lang='lat' dir='ltr'><strong>re</strong></span> <span class='ocrx_word' id='word_1_216' title='bbox 681 2058 780 2095; x_wconf 89' lang='lat' dir='ltr'><strong>bene</strong></span> <span class='ocrx_word' id='word_1_217' title='bbox 812 2062 925 2107; x_wconf 85' lang='lat' dir='ltr'><strong>gesta</strong></span> <span class='ocrx_word' id='word_1_218' title='bbox 956 2063 1114 2096; x_wconf 88' lang='lat' dir='ltr'><strong>euntem</strong></span> <span class='ocrx_word' id='word_1_219' title='bbox 1133 2058 1264 2097; x_wconf 88' lang='lat' dir='ltr'><strong>adorti</strong></span> <span class='ocrx_word' id='word_1_220' title='bbox 1283 2058 1420 2109; x_wconf 87' lang='lat' dir='ltr'><strong>AEqui,</strong></span> <span class='ocrx_word' id='word_1_221' title='bbox 1451 2063 1530 2097; x_wconf 87' lang='lat' dir='ltr'><strong>ter-</strong></span> 
     </span>
     <span class='ocr_line' id='line_1_28' title="bbox 85 2127 1530 2181; baseline 0.003 -17"><span class='ocrx_word' id='word_1_222' title='bbox 85 2140 176 2164; x_wconf 88' lang='lat' dir='ltr'><strong>rore</strong></span> <span class='ocrx_word' id='word_1_223' title='bbox 208 2127 369 2175; x_wconf 85' lang='lat' dir='ltr'><strong>iniecto,</strong></span> <span class='ocrx_word' id='word_1_224' title='bbox 402 2128 442 2165; x_wconf 92' lang='lat' dir='ltr'><strong>in</strong></span> <span class='ocrx_word' id='word_1_225' title='bbox 473 2130 674 2179; x_wconf 87' lang='lat' dir='ltr'><strong>proximos</strong></span> <span class='ocrx_word' id='word_1_226' title='bbox 707 2131 935 2180; x_wconf 82' lang='lat' dir='ltr'><strong>compulere</strong></span> <span class='ocrx_word' id='word_1_227' title='bbox 966 2131 1159 2178; x_wconf 82' lang='lat' dir='ltr'><strong>tumulos;</strong></span> <span class='ocrx_word' id='word_1_228' title='bbox 1199 2145 1403 2181; x_wconf 83' lang='lat' dir='ltr'><strong>pavorque</strong></span> <span class='ocrx_word' id='word_1_229' title='bbox 1436 2131 1530 2169; x_wconf 89' lang='lat' dir='ltr'><strong>inde</strong></span> 
     </span>
     <span class='ocr_line' id='line_1_29' title="bbox 84 2198 1570 2253; baseline 0.004 -17"><span class='ocrx_word' id='word_1_230' title='bbox 84 2198 357 2249; x_wconf 84' lang='lat' dir='ltr'><strong>Verruginem</strong></span> <span class='ocrx_word' id='word_1_231' title='bbox 397 2200 515 2238; x_wconf 85' lang='lat' dir='ltr'><strong>etiam</strong></span> <span class='ocrx_word' id='word_1_232' title='bbox 555 2201 605 2238; x_wconf 89' lang='lat' dir='ltr'><strong>ad</strong></span> <span class='ocrx_word' id='word_1_233' title='bbox 643 2202 877 2252; x_wconf 85' lang='lat' dir='ltr'><strong>praesidium</strong></span> <span class='ocrx_word' id='word_1_234' title='bbox 910 2203 1079 2240; x_wconf 86' lang='lat' dir='ltr'><strong>alterum</strong></span> <span class='ocrx_word' id='word_1_235' title='bbox 1111 2207 1170 2241; x_wconf 92' lang='lat' dir='ltr'><strong>est</strong></span> <span class='ocrx_word' id='word_1_236' title='bbox 1200 2204 1389 2253; x_wconf 86' lang='lat' dir='ltr'><strong>perlatus.</strong></span> <span class='ocrx_word' id='word_1_237' title='bbox 1451 2204 1570 2242; x_wconf 87' lang='lat' dir='ltr'><strong>Po·8</strong></span> 
     </span>
     <span class='ocr_line' id='line_1_30' title="bbox 83 2271 1528 2325; baseline 0.004 -17"><span class='ocrx_word' id='word_1_238' title='bbox 83 2271 266 2318; x_wconf 85' lang='lat' dir='ltr'><strong>stumius,</strong></span> <span class='ocrx_word' id='word_1_239' title='bbox 297 2272 378 2309; x_wconf 87' lang='lat' dir='ltr'><strong>suis</strong></span> <span class='ocrx_word' id='word_1_240' title='bbox 410 2272 453 2310; x_wconf 89' lang='lat' dir='ltr'><strong>in</strong></span> <span class='ocrx_word' id='word_1_241' title='bbox 483 2276 613 2310; x_wconf 84' lang='lat' dir='ltr'><strong>tutum</strong></span> <span class='ocrx_word' id='word_1_242' title='bbox 645 2274 828 2324; x_wconf 88' lang='lat' dir='ltr'><strong>receptis,</strong></span> <span class='ocrx_word' id='word_1_243' title='bbox 859 2288 980 2325; x_wconf 89' lang='lat' dir='ltr'><strong>quum</strong></span> <span class='ocrx_word' id='word_1_244' title='bbox 1012 2277 1196 2314; x_wconf 88' lang='lat' dir='ltr'><strong>contione</strong></span> <span class='ocrx_word' id='word_1_245' title='bbox 1230 2275 1426 2313; x_wconf 84' lang='lat' dir='ltr'><strong>advocata</strong></span> <span class='ocrx_word' id='word_1_246' title='bbox 1452 2279 1528 2314; x_wconf 87' lang='lat' dir='ltr'><strong>ter-</strong></span> 
     </span>
     <span class='ocr_line' id='line_1_31' title="bbox 85 2343 1528 2397; baseline 0.003 -17"><span class='ocrx_word' id='word_1_247' title='bbox 85 2355 215 2381; x_wconf 88' lang='lat' dir='ltr'><strong>rorem</strong></span> <span class='ocrx_word' id='word_1_248' title='bbox 249 2343 477 2394; x_wconf 88' lang='lat' dir='ltr'><strong>increparet</strong></span> <span class='ocrx_word' id='word_1_249' title='bbox 507 2358 551 2382; x_wconf 89' lang='lat' dir='ltr'><strong>ac</strong></span> <span class='ocrx_word' id='word_1_250' title='bbox 582 2346 730 2395; x_wconf 86' lang='lat' dir='ltr'><strong>fugam,</strong></span> <span class='ocrx_word' id='word_1_251' title='bbox 761 2347 868 2384; x_wconf 87' lang='lat' dir='ltr'><strong>fusos</strong></span> <span class='ocrx_word' id='word_1_252' title='bbox 900 2360 984 2385; x_wconf 88' lang='lat' dir='ltr'><strong>esse</strong></span> <span class='ocrx_word' id='word_1_253' title='bbox 1017 2347 1066 2385; x_wconf 89' lang='lat' dir='ltr'><strong>ab</strong></span> <span class='ocrx_word' id='word_1_254' title='bbox 1098 2347 1360 2397; x_wconf 87' lang='lat' dir='ltr'><strong>ignavissimo</strong></span> <span class='ocrx_word' id='word_1_255' title='bbox 1392 2361 1438 2385; x_wconf 83' lang='lat' dir='ltr'><strong>ac</strong></span> <span class='ocrx_word' id='word_1_256' title='bbox 1468 2348 1528 2384; x_wconf 90' lang='lat' dir='ltr'><strong>fu-</strong></span> 
     </span>
     <span class='ocr_line' id='line_1_32' title="bbox 85 2415 1530 2467; baseline 0.003 -15"><span class='ocrx_word' id='word_1_257' title='bbox 85 2415 295 2463; x_wconf 86' lang='lat' dir='ltr'><strong>gacissimo</strong></span> <span class='ocrx_word' id='word_1_258' title='bbox 326 2416 450 2463; x_wconf 86' lang='lat' dir='ltr'><strong>hoste,</strong></span> <span class='ocrx_word' id='word_1_259' title='bbox 493 2417 715 2456; x_wconf 81' lang='lat' dir='ltr'><strong>conclamat</strong></span> <span class='ocrx_word' id='word_1_260' title='bbox 745 2419 956 2457; x_wconf 88' lang='lat' dir='ltr'><strong>universus</strong></span> <span class='ocrx_word' id='word_1_261' title='bbox 988 2419 1200 2467; x_wconf 85' lang='lat' dir='ltr'><strong>exercitus,</strong></span> <span class='ocrx_word' id='word_1_262' title='bbox 1239 2421 1379 2457; x_wconf 88' lang='lat' dir='ltr'><strong>merito</strong></span> <span class='ocrx_word' id='word_1_263' title='bbox 1411 2433 1451 2457; x_wconf 87' lang='lat' dir='ltr'><strong>se</strong></span> <span class='ocrx_word' id='word_1_264' title='bbox 1483 2432 1530 2456; x_wconf 83' lang='lat' dir='ltr'><strong>ea</strong></span> 
     </span>
     <span class='ocr_line' id='line_1_33' title="bbox 83 2486 1530 2539; baseline 0.003 -15"><span class='ocrx_word' id='word_1_265' title='bbox 83 2486 226 2526; x_wconf 87' lang='lat' dir='ltr'><strong>audire</strong></span> <span class='ocrx_word' id='word_1_266' title='bbox 258 2492 297 2526; x_wconf 86' lang='lat' dir='ltr'><strong>et</strong></span> <span class='ocrx_word' id='word_1_267' title='bbox 326 2489 445 2527; x_wconf 86' lang='lat' dir='ltr'><strong>fateri</strong></span> <span class='ocrx_word' id='word_1_268' title='bbox 475 2489 691 2527; x_wconf 89' lang='lat' dir='ltr'><strong>admissum</strong></span> <span class='ocrx_word' id='word_1_269' title='bbox 722 2489 930 2539; x_wconf 86' lang='lat' dir='ltr'><strong>flagitium,</strong></span> <span class='ocrx_word' id='word_1_270' title='bbox 976 2491 1045 2529; x_wconf 88' lang='lat' dir='ltr'><strong>sed</strong></span> <span class='ocrx_word' id='word_1_271' title='bbox 1083 2492 1242 2530; x_wconf 90' lang='lat' dir='ltr'><strong>eosdem</strong></span> <span class='ocrx_word' id='word_1_272' title='bbox 1282 2495 1530 2529; x_wconf 86' lang='lat' dir='ltr'><strong>correcturos</strong></span> 
     </span>
     <span class='ocr_line' id='line_1_34' title="bbox 85 2561 1567 2612; baseline 0.003 -16"><span class='ocrx_word' id='word_1_273' title='bbox 85 2571 182 2606; x_wconf 86' lang='lat' dir='ltr'><strong>esse,</strong></span> <span class='ocrx_word' id='word_1_274' title='bbox 213 2573 342 2610; x_wconf 88' lang='lat' dir='ltr'><strong>neque</strong></span> <span class='ocrx_word' id='word_1_275' title='bbox 374 2561 606 2599; x_wconf 88' lang='lat' dir='ltr'><strong>diuturnum</strong></span> <span class='ocrx_word' id='word_1_276' title='bbox 638 2561 682 2599; x_wconf 90' lang='lat' dir='ltr'><strong>id</strong></span> <span class='ocrx_word' id='word_1_277' title='bbox 713 2562 904 2612; x_wconf 88' lang='lat' dir='ltr'><strong>gaudium</strong></span> <span class='ocrx_word' id='word_1_278' title='bbox 936 2563 1119 2602; x_wconf 89' lang='lat' dir='ltr'><strong>hostibus</strong></span> <span class='ocrx_word' id='word_1_279' title='bbox 1149 2564 1248 2602; x_wconf 87' lang='lat' dir='ltr'><strong>fore.</strong></span> <span class='ocrx_word' id='word_1_280' title='bbox 1297 2563 1567 2611; x_wconf 86' lang='lat' dir='ltr'><strong>Poscentes,9</strong></span> 
     </span>
     <span class='ocr_line' id='line_1_35' title="bbox 86 2632 1530 2685; baseline 0.003 -18"><span class='ocrx_word' id='word_1_281' title='bbox 86 2635 132 2668; x_wconf 88' lang='lat' dir='ltr'><strong>ut</strong></span> <span class='ocrx_word' id='word_1_282' title='bbox 162 2632 371 2670; x_wconf 87' lang='lat' dir='ltr'><strong>confestim</strong></span> <span class='ocrx_word' id='word_1_283' title='bbox 405 2633 498 2671; x_wconf 90' lang='lat' dir='ltr'><strong>inde</strong></span> <span class='ocrx_word' id='word_1_284' title='bbox 530 2633 580 2670; x_wconf 90' lang='lat' dir='ltr'><strong>ad</strong></span> <span class='ocrx_word' id='word_1_285' title='bbox 612 2637 743 2671; x_wconf 85' lang='lat' dir='ltr'><strong>castra</strong></span> <span class='ocrx_word' id='word_1_286' title='bbox 773 2634 947 2672; x_wconf 88' lang='lat' dir='ltr'><strong>hostium</strong></span> <span class='ocrx_word' id='word_1_287' title='bbox 979 2635 1144 2673; x_wconf 87' lang='lat' dir='ltr'><strong>duceret</strong></span> <span class='ocrx_word' id='word_1_288' title='bbox 1168 2636 1225 2684; x_wconf 86' lang='lat' dir='ltr'><strong>(et</strong></span> <span class='ocrx_word' id='word_1_289' title='bbox 1249 2635 1290 2672; x_wconf 93' lang='lat' dir='ltr'><strong>in</strong></span> <span class='ocrx_word' id='word_1_290' title='bbox 1316 2638 1530 2685; x_wconf 85' lang='lat' dir='ltr'><strong>conspectu</strong></span> 
     </span>
     <span class='ocr_line' id='line_1_36' title="bbox 84 2705 1529 2757; baseline 0.005 -18"><span class='ocrx_word' id='word_1_291' title='bbox 84 2705 211 2750; x_wconf 86' lang='lat' dir='ltr'><strong>erant,</strong></span> <span class='ocrx_word' id='word_1_292' title='bbox 255 2705 388 2754; x_wconf 89' lang='lat' dir='ltr'><strong>posita</strong></span> <span class='ocrx_word' id='word_1_293' title='bbox 427 2705 468 2742; x_wconf 88' lang='lat' dir='ltr'><strong>in</strong></span> <span class='ocrx_word' id='word_1_294' title='bbox 506 2705 657 2756; x_wconf 88' lang='lat' dir='ltr'><strong>plano),</strong></span> <span class='ocrx_word' id='word_1_295' title='bbox 701 2705 808 2744; x_wconf 88' lang='lat' dir='ltr'><strong>nihil</strong></span> <span class='ocrx_word' id='word_1_296' title='bbox 847 2720 974 2757; x_wconf 87' lang='lat' dir='ltr'><strong>poenae</strong></span> <span class='ocrx_word' id='word_1_297' title='bbox 1006 2706 1257 2754; x_wconf 83' lang='lat' dir='ltr'><strong>recusabant,</strong></span> <span class='ocrx_word' id='word_1_298' title='bbox 1287 2707 1329 2744; x_wconf 90' lang='lat' dir='ltr'><strong>ni</strong></span> <span class='ocrx_word' id='word_1_299' title='bbox 1361 2721 1407 2744; x_wconf 90' lang='lat' dir='ltr'><strong>ea</strong></span> <span class='ocrx_word' id='word_1_300' title='bbox 1437 2710 1529 2746; x_wconf 85' lang='lat' dir='ltr'><strong>ante</strong></span> 
     </span>
    </p>
   </div>
  </div>
 </body>
</html>
