1821 2928
373 179 426 216 86
816 190 904 216 Liber
922 191 990 215 vn.
1027 190 1074 219 (A.
1094 198 1121 216 u.
1141 197 1165 216 c.
1184 191 1255 220 411.)

314 307 505 353 perpetuo
536 304 717 353 fossaque
747 318 818 343 nos
848 309 1062 355 saepturum
1093 305 1256 353 hostem,
1287 306 1355 355 qui
1379 317 1481 343 nunc
1508 303 1743 354 corporibus

316 373 398 409 suis
431 372 620 409 subiectis
651 373 828 422 undique
860 374 1039 420 cinxerit,
1069 377 1114 411 ut
1143 374 1300 421 videtis,
1332 372 1502 412 collem?
1547 371 1679 422 Atqui
1709 371 1743 409 si

318 454 395 478 nox
435 444 660 490 opportuna
699 445 757 478 est
797 442 1008 492 eruptioni,
1039 442 1142 479 sicut
1179 445 1254 489 est,
1285 442 1369 479 haec
1409 441 1586 492 profecto
1616 439 1745 478 noctis

249 507 296 544 11
318 508 523 558 aptissima
560 509 657 546 hora
695 513 763 547 est.
803 509 925 559 Signo
957 510 1139 547 secundae
1168 510 1322 559 vigiliae
1355 509 1606 556 convenistis,
1638 507 1745 558 quod

315 580 473 626 tempus
503 578 691 615 mortales
722 592 857 616 somno
888 578 1080 615 altissimo
1112 578 1273 627 premit3
1311 592 1381 627 per
1419 590 1585 627 corpora
1616 575 1745 626 sopita

319 645 484 692 vadetis,
513 646 576 682 vel
607 646 766 683 silentio
799 646 976 684 incautos
999 646 1181 683 fallentes
1211 647 1273 683 vel
1296 646 1558 683 sentientibus
1575 645 1746 682 clamore

253 712 301 748 12
321 713 451 750 subito
482 727 669 762 pavorem
708 714 904 752 iniecturi.
963 715 1029 752 Me
1067 715 1183 752 modo
1214 715 1439 764 sequimini,
1477 727 1592 763 quem
1623 711 1747 750 secuti

320 781 431 827 estis;
462 795 534 830 ego
566 782 741 829 eandem,
773 796 860 832 quae
893 784 1006 821 duxit
1036 784 1123 830 huc,
1155 797 1297 833 sequar
1327 783 1536 820 fortunam.
1591 781 1747 828 Quibus

318 849 400 886 haec
433 851 625 888 salutaria
639 851 838 898 videntur,
869 852 976 900 agite
993 852 1096 899 dum,
1127 852 1168 888 in
1195 852 1374 889 dextram
1399 854 1553 901 partem
1578 848 1747 900 pedibus

186 912 243 959 3ss
317 918 521 954 transite.“
600 917 745 957 Omnes
788 921 1047 967 transierunt,
1091 920 1378 969 vadentemque
1416 932 1486 968 per
1524 917 1748 955 intermissa

279 985 302 1021 2
323 985 512 1022 custodiis
544 986 629 1024 loca
660 987 832 1025 Decium
862 989 987 1026 secuti
1018 992 1120 1026 sunt.
1178 988 1265 1026 Iam
1296 991 1503 1026 evaserant
1531 985 1663 1023 media
1687 997 1747 1022 ca-

322 1057 414 1099 stra,
447 1067 567 1103 quum
597 1057 910 1104 superscandens
933 1057 1100 1105 vigilum
1131 1060 1258 1095 strata
1288 1070 1422 1095 somno
1454 1067 1621 1105 corpora
1636 1052 1748 1090 miles

322 1121 467 1160 offenso
513 1127 624 1160 scuto
662 1125 835 1174 praebuit
878 1126 1067 1173 sonitum;
1121 1139 1198 1175 quo
1244 1126 1439 1163 excitatus
1482 1122 1584 1171 vigil
1628 1133 1749 1171 quum

321 1190 548 1239 proximum
585 1193 772 1230 movisset
803 1194 1002 1244 erectique
1039 1194 1139 1231 alios
1179 1193 1435 1238 concitarent,
1472 1191 1615 1241 ignari,
1646 1189 1749 1227 cives

322 1272 373 1295 an
404 1259 536 1296 hostes
568 1264 706 1307 essent,
747 1262 979 1311 praesidium
1019 1265 1243 1312 erumperet
1280 1275 1329 1299 an
1361 1261 1497 1298 consul
1528 1262 1658 1297 castra
1690 1270 1748 1295 ce-

282 1327 306 1363 3
325 1326 458 1376 pisset,
489 1328 650 1376 Decius,
683 1331 869 1378 quoniam
899 1344 976 1367 non
1001 1330 1196 1377 fallerent,
1227 1330 1438 1367 clamorem
1466 1328 1610 1366 tollere
1634 1325 1749 1364 iussis

323 1395 531 1443 militibus,
561 1398 742 1447 torpidos
773 1412 908 1436 somno
940 1399 1101 1448 insuper
1132 1412 1278 1448 pavore
1309 1397 1518 1443 exanimat,
1550 1408 1628 1445 quo
1651 1406 1750 1444 prae-

323 1463 452 1512 pediti
490 1479 561 1502 nec
602 1479 710 1503 arma
751 1467 920 1516 impigre
961 1481 1100 1517 capere
1145 1481 1216 1504 nec
1261 1466 1450 1504 obsistere
1486 1478 1557 1502 nec
1595 1461 1751 1511 insequi

283 1530 520 1580 4poterant.
579 1533 692 1571 Inter
721 1535 1029 1584 trepidationem
1059 1536 1353 1585 tumultumque
1384 1533 1622 1571 Samnitium
1651 1542 1750 1580 prae-

324 1599 469 1636 sidium
500 1600 736 1649 Romanum,
768 1603 895 1640 obviis
925 1604 1156 1641 custodibus
1188 1603 1309 1649 caesis,
1340 1602 1390 1640 ad
1421 1604 1550 1639 castra
1580 1597 1752 1637 consulis

326 1668 520 1716 pervadit.

286 1734 309 1771 5
441 1736 708 1786 Aliquantum
739 1742 945 1789 supererat
976 1739 1114 1786 noctis,
1146 1739 1301 1788 iamque
1332 1738 1373 1774 in
1402 1740 1490 1774 tuto
1511 1735 1752 1773 videbantur

324 1818 418 1850 esse,
450 1818 570 1854 quum
601 1806 751 1843 Decius
785 1807 942 1853 „Macte
978 1808 1150 1845 virtute*
1185 1806 1336 1856 inquit,
1369 1804 1540 1852 „milites
1570 1801 1753 1848 Romani,

328 1877 419 1910 este.
471 1873 659 1911 Vestrum
690 1875 765 1912 iter
796 1889 840 1913 ac
871 1875 1043 1913 reditum
1075 1875 1206 1913 omnia
1236 1874 1380 1911 saecula
1406 1872 1592 1910 laudibus
1607 1871 1752 1915 ferent3

285 1939 308 1975 6
328 1942 396 1978 sed
427 1942 478 1979 ad
509 1943 828 1993 conspiciendam
857 1947 1010 1981 tantam
1040 1943 1229 1981 virtut-em
1259 1943 1346 1979 luce
1377 1954 1422 1978 ac
1453 1940 1516 1977 die
1555 1953 1654 1990 opus
1685 1940 1754 1985 est,

327 2022 399 2046 nec
428 2023 497 2047 vos
529 2011 642 2059 digni
673 2012 776 2059 estis,
808 2026 905 2062 quos
936 2025 1023 2050 cum
1052 2014 1165 2049 tanta
1195 2011 1322 2060 gloria
1360 2010 1401 2046 in
1432 2011 1560 2046 castra
1589 2007 1754 2065 reduces

288 2076 310 2111 7
329 2077 529 2115 silentium
561 2093 605 2116 ac
638 2093 716 2117 nox
745 2083 866 2129 tegat.
926 2081 1005 2118 Hic
1036 2080 1163 2117 lucem
1195 2079 1320 2128 quieti
1336 2077 1622 2127 oppe1·iemur.“
1656 2074 1754 2112 Dic-

325 2146 379 2184 tis
411 2146 743 2196 obtemperatum;
775 2152 894 2198 atque
925 2150 994 2186 ubi
1017 2149 1188 2199 primum
1214 2147 1360 2192 illuxit,
1390 2144 1592 2195 praemisso
1614 2141 1754 2180 nuntio

328 2216 380 2254 ad
421 2216 639 2262 consulem,
681 2220 810 2254 castra
848 2217 1001 2266 ingenti
1039 2216 1185 2265 gaudio
1226 2215 1490 2260 concitantur,
1528 2215 1576 2258 et,
1605 2214 1755 2248 tessera

328 2284 435 2332 data,
472 2284 687 2321 incolumes
724 2286 882 2332 reverti,
922 2286 990 2334 qui
1021 2298 1091 2321 sua
1123 2296 1290 2333 corpora
1320 2295 1392 2332 pro
1423 2281 1551 2319 salute
1583 2278 1755 2317 omnium

328 2353 438 2390 haud
470 2352 591 2389 dubio
622 2353 801 2401 periculo
833 2353 1080 2399 obiecissent,
1110 2364 1183 2401 pro
1214 2365 1254 2388 se
1285 2350 1454 2400 quisque
1471 2348 1628 2386 obviam
1643 2345 1756 2384 effusi

329 2420 514 2467 laudant,
552 2421 825 2470 gratulantur,
863 2421 1040 2469 singulos
1077 2420 1360 2468 universosque
1405 2420 1625 2455 servatores
1665 2426 1755 2451 suos

329 2492 482 2535 vocant,
514 2489 575 2526 dis
606 2488 745 2526 laudes
767 2492 979 2538 gratesque
1005 2491 1140 2537 agunt,
1171 2487 1342 2524 Decium
1374 2486 1414 2522 in
1445 2484 1583 2522 caelum
1611 2482 1757 2519 ferunt.

287 2555 411 2594 8Hic
451 2557 569 2594 Decii
607 2558 817 2594 castrensis
853 2557 1079 2606 triumphus
1122 2556 1216 2601 fuit,
1254 2553 1473 2591 incedentis
1511 2564 1581 2601 per
1625 2549 1756 2587 media

331 2628 460 2662 castra
491 2639 576 2662 cum
609 2628 759 2663 armato
791 2624 989 2675 praesidio,
1021 2623 1208 2662 coniectis
1239 2622 1279 2658 in
1311 2634 1399 2658 eum
1423 2619 1596 2657 omnium
1621 2616 1757 2663 oculis,
