1821 2928
326 171 376 208 92
777 180 865 205 Liber
883 179 950 204 vn
989 179 1035 207 (A.
1055 187 1082 205 u.
1103 187 1127 205 e.
1147 180 1218 208 412.)

269 309 366 345 quos
383 295 559 341 cernitis,
575 295 716 344 patriae
727 299 868 332 vestrae
882 308 975 339 esse,
993 294 1025 331 si
1043 294 1146 331 hunc
1159 295 1376 332 exercitum
1390 293 1536 331 civium
1548 296 1698 332 vestro-

267 377 364 407 rum,
396 364 429 401 si
457 377 516 400 me
543 364 744 400 consulem
772 367 957 409 vestrum,
990 362 1101 399 cuius
1128 362 1249 400 ductu
1275 362 1535 412 auspicioque
1562 362 1698 412 priore

232 433 251 468 7
271 445 372 469 anno
391 432 453 468 bis
471 431 648 479 legiones
666 430 908 469 Samnitium
926 431 1100 477 fudistis,
1124 430 1186 467 bis
1204 435 1332 469 castra
1348 431 1388 468 vi
1407 430 1579 481 cepistis.
1609 430 1699 479 Ego

267 514 350 537 sum
369 500 421 537 M.
440 499 628 537 Valerius
647 499 810 546 Corvus,
827 500 987 546 milites,
1006 498 1118 535 cuius
1134 512 1204 536 vos
1221 499 1474 536 nobilitatem
1491 498 1698 536 beneficiis

269 582 363 617 erga
392 582 473 613 vos,
504 581 584 605 non
616 568 778 605 iniuriis
811 567 1002 613 sensistis,
1033 566 1183 603 nullius
1214 566 1396 616 superbae
1428 567 1469 604 in
1486 580 1556 604 vos
1587 567 1700 616 legis,

268 637 418 673 nullius
431 636 604 674 crudelis
621 641 780 674 senatus
794 636 966 673 consulti
980 640 1128 681 auctor,
1147 635 1188 672 in
1201 635 1385 672 omnibus
1402 635 1499 673 meis
1516 635 1699 685 imperiis

228 705 310 743 Sin
351 719 410 742 me
451 706 627 743 severior
668 719 786 755 quam
828 705 869 741 in
899 718 978 742 vos.
1038 704 1101 741 Ac
1134 704 1167 740 si
1198 703 1261 741 eui
1293 717 1428 752 genus,
1468 703 1501 740 si
1534 703 1598 740 cui
1630 716 1699 740 sua

269 774 408 820 virtus,
441 774 473 811 si
507 774 569 811 cui
601 774 721 811 etiam
752 774 947 819 maiestas,
979 773 1013 809 si
1041 773 1105 809 cui
1136 772 1306 809 honores
1337 772 1504 809 subdere
1535 771 1701 821 spiritus

270 845 496 891 potuerunt,
529 842 578 878 iis
603 855 709 879 eram
741 846 867 887 natus,
899 842 942 878 id
966 840 1166 890 specimen
1189 840 1266 877 mei
1292 840 1490 886 dederam,
1521 853 1566 878 ea
1583 843 1700 877 aetate

270 911 516 947 consulatum
549 911 716 960 adeptus
748 924 866 957 eram,
904 914 949 946 ut-
986 909 1185 958 potuerim
1214 912 1296 945 tres
1328 910 1367 944 et
1395 908 1545 956 viginti
1576 921 1702 945 annos

268 983 384 1016 natus
415 980 553 1016 consul
593 979 776 1029 patribus
808 991 964 1028 quoque
1006 978 1117 1014 ferox
1155 990 1249 1023 esse,
1294 989 1374 1013 non
1414 976 1541 1013 solum
1580 975 1700 1025 plebi.

230 1046 252 1082 9
271 1047 388 1094 Quod
421 1061 549 1084 meum
580 1047 728 1084 factum
760 1047 960 1083 dictumve
994 1045 1165 1083 consulis
1204 1045 1364 1094 gravius
1396 1058 1514 1094 quam
1543 1043 1702 1081 tribuni

269 1115 468 1152 audistis?
535 1115 686 1153 Eodem
726 1119 864 1152 tenore
907 1115 983 1152 duo
1026 1115 1277 1163 insequentes
1319 1112 1546 1150 consulatus
1585 1111 1703 1161 gessi,

270 1183 407 1220 eodem
438 1184 521 1220 haec
553 1184 767 1233 imperiosa
799 1183 999 1220 dictatura
1030 1188 1206 1231 geretur3
1247 1195 1373 1230 neque
1412 1181 1454 1217 in
1494 1181 1564 1218 hos
1595 1193 1702 1217 meos

270 1254 309 1288 et
338 1251 479 1300 patriae
510 1265 604 1289 meae
644 1253 793 1289 milites
831 1252 970 1288 mitior
1009 1264 1127 1300 quam
1166 1250 1208 1286 in
1247 1263 1317 1286 vos
1356 1250 1513 1298 (horreo
1553 1248 1701 1298 dicere)

211 1320 260 1356 10
278 1319 408 1357 hostes
440 1334 517 1357 ero.
563 1320 646 1358 Vos
676 1320 789 1370 prius
821 1320 863 1357 in
894 1333 954 1356 me
986 1318 1232 1356 strinxeritis
1262 1318 1409 1354 ferrum
1426 1331 1544 1367 quam
1574 1317 1617 1354 in
1633 1329 1704 1354 vos

273 1401 365 1436 ego;
407 1388 527 1425 istinc
568 1389 681 1437 signa
713 1392 865 1434 canent,
908 1388 1026 1425 istinc
1058 1388 1208 1424 clamor
1238 1386 1348 1435 prius
1389 1385 1556 1435 incipiet
1585 1388 1704 1434 atque

207 1456 253 1492 11
275 1456 457 1505 impetus,
489 1457 523 1494 si
555 1456 828 1493 dimicandum
860 1461 928 1494 est.
974 1456 1162 1493 Inducite
1195 1455 1237 1491 in
1269 1455 1456 1501 animum,
1487 1453 1594 1503 quod
1625 1466 1704 1490 non

274 1524 521 1561 induxerunt
550 1528 683 1574 patres
701 1525 844 1574 avique
861 1525 994 1571 vestri,
1025 1538 1103 1561 non
1135 1523 1210 1570 illi,
1243 1523 1311 1572 qui
1344 1523 1385 1560 in
1403 1521 1568 1559 Sacrum
1595 1534 1704 1559 mon-

272 1595 350 1628 tem
384 1597 638 1639 secesserunt,
679 1607 757 1630 non
794 1593 854 1640 hi,
896 1593 965 1642 qui
1004 1596 1141 1641 postea
1172 1591 1420 1628 Aventinum
1461 1590 1704 1627 insederunt.

216 1660 262 1696 12
276 1659 526 1709 Exspectate,
572 1660 665 1697 dum
695 1661 809 1698 vobis
848 1660 1030 1709 singulis,
1075 1663 1119 1696 ut
1159 1660 1254 1696 olim
1287 1658 1513 1704 Coriolano,
1558 1660 1704 1695 matres

274 1728 543 1778 coniugesque
585 1729 763 1766 crinibus
805 1728 932 1778 passis
974 1728 1100 1766 obviae
1142 1727 1191 1765 ab
1233 1728 1330 1764 urbe
1367 1727 1542 1764 veniant.
1601 1724 1704 1762 Tum

277 1796 515 1834 Volscorum
556 1797 744 1846 legiones,
785 1797 878 1846 quia
908 1796 1131 1834 Romanum
1172 1794 1374 1832 habebant
1404 1795 1555 1841 ducem,
1595 1793 1702 1843 quie-

272 1869 432 1912 verunt3
470 1879 550 1912 vos,
588 1865 791 1902 Romanus
823 1865 1031 1911 exercitus,
1070 1878 1117 1901 ne
1150 1863 1389 1900 destiteritis
1428 1863 1552 1912 impio
1583 1861 1706 1899 bello.

208 1932 256 1969 13
275 1931 318 1969 Τ.
345 1933 524 1980 Quincti,
556 1946 790 1983 quocunque
822 1933 915 1970 istic
945 1933 1032 1970 loco
1065 1946 1133 1969 seu
1163 1932 1300 1969 volens
1331 1945 1399 1969 seu
1431 1931 1582 1968 invitus
1613 1943 1705 1967 con-

272 2001 423 2047 stitisti,
456 2002 489 2038 si
516 2001 787 2038 dimicandum
815 2001 902 2047 erit,
926 2004 1011 2037 tum
1042 2004 1087 2037 tu
1111 2000 1152 2037 in
1183 2000 1420 2038 novissimos
1443 2003 1482 2036 te
1513 1998 1703 2048 recipito;

272 2068 422 2116 fugeris
454 2069 573 2106 etiam
604 2070 808 2107 honest-ius
839 2073 1074 2118 tergumque
1092 2068 1171 2105 civi
1204 2068 1373 2115 dederis,
1404 2081 1521 2117 quam
1551 2080 1702 2117 pugna-

209 2136 258 2173 14
274 2137 380 2174 veris
421 2141 559 2175 contra
603 2138 787 2187 patriam.
847 2137 961 2175 Nunc
1008 2136 1059 2173 ad
1104 2135 1394 2185 pacificandum
1438 2136 1538 2172 bene
1583 2138 1702 2184 atque

271 2204 436 2242 honeste
468 2205 572 2242 inter
602 2206 753 2255 primos
784 2206 908 2243 stabis
940 2209 978 2242 et
995 2204 1190 2253 colloquii
1221 2204 1339 2241 huius
1363 2203 1549 2241 salutaris
1579 2203 1702 2240 inter-

272 2286 362 2322 pres
393 2273 527 2311 fueris.
586 2273 795 2311 Postulate
827 2286 939 2323 aequa
971 2276 1009 2309 et
1039 2272 1159 2317 ferte;
1200 2286 1425 2321 quanquam
1456 2272 1520 2309 vel
1551 2271 1701 2320 iniquis

273 2342 457 2379 standum
474 2345 532 2379 est
548 2341 693 2391 potius,
726 2355 843 2391 quam
875 2341 1021 2391 impias
1038 2341 1144 2377 inter
1167 2354 1239 2377 nos
1257 2353 1507 2378 conseramus
1524 2342 1698 2377 1113111153ι

204 2410 254 2447 15
272 2408 315 2446 Τ.
348 2409 562 2456 Quinctius
592 2409 733 2459 plenus
764 2409 1019 2446 lacrimarum
1051 2409 1101 2446 ad
1132 2422 1222 2447 suos
1252 2421 1388 2446 versus
1408 2408 1498 2454 „Me
1515 2410 1698 2457 quoque36

271 2477 413 2527 inquit,
449 2478 634 2523 ⁷,milites
676 2477 709 2514 si
742 2477 829 2526 quis
861 2490 953 2514 usus
985 2477 1061 2514 mei
1093 2480 1162 2523 est,
1202 2476 1411 2513 meliorem
1442 2475 1552 2525 pacis
1583 2488 1701 2524 quam

206 2547 256 2584 16
274 2545 371 2583 belli
404 2545 563 2583 habetis
595 2546 744 2583 ducem.
790 2545 881 2582 Non
899 2546 1003 2582 enim
1037 2545 1109 2582 illa
1126 2544 1242 2582 modo
1260 2543 1431 2582 Volscus
1449 2546 1517 2580 aut
1533 2541 1701 2589 Samnis,

272 2614 340 2650 sed
381 2614 586 2651 Romanus
625 2613 748 2651 verba
788 2613 893 2658 fecit,
938 2618 1069 2650 vester
1111 2613 1261 2659 consul,
1306 2615 1434 2650 vester
1474 2611 1702 2660 imperator,
