1821 2928
314 151 363 187 16
766 161 855 186 Liber
874 160 924 185 vx.
963 160 1009 188 (A.
1030 169 1057 186 u.
1078 169 1103 186 e.
1122 163 1192 190 36⁹.)

252 274 442 312 incolumi
466 288 513 311 ex
535 275 733 312 thesauris
752 274 932 321 Gallicis,
964 288 1062 324 quos
1086 275 1280 324 primores
1305 281 1465 326 patrum
1483 278 1692 326 occultent,

252 342 447 379 creditum
480 341 581 380 solvi
613 356 739 392 posse.
801 343 876 380 Cui
916 356 987 391 ego
1018 343 1077 380 rei
1114 347 1269 381 tantum
1303 346 1415 383 abest
1444 349 1489 382 ut
1525 346 1692 395 impedi-

251 414 382 448 mento
414 411 499 456 sim,
529 415 575 447 ut
606 416 745 448 contra
775 415 825 457 te,
865 411 920 448 M.
951 411 1092 458 Manli,
1133 413 1332 460 adhorter,
1373 413 1518 451 liberes
1558 415 1692 452 fenore

250 480 406 529 plebem
436 479 660 517 Roma-nam
701 484 739 516 et
780 480 878 517 istos
920 480 1154 517 incubantes
1195 482 1369 530 publicis
1406 482 1605 520 thesauris
1646 497 1692 520 ex

213 551 234 583 (5
254 548 390 596 praeda
422 548 670 585 clandestina
703 548 872 585 evolvas.
935 547 1054 594 Quod
1085 548 1163 585 nisi
1194 549 1304 596 facis,
1347 551 1428 588 sive
1460 554 1505 587 ut
1536 555 1576 588 et
1605 551 1692 601 ipse

251 615 291 652 in
323 619 435 664 parte
465 617 612 665 praedae
644 616 708 662 sis,
747 616 829 652 sive
862 615 955 664 quia
986 629 1133 652 vanum
1164 617 1355 654 indicium
1388 622 1458 665 est,
1489 618 1530 655 in
1560 619 1692 656 vincla

248 688 288 720 te
320 684 413 721 duci
443 684 589 722 iubebo
620 698 691 721 nec
726 684 876 721 diutius
908 684 1051 732 patiar,
1092 698 1114 721 a
1145 689 1184 721 te
1215 686 1515 724 multitudinem
1556 688 1691 725 fallaci

211 753 231 788 7
250 766 318 801 spe
351 753 580 790 6011611311.ιι
631 752 699 789 Ad
731 766 776 789 ea
806 752 982 788 Manlius
1014 766 1084 789 nec
1117 766 1156 790 se
1187 753 1375 791 fefellisse
1407 755 1473 802 ait,
1512 769 1590 793 non
1622 756 1690 793 ad-

246 835 383 858 versus
415 821 596 867 Volscos,
641 821 760 858 toties
792 821 934 865 hostes,
976 820 1130 869 quoties
1163 822 1346 870 patribus
1377 823 1575 872 expediat,
1619 837 1691 861 nec

247 890 436 926 adversus
460 890 628 927 Latinos
651 889 942 937 Hernicosque,
974 903 1072 937 qnos
1102 889 1213 926 falsis
1245 890 1478 928 criminibus
1509 891 1551 928 in
1582 906 1691 933 arma

247 962 380 1006 agant,
412 958 480 994 sed
505 957 695 994 adversus
713 971 752 994 se
770 972 814 994 ac
839 958 994 1006 plebem
1012 957 1235 994 Romanam
1259 957 1495 995 dictatorem
1513 962 1688 996 creatum

207 1024 350 1071 8esse3
396 1026 475 1063 iam
507 1026 650 1063 omisso
681 1026 797 1065 bello,
839 1026 946 1074 quod
984 1025 1213 1062 simulatum
1244 1026 1307 1071 sit,
1349 1026 1390 1062 in
1421 1040 1461 1063 se
1500 1027 1689 1076 impetum

245 1095 349 1141 fieri,
395 1095 473 1132 iam
516 1095 751 1132 dictatorem
792 1094 973 1143 profiteri
1013 1094 1283 1142 patrocinium
1321 1095 1591 1132 feneratorum
1622 1096 1689 1133 ad-

243 1176 380 1200 versus
420 1163 596 1212 plebem,
643 1163 721 1200 iam
763 1163 839 1200 sibi
883 1177 929 1200 ex
970 1163 1106 1199 favore
1147 1162 1419 1199 multitudinis
1461 1163 1611 1201 crimen
1652 1167 1690 1201 et

207 1229 463 1281 Opernieiem
494 1231 630 1280 quaeri.
694 1230 921 1277 ,Offendiff‘
957 1231 1089 1279 inquit·
1123 1234 1195 1277 ,.te,
1236 1230 1286 1267 A.
1320 1229 1490 1278 Corneli,
1529 1246 1689 1281 vosque,

246 1303 379 1348 patres
421 1299 649 1348 conscripti,
692 1299 930 1336 circumfusa
970 1300 1089 1335 turba
1130 1299 1247 1335 lateri
1286 1299 1402 1336 meo‘?
1462 1299 1571 1346 Quin
1603 1313 1688 1337 eam

247 1367 439 1404 diducitis
457 1381 478 1404 a
495 1381 556 1404 me
574 1367 723 1415 singuli
739 1367 883 1404 vestris
908 1367 1121 1412 beneficiis,
1154 1367 1449 1414 intercedendo,
1480 1367 1687 1406 eximendo

247 1435 295 1472 de
326 1449 447 1472 nervo
480 1435 585 1472 cives
608 1438 772 1481 vestros,
804 1435 1053 1484 prohibendo
1078 1435 1275 1472 iudicatos
1299 1435 1560 1485 addictosque
1584 1436 1688 1483 duci,

247 1517 294 1540 ex
336 1516 392 1549 eo,
439 1504 547 1552 quod
593 1503 721 1540 affluit
765 1503 907 1552 opibus
953 1504 1107 1549 vestris,
1154 1503 1387 1541 sustinendo
1433 1504 1690 1541 necessitates

178 1570 230 1606 10
248 1570 445 1608 aliorum?
506 1570 585 1607 Sed
618 1570 715 1619 quid
748 1584 819 1619 ego
851 1585 931 1617 vos,
973 1572 1020 1608 de
1058 1576 1190 1608 vestro
1230 1571 1482 1621 impendatis,
1523 1571 1690 1610 hortor?

247 1637 403 1676 Sortem
434 1638 630 1687 reliquam
662 1639 777 1676 ferte:
825 1639 873 1676 de
906 1639 1038 1688 capite
1071 1639 1267 1685 deducite,
1300 1640 1407 1689 quod
1438 1640 1569 1676 usuris
1600 1653 1688 1689 per-

246 1712 496 1744 numeratum
516 1710 590 1748 est:
623 1707 700 1743 iam
731 1706 858 1743 nihilo
876 1721 961 1743 mea
991 1707 1109 1743 turba
1137 1720 1255 1755 quam
1285 1707 1407 1744 ullius
1439 1708 1689 1756 conspectior

180 1775 228 1812 11
249 1776 334 1813 erit.
381 1776 441 1812 At
472 1775 577 1812 enim
608 1775 705 1824 quid
738 1774 793 1811 ita
826 1775 931 1812 solus
964 1788 1035 1823 ego
1069 1775 1213 1811 civium
1241 1789 1376 1812 curam
1400 1775 1504 1823 ago?
1549 1776 1687 1813 Nihilo

247 1844 384 1892 magis,
430 1843 537 1892 quod
568 1843 841 1892 respondeam,
887 1843 1026 1889 habeo,
1072 1856 1191 1892 quam
1228 1843 1261 1879 si
1293 1856 1459 1892 quaeras,
1502 1843 1601 1892 quid
1632 1844 1689 1881 ita

245 1911 353 1948 solus
372 1910 617 1960 Capitolium
634 1924 842 1959 arcemque
861 1911 1111 1948 servaverim.
1156 1912 1211 1948 Et
1227 1915 1311 1948 tum
1327 1911 1537 1957 universis,
1571 1925 1689 1961 quam

182 1979 229 2014 12
249 1979 373 2027 potui,
405 1992 519 2028 opem
549 1979 626 2015 tuli
657 1982 698 2015 et
728 1992 833 2015 nunc
865 1979 1034 2028 singulis
1065 1980 1200 2016 feram.
1256 1980 1359 2018 Nam
1383 1979 1491 2028 quod
1522 1979 1574 2016 ad
1603 1980 1688 2017 the-

249 2060 384 2083 sauros
417 2046 594 2084 Gallicos
627 2047 782 2091 attinet,
827 2061 910 2084 rem
940 2053 1079 2096 suapte
1118 2051 1263 2084 natura
1293 2047 1453 2085 facilem
1484 2047 1688 2085 difficilem

248 2114 509 2162 interrogatio
540 2116 647 2152 facit.
695 2114 774 2152 Cur
806 2116 909 2153 enim
942 2116 1131 2165 quaeritis,
1164 2116 1272 2165 quod
1297 2114 1435 2152 scitis?
1467 2128 1548 2161 cur,
1580 2116 1688 2165 quod

247 2182 288 2219 in
320 2183 408 2219 sinu
438 2186 570 2219 vestro
603 2188 671 2229 est,
713 2184 846 2220 excuti
885 2184 1032 2220 iubetis
1063 2184 1208 2233 potius,
1249 2197 1368 2233 quam
1398 2183 1569 2233 ponatis,
1608 2184 1689 2221 nisi

182 2251 230 2287 13
250 2251 385 2300 aliqua
425 2252 533 2288 fraus
575 2251 737 2288 subest?
811 2252 900 2298 Quo
940 2252 1067 2300 magis
1113 2252 1229 2300 argui
1275 2251 1501 2300 praestigias
1540 2251 1687 2288 iubetis

247 2324 410 2367 vest-ras,
457 2334 501 2358 eo
543 2320 632 2368 plus
663 2332 814 2365 vereor,
860 2334 908 2356 ne
940 2320 1187 2356 abstuleritis
1219 2319 1525 2357 observantibus
1567 2319 1687 2357 etiam

247 2389 392 2425 oculos.
466 2388 610 2437 Itaque
651 2401 728 2424 non
771 2400 842 2435 ego
873 2388 997 2433 vobis,
1038 2392 1081 2424 ut
1123 2387 1296 2424 indicem
1335 2387 1492 2436 praedas
1522 2390 1686 2434 vestras,

247 2456 315 2492 sed
345 2471 415 2494 vos
447 2457 488 2493 id
521 2455 689 2504 cogendi
721 2455 824 2494 estis.
855 2460 899 2491 ut
931 2455 971 2492 in
1002 2456 1176 2492 medium
1207 2455 1455 2504 proferatis.·‘

120 2519 173 2565 16
363 2524 496 2571 Quum
526 2524 683 2560 mittere
714 2523 899 2571 ambages
931 2523 1102 2561 dictator
1140 2524 1296 2560 iuberet
1327 2526 1366 2560 et
1395 2526 1465 2560 aut
1496 2535 1685 2571 peragere

245 2605 384 2630 verum
425 2592 618 2629 indicium
660 2594 817 2639 cogeret
857 2595 925 2627 aut
966 2591 1085 2628 fateri
1127 2591 1280 2628 facinus
1322 2589 1544 2627 insimulati
1583 2589 1684 2627 falso
