1821 2928
275 125 351 162 194
706 120 818 154 Liber
841 119 916 156 ΠΙ.
963 120 1023 164 (A.
1050 131 1084 153 u.
1109 130 1139 153 c.
1165 120 1258 164 308.)

206 248 254 286 15
273 250 395 299 spreti
425 252 494 286 aut
525 261 603 285 non
634 248 783 297 sperati
814 247 985 286 honoris,
1030 247 1118 297 Ego
1149 252 1342 296 quantum
1371 249 1412 286 in
1437 254 1550 289 tanto
1576 251 1700 289 inter·

272 322 377 359 vallo
408 326 632 370 temporum
665 319 855 366 coniicio,
901 332 1022 369 quum
1054 318 1220 356 Valerio
1252 323 1370 370 atque
1401 321 1572 360 Horatio
1603 335 1698 360 con-

271 393 436 441 sulibus,
469 392 538 442 qui
568 395 715 441 praeter
732 391 900 429 Volscos
926 394 965 428 et
980 391 1134 440 AEquos
1153 388 1297 428 Sabini
1329 392 1448 430 etiam
1478 393 1577 431 belli
1605 405 1696 443 per-

271 465 364 502 fecti
396 463 568 512 gloriam
598 465 847 513 pepererant,
877 466 1044 511 negatus
1075 462 1124 500 ab
1156 467 1296 500 senatu
1325 464 1550 514 triumphus
1582 467 1695 511 esset,

270 535 520 574 verecundiae
561 535 638 572 fuit
677 547 750 584 pro
789 537 903 584 parte
935 533 1106 571 dimidia
1136 547 1267 571 rerum
1299 536 1528 574 consulibus
1558 540 1695 586 petere

269 608 538 657 triumphurn,
576 619 644 652 ne,
683 606 840 643 etiamsi
872 606 1168 655 impetrassent,
1200 606 1326 655 magis
1357 607 1560 645 hominum
1589 608 1703 646 ratio-

269 693 385 729 quam
418 680 650 716 meritorum
680 677 817 715 habita
846 677 1064 716 videretur.

141 746 186 795 71
384 750 608 788 Victoriam
646 750 853 787 honestam
885 762 931 786 ex
960 748 1142 786 hostibus
1172 753 1327 799 partam
1357 753 1475 800 turpe
1507 750 1615 788 domi
1646 751 1696 788 de

230 824 251 859 2
270 822 416 860 finibus
447 823 642 860 sociorum
674 820 867 858 iudicium
896 820 1037 870 populi
1069 820 1316 859 deformavit.
1383 821 1545 860 Aricini
1576 825 1696 872 atque

268 894 468 932 Ardeates
500 893 549 930 de
579 893 764 941 ambiguo
796 905 891 941 agro
916 904 1036 941 quum
1054 904 1157 941 saepe
1175 891 1281 931 bello
1299 896 1528 940 certassent,
1560 893 1696 931 multis

269 966 309 1003 in
339 966 466 1019 vicem
507 964 687 1002 cladibus
728 964 822 1001 fessi
862 963 1033 1001 iudicem
1063 963 1255 1013 populum
1286 964 1512 1002 Romanum
1543 978 1694 1015 cepere.

232 1037 254 1073 3
273 1037 404 1084 Quum
435 1036 486 1074 ad
519 1049 675 1073 causam
706 1035 894 1073 orandam
924 1026 1136 1081 uenissent,
1169 1035 1339 1073 concilio
1363 1036 1504 1086 populi
1527 1050 1550 1074 a
1573 1036 1695 1086 magi-

268 1108 458 1146 stratibus
476 1108 733 1156 dato,magna
750 1106 1001 1144 contentione
1017 1108 1160 1144 actum.
1192 1107 1357 1157 Iamque
1374 1107 1494 1145 editis
1509 1107 1695 1154 testibus,

268 1193 388 1230 quum
426 1180 558 1217 tribus
595 1179 731 1217 vocari
771 1182 810 1216 et
848 1178 1041 1228 populum
1079 1178 1181 1215 inire
1218 1178 1449 1227 suffragium
1479 1181 1695 1229 oporteret,

268 1251 473 1300 consurgit
511 1250 558 1288 P.
591 1249 777 1301 Scaptius
813 1250 861 1287 de
894 1249 1029 1300 plebe,
1071 1262 1212 1298 magno
1244 1254 1361 1297 natu,
1400 1254 1439 1288 et
1471 1248 1542 1301 „Si
1573 1250 1691 1288 licet“

269 1325 410 1374 inquit,
445 1323 664 1370 „consules‚
695 1323 742 1360 de
768 1336 811 1365 re
834 1321 996 1372 publica
1020 1321 1165 1367 dicere,
1197 1335 1328 1358 errare
1353 1335 1425 1371 ego
1443 1321 1633 1372 populum
1651 1322 1695 1359 in

228 1396 251 1432 4
270 1396 342 1433 hac
375 1408 492 1432 causa
522 1408 600 1432 non
630 1395 803 1444 patiar.“
853 1393 983 1441 Quum
1013 1396 1058 1430 ut
1087 1405 1231 1430 vanum
1262 1406 1351 1430 eum
1382 1395 1573 1442 negarent
1603 1405 1694 1431 con-

268 1467 372 1504 sules
399 1466 640 1504 audiendum
666 1479 748 1503 esse
765 1465 1139 1514 vociferantemque,
1172 1464 1288 1513 prodi
1304 1465 1507 1514 publicam
1524 1477 1694 1512 causam,

228 1538 506 1576 5summoveri
548 1538 775 1585 iussissent,
821 1537 1006 1574 tribunos
1047 1535 1232 1585 appellat.
1302 1535 1493 1584 Tribuni,
1537 1539 1582 1574 ut
1616 1536 1701 1573 fere

267 1622 422 1658 semper
462 1613 655 1657 reguntur
686 1624 709 1646 a
742 1608 1001 1645 multitudiue
1042 1606 1167 1654 magis
1199 1620 1316 1656 quam
1348 1610 1511 1656 regunt,
1555 1607 1699 1645 dedere

234 1681 254 1717 6
274 1680 428 1730 cupidae
460 1679 651 1717 audiendi
682 1679 803 1729 plebi,
833 1681 888 1724 ut,
919 1691 1006 1728 quae
1038 1678 1172 1725 vellet,
1203 1677 1390 1728 Scaptius
1421 1679 1584 1718 diceret.
1631 1678 1698 1716 Ibi

269 1751 366 1800 infit,
400 1765 546 1789 annum
579 1764 619 1788 se
650 1751 816 1788 tertium
848 1753 887 1787 et
917 1749 1202 1798 octogesimum
1233 1762 1362 1799 agere,
1393 1753 1433 1787 et
1458 1750 1500 1787 in
1524 1763 1568 1787 eo
1593 1762 1691 1799 agro

267 1824 315 1861 de
347 1836 424 1873 quo
449 1823 595 1872 agitur,
627 1822 828 1868 militasse,
860 1835 936 1858 non
964 1821 1158 1869 iuvenem,
1187 1822 1376 1859 vicesima
1392 1821 1471 1859 iam
1491 1820 1692 1871 stipendia

268 1898 492 1939 merentem,
525 1907 646 1943 quum
677 1893 727 1931 ad
759 1893 943 1932 Coriolos
973 1893 1027 1930 sit
1058 1893 1259 1931 bellatum.
1305 1893 1363 1930 Eo
1394 1906 1477 1931 rem
1507 1906 1548 1930 se
1577 1895 1688 1931 vetu-

229 1967 248 2001 ’ῖ
269 1970 371 2003 state
388 1966 674 2011 oblitteratam,
694 1968 869 2002 ceterum
887 1977 966 2001 suae
984 1964 1185 2002 memoriae
1202 1965 1365 2002 infixam
1384 1964 1534 2011 afferre,
1551 1977 1693 2014 agrum

268 2036 315 2073 de
333 2050 410 2086 quo
429 2036 658 2085 ambigitur,
675 2035 814 2072 finium
832 2034 1134 2073 Coriolanorum
1150 2036 1286 2083 fuisse,
1304 2036 1510 2086 captisque
1521 2035 1694 2073 Coriolis

268 2109 351 2144 iure
378 2108 473 2144 belli
499 2107 702 2157 publicum
727 2107 864 2157 populi
882 2106 1055 2144 Romani
1071 2107 1233 2146 factum.
1279 2107 1421 2145 Mirari
1437 2121 1489 2154 se,
1521 2119 1693 2157 quonam

268 2192 334 2216 ore
350 2178 549 2216 Ardeates
566 2178 819 2228 Aricinique,
852 2179 963 2216 cuius
995 2178 1083 2226 agri
1114 2179 1174 2216 ius
1191 2192 1392 2228 nunquam
1408 2178 1694 2228 usurpaverint

268 2250 459 2287 incolumi
491 2249 707 2287 Coriolana
737 2262 791 2295 re,
823 2263 912 2286 eum
942 2263 982 2287 se
1014 2263 1036 2287 a
1065 2250 1213 2300 populo
1245 2249 1438 2297 Romano,
1473 2262 1590 2299 quem
1619 2261 1693 2300 pro

225 2322 249 2356 S
269 2320 428 2359 domino
462 2320 634 2357 iudicem
658 2320 836 2367 fecerint,
867 2321 1160 2370 intercepturos
1184 2324 1357 2370 sperent·
1403 2320 1490 2358 Sibi
1507 2320 1694 2370 exiguum

267 2393 358 2430 vitae
398 2396 553 2441 tempus
595 2404 820 2440 superesse;
867 2405 945 2429 non
987 2392 1164 2442 potuisse
1203 2405 1245 2429 se
1275 2395 1408 2430 tamen
1438 2391 1626 2429 inducere
1655 2391 1698 2428 in

268 2464 456 2512 animum,
489 2462 598 2511 quin,
622 2474 736 2511 quem
754 2474 893 2510 agrum
911 2463 1023 2500 miles
1042 2476 1113 2512 pro
1130 2467 1243 2513 parte
1259 2463 1367 2502 virili
1384 2475 1501 2500 manu
1517 2462 1696 2512 cepisset,

269 2547 355 2571 eum
387 2546 505 2571 senex
536 2545 694 2582 quoque
726 2545 833 2581 voce,
867 2546 944 2582 qua
961 2546 1040 2571 una
1056 2537 1200 2584 posset,
1233 2534 1470 2572 vindicaret.
1529 2532 1695 2581 Magno-

267 2618 360 2654 pere
393 2618 433 2642 se
466 2604 632 2641 suadere
663 2603 823 2652 populo,
855 2616 904 2640 ne
935 2603 1070 2641 inutili
1101 2604 1253 2653 pudore
1285 2617 1395 2642 suam
1426 2603 1510 2652 ipse
1534 2615 1693 2641 causam

132 2671 186 2720 72
268 2676 484 2712 damnaret.
546 2674 738 2717 Consules
769 2686 889 2723 quum
921 2672 1128 2723 Scaptium
1160 2687 1238 2712 non
1269 2673 1433 2712 silentio
1465 2673 1593 2724 modo,
1623 2673 1694 2712 sed
