1821 2928
184 921 211 967 2

362 186 438 223 142
811 195 900 220 Liber
918 195 970 220 1x.
1009 194 1055 220 (Α.
1075 202 1104 220 u.
1124 202 1148 220 c.
1168 196 1240 225 433.)

301 311 398 348 satis
431 311 529 356 sint;
562 323 730 359 quorum
762 309 956 348 saevitiam
988 322 1068 346 non
1098 323 1203 346 mors
1228 310 1450 357 noxiorum,
1479 324 1560 349 non
1585 311 1737 351 deditio

299 379 616 416 exanimatorum
648 391 880 428 corporum,
924 391 1004 414 non
1044 377 1151 415 bona
1190 378 1397 428 sequentia
1437 379 1590 417 domini
1628 380 1737 418 dedi-

297 447 451 484 tionem
498 446 711 493 exsatient,
756 445 910 496 placari
951 448 1168 495 nequeant,
1214 446 1295 484 nisi
1339 446 1605 485 hauriendum
1651 461 1737 487 san-

231 516 282 552 10
299 515 460 564 guinem
489 514 759 564 laniandaque
791 515 946 552 viscera
976 517 1114 551 nostra
1145 514 1445 563 praebuerimus.
1504 515 1661 554 Iustum
1680 521 1739 554 est-

296 583 456 629 bellum.
503 582 713 629 Samnites,
759 583 904 632 quibus
935 581 1213 629 necessarium,
1260 585 1299 619 et
1328 582 1397 632 pia
1428 597 1550 631 arma,
1595 584 1738 634 quibus

231 653 277 689 ll
298 651 409 689 nulla
439 651 519 688 nisi
552 651 594 688 in
625 651 745 689 armis
777 651 1021 700 relinquitur
1053 664 1152 700 spes.
1212 650 1412 698 Proinde,
1444 664 1566 701 quum
1606 664 1739 689 rerum

296 720 561 757 humanarum
605 719 821 757 maximum
867 723 1109 757 momentum
1151 719 1214 765 sit,
1261 732 1378 768 quam
1417 719 1608 769 propitiis
1644 733 1738 768 rem,

297 801 417 837 quam
448 789 627 826 adversis
658 792 780 838 agant
811 788 884 835 dis,
929 801 1001 838 pro
1035 792 1143 825 certo
1173 787 1334 833 habete,
1365 788 1503 837 priora
1532 788 1640 826 bella
1670 789 1738 826 ad-

295 870 433 894 versus
465 857 559 895 deos
590 858 715 906 magis
747 870 865 906 quam
896 857 1075 895 homines
1107 856 1292 905 gessisse,
1332 856 1426 903 hoc,
1467 857 1574 905 quod
1606 856 1740 905 instat,

300 925 469 962 (lucibus
501 926 600 975 ipsis
634 926 695 963 dis
726 928 943 974 gesturos.²‘
1005 924 1105 961 Haec
1130 938 1210 961 non
1236 924 1329 962 laeta
1354 924 1480 973 magis
1504 938 1622 974 quam
1645 939 1739 963 vera

296 994 551 1041 vaticinatus,
584 994 763 1041 exercitu
780 993 935 1039 educto,
968 993 1072 1030 circa
1091 992 1290 1030 Caudium
1308 996 1448 1039 castra,
1473 1006 1592 1042 quam
1607 997 1740 1043 potest

255 1063 278 1099 2
299 1063 578 1109 occultissime,
608 1063 726 1100 locat.
785 1061 887 1099 Inde
918 1061 966 1098 ad
996 1061 1204 1107 Calatiam,
1235 1061 1305 1098 ubi
1336 1061 1418 1098 iam
1449 1062 1628 1100 consules
1657 1062 1738 1100 Ro-

297 1145 435 1168 manos
467 1134 675 1180 castraque
701 1144 784 1168 esse
810 1130 1014 1176 audiebat,
1043 1129 1194 1166 milites
1222 1130 1357 1166 decem
1373 1131 1580 1179 pastorum
1594 1130 1740 1168 habitu

296 1200 434 1247 mittit,
465 1212 689 1249 pecoraque
722 1199 911 1244 diversos,
943 1198 1065 1235 alium
1097 1198 1211 1245 alibi,
1241 1197 1349 1235 haud
1379 1198 1521 1248 procul
1545 1198 1739 1236 Romanis

257 1269 279 1306 3
297 1281 460 1318 pascere
492 1268 607 1305 iubet
631 1267 851 1317 praesidiisg
881 1267 951 1305 ubi
978 1267 1199 1304 inciderint
1225 1267 1267 1304 in
1283 1266 1541 1317 praedatores,
1570 1270 1615 1304 ut
1632 1267 1739 1305 idem

296 1337 481 1374 omnibus
513 1350 640 1374 sermo
673 1340 847 1383 constet,
894 1336 1073 1384 legiones
1105 1334 1347 1373 Samnitium
1385 1336 1428 1372 in
1459 1334 1613 1385 Apulia
1644 1349 1739 1384 esse,

295 1404 509 1443 Luceriam
541 1405 724 1443 omnibus
771 1404 896 1455 copiis
943 1404 1243 1451 circumsedere,
1289 1416 1361 1440 nec
1405 1404 1546 1454 procul
1590 1404 1739 1452 abesse,

256 1475 281 1511 4
298 1474 395 1523 quin
426 1474 467 1511 vi
500 1474 671 1524 capiant.
732 1474 820 1511 Iam
852 1473 886 1510 is
915 1473 981 1523 [et]
1009 1487 1144 1511 rumor
1161 1476 1254 1509 ante
1272 1473 1320 1509 de
1337 1471 1539 1509 industria
1554 1472 1741 1521 vulgatus

295 1547 458 1581 venerat
489 1543 539 1580 ad
570 1543 794 1588 Romanos,
833 1541 901 1578 sed
932 1541 1051 1579 fidem
1083 1554 1228 1579 auxere
1261 1540 1432 1591 captivi,
1479 1554 1524 1578 eo
1556 1540 1739 1588 maxime,

257 1611 405 1661 5quod
446 1625 574 1648 sermo
614 1611 719 1647 inter
757 1623 892 1648 omnes
930 1610 1186 1658 congruebat.
1261 1609 1383 1647 Haud
1429 1612 1516 1646 erat
1559 1608 1740 1657 dubium,

297 1679 394 1729 quin
410 1679 623 1716 Lucerinis
649 1692 762 1728 opem
779 1678 983 1716 Romanus
1014 1679 1147 1725 ferret,
1178 1677 1296 1714 bonis
1327 1691 1372 1714 ac
1393 1676 1583 1714 fidelibus
1609 1676 1739 1724 sociis,

296 1747 416 1784 simul
448 1761 497 1784 ne
527 1747 684 1797 Apulia
716 1747 844 1784 omnis
877 1746 927 1784 ad
958 1749 1195 1795 praesentem
1224 1748 1419 1783 terrorem
1451 1745 1654 1791 deficeret,
1693 1759 1739 1783 ea

257 1817 279 1853 6
298 1816 426 1863 modo,
458 1829 537 1865 qua
560 1816 677 1862 irent,
708 1815 952 1852 consultatio
976 1814 1064 1851 fuit.
1124 1814 1229 1851 Duae
1254 1813 1305 1851 ad
1321 1813 1533 1851 Luceriam
1556 1813 1740 1851 ferebant

292 1884 381 1929 viae,
413 1884 541 1922 altera
571 1887 716 1933 praeter
748 1897 858 1921 oram
889 1882 1025 1932 superi
1055 1882 1188 1929 maris,
1227 1885 1368 1932 patens
1399 1884 1629 1931 apertaque,
1669 1882 1740 1919 sed

295 1956 444 2001 quanto
462 1952 600 1999 tutior,
630 1956 744 1989 tanto
767 1953 849 1989 fere
874 1951 1046 2000 longior,
1077 1951 1204 1989 altera
1220 1963 1291 2000 per
1307 1950 1506 1988 Furculas
1523 1949 1739 1998 Caudinas,

256 2020 476 2067 7brevior3
523 2021 592 2058 sed
624 2021 681 2058 ita
711 2024 827 2058 natus
868 2020 978 2057 locus
1017 2023 1096 2057 est:
1144 2017 1279 2057 Saltus
1319 2018 1397 2056 duo
1438 2018 1530 2066 alti,
1576 2018 1738 2068 angusti

294 2088 515 2138 silvosique
562 2093 664 2136 sunt,
709 2089 913 2127 montibus
960 2088 1067 2125 eirca
1112 2087 1316 2137 perpetuis
1362 2087 1468 2125 inter
1513 2100 1553 2125 se
1599 2086 1738 2124 iuncti.

294 2156 406 2194 Iacet
428 2156 534 2194 inter
560 2170 626 2194 eos
652 2158 749 2195 satis
774 2161 914 2208 patens
942 2157 1100 2194 clausus
1123 2156 1166 2193 in
1192 2156 1325 2194 medio
1351 2169 1513 2205 campus
1542 2153 1738 2192 herbidus

252 2225 277 2262 8
295 2238 558 2275 aquosusque,
589 2239 660 2274 per
691 2240 809 2275 quem
840 2225 1016 2263 medium
1047 2225 1124 2262 iter
1156 2228 1235 2271 est,
1266 2224 1335 2262 sed
1361 2226 1576 2273 antequam
1598 2222 1736 2260 venias

295 2295 345 2332 ad
377 2307 478 2340 eum,
509 2294 710 2331 intrandae
741 2295 879 2344 primae
912 2294 1108 2343 angustiae
1140 2297 1233 2331 sunt
1264 2295 1303 2329 et
1326 2295 1395 2330 aut
1411 2291 1560 2338 eadem,
1592 2304 1671 2341 qua
1694 2294 1735 2328 te

294 2362 574 2409 insinuaveris,
604 2366 712 2399 retro
743 2363 810 2400 via
840 2363 1060 2412 repetenda
1086 2366 1166 2410 aut,
1198 2362 1231 2399 si
1260 2361 1319 2398 ire
1341 2373 1463 2411 porro
1479 2372 1635 2410 pergas,
1665 2371 1736 2408 per

255 2432 277 2468 9
295 2431 417 2467 alium
448 2430 594 2468 saltum
625 2430 812 2467 artiorem
845 2431 1222 2481 impeditioremque
1248 2429 1507 2467 evadendum.
1565 2427 1616 2465 In
1646 2440 1736 2464 eum

292 2512 477 2549 campum
507 2499 573 2537 via
604 2499 683 2537 alia
713 2512 784 2548 per
815 2512 952 2536 cavam
983 2512 1123 2549 rupem
1152 2498 1327 2535 Romani
1366 2496 1536 2534 demisso
1577 2495 1735 2544 agmine

293 2581 415 2618 quum
446 2568 497 2605 ad
528 2567 630 2605 alias
660 2567 867 2615 angustias
899 2568 1083 2617 protinus
1123 2569 1357 2616 pergerent,
1402 2567 1545 2614 saeptas
1577 2563 1734 2601 deiectu

293 2635 480 2673 arborum
534 2648 796 2684 saxorumque
852 2635 1074 2683 ingentium
1128 2634 1340 2672 obiacente
1386 2633 1490 2670 mole
1535 2630 1733 2670 invenere.
