1821 2928
382 171 460 208 154
818 182 906 208 Liber
924 184 978 209 1x.
1015 184 1063 213 (A.
1083 192 1111 210 u.
1131 192 1156 209 c.
1175 187 1245 211 434.)

189 291 244 337 1'2
320 295 474 333 Caudio
506 296 547 333 in
579 299 707 333 castra
738 295 920 334 Romana
951 297 1134 334 inviolati
1158 299 1374 336 redierunt.
1414 298 1662 337 Samnitibus
1678 313 1750 350 pro

318 363 490 413 superba
521 377 618 412 pace
650 363 952 400 infestissimum
971 365 1223 402 cernentibus
1239 369 1420 404 renatum
1437 367 1584 404 bellum
1607 367 1750 414 omnia,

320 444 406 480 quae
447 431 592 468 deinde
630 435 857 470 evenerunt.
898 445 977 468 non
1017 432 1056 468 in
1095 433 1239 470 animis
1280 434 1418 481 solum,
1456 434 1524 472 sed
1555 446 1679 484 prope
1710 434 1750 472 in

319 499 446 536 oculis
478 512 571 543 esse,
604 501 642 535 et
673 512 759 536 sero
792 512 835 535 ac
867 500 1133 549 nequicquam
1165 501 1329 538 laudare
1360 502 1466 539 senis
1482 502 1619 539 Pontii
1644 505 1750 540 utra·

280 566 302 602 2
322 580 396 615 que
429 566 605 604 consilia.
640 566 743 603 inter
775 579 861 614 quae
893 580 933 604 se
965 567 1095 604 media
1127 567 1258 617 lapsos
1289 567 1360 608 ‘cia
1392 569 1574 606 vietoriae
1599 583 1751 619 posses-

319 635 469 672 sionem
499 647 595 683 pace
623 634 772 671 incerta
791 638 978 680 mutasse3
1011 639 1047 672 et
1072 635 1255 672 beneficii
1280 639 1318 673 et
1341 636 1528 674 maleficii
1546 637 1751 675 occasione

319 702 473 746 amissa,
506 705 753 750 pugnaturos
785 715 871 738 cum
905 702 972 741 eis.
1006 716 1103 751 quos
1134 704 1339 752 potuerint
1362 705 1403 741 in
1425 708 1662 753 perpetuum
1686 705 1751 742 vel

282 769 303 805 3
323 770 507 807 inimicos
537 769 679 806 tollere
709 769 771 805 vel
804 769 949 806 amieos
980 770 1121 807 facere.
1191 771 1398 820 Adeoque,
1430 771 1639 809 nullodum
1670 786 1750 810 cer-

318 838 469 875 tamine
500 837 707 873 inclinatis
738 836 904 882 viribus,
934 840 1022 885 post
1056 837 1277 875 Caudinam
1306 852 1443 888 pacem
1474 839 1598 877 animi
1627 843 1751 878 muta-

317 908 469 949 verant,
501 908 545 941 ut
577 904 787 941 clariorem
819 905 924 941 inter
948 905 1148 943 Romanos
1181 905 1335 943 deditio
1353 906 1602 945 Postumium
1633 921 1752 957 quam

281 972 514 1010 4Pontium
553 972 759 1009 incruenta
796 972 963 1009 victoria
1004 973 1109 1010 inter
1149 972 1347 1012 Samnites
1389 975 1550 1020 faceret,
1589 978 1627 1011 et
1666 974 1751 1023 geri

320 1054 433 1090 posse
472 1040 622 1077 bellum
661 1040 834 1077 Romani
870 1054 942 1089 pro
980 1041 1150 1078 victoria
1181 1045 1289 1078 certa
1319 1041 1522 1088 haberent,
1555 1040 1752 1080 Samnites

320 1108 437 1145 simul
469 1108 681 1145 rebellasse
713 1111 752 1144 et
781 1108 924 1145 vicisse
957 1109 1162 1146 crederent
1193 1109 1431 1146 Romanuin.

281 1174 303 1210 5
434 1174 548 1212 Inter
579 1175 661 1213 haec
694 1175 894 1213 Satricani
924 1176 975 1213 ad
1007 1175 1203 1214 Samnites
1235 1178 1474 1224 defecerunt,
1502 1181 1541 1214 et
1557 1178 1752 1226 Fregellae

319 1243 477 1280 colonia
516 1244 753 1293 necopinato
793 1245 965 1282 adventu
1004 1242 1245 1282 Samnitium
1283 1245 1420 1293 (fuisse
1451 1249 1489 1282 et
1521 1244 1751 1283 Satricanos

319 1325 404 1348 cum
436 1311 484 1348 iis
516 1312 611 1348 satis
643 1315 814 1361 constat)
847 1315 960 1350 nocte
992 1316 1185 1361 occupata
1202 1316 1270 1349 est.
1315 1312 1452 1350 Timor
1476 1312 1568 1349 inde
1594 1315 1752 1350 mutuus

278 1380 300 1415 6
319 1385 510 1429 utrosque
540 1393 664 1429 usque
696 1380 746 1417 ad
778 1381 903 1417 lucem
935 1380 1092 1429 quietos
1122 1380 1270 1426 tenuit;
1310 1381 1378 1417 lux
1415 1393 1559 1429 pugnae
1590 1380 1750 1417 initium

318 1448 406 1493 fuit,
436 1461 555 1497 quam
586 1447 835 1496 aliquamdiu
867 1461 1030 1496 aequam,
1063 1451 1100 1484 et
1132 1447 1225 1496 quia
1255 1461 1327 1496 pro
1346 1448 1425 1485 aris
1449 1460 1494 1485 ac
1516 1447 1616 1485 focis
1633 1447 1749 1485 dimi-

318 1516 494 1554 cabatur.
522 1519 558 1552 et
583 1516 677 1564 quia
701 1529 748 1552 ex
771 1515 886 1554 tectis
904 1516 1122 1552 adiuvabat
1143 1515 1318 1552 imbellis
1343 1514 1572 1561 multitudo,
1596 1513 1751 1552 †tamen

280 1583 299 1616 7
321 1583 549 1631 Fregellani
581 1583 865 1619 sustinuerunt.
931 1583 1059 1620 Fraus
1099 1583 1242 1620 deinde
1273 1597 1356 1621 rem
1388 1582 1612 1629 inclinavit,
1643 1583 1751 1632 quod

319 1664 452 1687 vocem
485 1651 617 1688 audiri
657 1651 851 1699 praeconis
888 1651 995 1699 passi
1027 1654 1129 1697 sunt,
1167 1650 1403 1688 incolumem
1434 1650 1650 1697 abiturum,
1681 1650 1751 1700 qui

321 1732 427 1755 arma
467 1718 671 1767 posuisset.
761 1718 821 1754 Ea
861 1731 950 1766 spes
990 1718 1146 1755 remisit
1185 1732 1206 1755 a
1247 1717 1464 1755 certamine
1501 1718 1664 1764 animos,
1709 1721 1747 1754 et

279 1785 470 1836 &passim
509 1799 617 1822 arma
656 1785 798 1822 iactari
837 1788 975 1834 coepta.
1050 1785 1302 1823 Pertinacior
1346 1799 1439 1835 pars
1484 1788 1638 1822 armata
1682 1798 1753 1834 per

320 1867 496 1890 aversam
535 1856 691 1902 portam
733 1853 875 1901 erupit,
911 1853 1115 1902 tutiorque
1147 1854 1203 1890 eis
1233 1853 1403 1890 audacia
1433 1852 1513 1890 fuit
1543 1865 1661 1901 quam
1693 1851 1751 1889 in-

321 1924 457 1958 cautus
499 1921 550 1958 ad
591 1920 830 1957 credendum
868 1921 1008 1958 ceteris
1046 1934 1184 1970 pavor,
1221 1934 1320 1970 quos
1357 1920 1622 1958 circumdatos
1653 1920 1751 1968 igni,

320 1989 585 2038 nequicquam
626 1989 719 2026 deos
759 1988 955 2038 fidemque
994 1989 1241 2035 invocantes,
1287 1987 1485 2026 Samnites
1529 2000 1750 2025 concrema-

320 2060 473 2093 verunt.

281 2124 303 2159 9
438 2123 628 2160 Consules
660 2124 763 2161 inter
793 2137 833 2161 se
864 2123 1005 2173 partiti
1030 2122 1269 2173 provincias,
1293 2122 1484 2172 Papirius
1501 2121 1544 2158 in
1560 2120 1750 2171 Apuliam

321 2191 372 2228 ad
402 2190 616 2228 Luceriam
648 2192 789 2240 pergit,
820 2193 890 2229 ubi
923 2192 1074 2241 equites
1090 2190 1263 2229 Romani
1294 2190 1452 2228 obsides
1483 2189 1534 2226 ad
1552 2188 1749 2227 Caudium

323 2258 408 2295 dati
427 2258 762 2305 custodiebantur,
781 2259 985 2296 Publilius
1004 2259 1043 2296 in
1056 2257 1218 2296 Samnio
1237 2257 1417 2294 substitit
1440 2257 1628 2294 adversus
1651 2255 1751 2294 Cau-

258 2327 306 2363 lO
325 2326 440 2362 (linas
471 2326 657 2374 legiones.
716 2326 926 2364 Distendit
958 2341 1002 2364 ea
1025 2340 1087 2364 res
1105 2325 1346 2363 Samnitium
1371 2324 1533 2371 animos,
1558 2324 1664 2373 quod
1680 2336 1751 2361 nec

324 2393 374 2429 ad
407 2392 617 2430 Luceriam
649 2393 718 2439 ire,
750 2407 799 2431 ne
830 2394 879 2431 ab
910 2399 1022 2442 tergo
1055 2394 1222 2431 instaret
1246 2392 1385 2439 hostis,
1415 2405 1487 2429 nec
1505 2404 1673 2438 manere,
1703 2405 1752 2429 ne

258 2462 302 2497 11
326 2460 495 2497 Luceria
526 2460 689 2497 interim
720 2461 982 2507 amitteretur,
1013 2462 1108 2498 satis
1140 2461 1352 2498 audebant.
1398 2458 1604 2509 Optimum
1625 2458 1752 2496 visum

323 2532 379 2563 est
412 2528 657 2565 committere
696 2542 778 2565 rem
816 2529 985 2565 fortunae
1017 2532 1055 2565 et
1085 2529 1307 2576 transigere
1341 2540 1427 2563 cum
1457 2526 1639 2563 Publilio
1673 2539 1752 2563 cer-

193 2591 247 2638 13
321 2600 471 2640 tamem
503 2595 636 2644 itaque
669 2595 708 2631 in
740 2595 865 2633 aciem
890 2596 1025 2644 copias
1049 2597 1233 2633 educunt.
1271 2593 1480 2631 Adversus
1497 2606 1594 2642 quos
1611 2593 1752 2631 Publi-
