1821 2928
285 142 336 180 90
719 138 835 173 Liber
859 138 911 173 II.
961 139 1019 183 (A.
1045 151 1081 174 u.
1108 151 1139 175 c.
1165 140 1241 174 260.

286 267 416 304 edicto
449 266 705 312 conveniens,
737 266 806 304 sed
837 270 875 304 et
906 267 1056 304 homini
1074 270 1111 304 et
1127 264 1317 316 potestati
1334 266 1472 304 melius
1490 265 1569 304 rati
1585 265 1707 311 credi,

232 347 264 384 ⁴7
287 339 431 376 omisso
470 338 684 375 certamine
724 339 884 376 nomina
930 338 1085 377 dedere.
1147 338 1330 386 Quantus
1368 350 1571 387 nunquam
1617 339 1708 374 ante

291 410 497 455 exercitus,
514 409 690 458 legiones
708 409 841 447 decem
859 410 1024 456 effectae3
1051 414 1174 448 ternae
1206 409 1297 447 inde
1331 409 1433 447 datae
1461 408 1704 456 consulibus,

290 486 476 530 quattuor
508 481 680 519 dictator
709 495 813 520 usus.

240 553 265 590 8
398 553 478 591 Nec
511 554 588 590 iam
620 556 777 603 poterat
806 554 954 591 bellum
986 553 1148 591 differri.
1197 553 1320 603 AEqui
1350 552 1536 590 Latinum
1568 563 1708 600 agrum

286 626 523 663 invaserant.
586 624 773 663 Oratores
804 626 1042 663 Latinorum
1074 626 1122 664 ab
1154 629 1295 664 senatu
1325 624 1527 674 petebant,
1566 626 1610 660 ut
1640 626 1709 660 aut

287 698 491 734 mitterent
521 697 742 735 subsidium
774 702 839 734 aut
871 711 911 735 se
943 698 1049 747 ipsos
1080 698 1318 735 tuendorum
1348 695 1485 733 finium
1512 708 1629 733 causa
1647 707 1708 732 ca-

242 769 264 804 9
286 782 380 820 pere
411 783 520 806 arma
552 770 737 806 sinerent.
797 769 939 806 Tutius
971 771 1098 807 visum
1137 773 1195 807 est
1236 768 1394 806 defendi
1426 768 1596 805 inermes
1627 765 1706 803 La-

281 843 386 879 tinos
417 855 534 891 quam
572 841 656 891 pati
689 844 907 879 retractare
933 855 1052 879 arma.
1101 840 1290 879 Vetusius
1318 840 1456 878 consul
1472 839 1614 876 missus
1632 841 1710 884 est;

284 913 318 950 is
348 912 438 950 finis
463 913 792 963 populationibus
823 913 912 952 fuit.
976 913 1139 951 Cessere
1182 912 1305 963 AEqui
1347 912 1506 962 campis,
1539 911 1706 960 locoque

284 985 410 1033 magis
442 998 558 1034 quam
590 985 709 1022 armis
740 985 834 1022 freti
866 986 1028 1022 summis
1060 999 1101 1023 se
1128 985 1232 1034 iugis
1251 985 1441 1022 montium
1457 983 1704 1020 tutabantur.

214 1051 264 1088 10
284 1056 404 1093 Alter
434 1057 569 1094 consul
601 1058 640 1094 in
674 1056 839 1094 Volscos
871 1057 1087 1106 profectus,
1120 1071 1167 1094 ne
1201 1060 1238 1095 et
1269 1057 1352 1107 ipse
1375 1058 1522 1094 tereret
1538 1059 1708 1104 tempuS.

281 1128 485 1165 vastandis
518 1129 687 1166 maxime
718 1129 824 1177 agris
855 1129 1006 1166 hostem
1038 1129 1089 1166 ad
1122 1129 1359 1167 conferenda
1385 1128 1550 1178 propius
1582 1130 1710 1164 castra

215 1199 260 1235 11
285 1199 635 1250 dimicandumque
668 1201 752 1238 acie
785 1200 941 1238 excivit.
988 1201 1122 1239 Medio
1154 1201 1258 1238 inter
1290 1204 1419 1238 castra
1451 1211 1599 1248 campo,
1617 1200 1708 1235 ante

285 1284 398 1308 suum
430 1272 601 1322 quisque
632 1272 793 1319 vallum,
825 1273 978 1311 infestis
1011 1274 1137 1323 signis
1170 1273 1397 1311 constitere.
1444 1269 1708 1308 Multitudine

214 1346 263 1382 12
283 1344 535 1393 aliquantum
582 1343 721 1381 Volsci
768 1345 1030 1394 superabant3
1070 1346 1206 1394 itaque
1239 1343 1353 1381 effusi
1385 1346 1424 1381 et
1454 1342 1710 1391 contemptim

282 1429 455 1465 pugnam
487 1416 622 1453 iniere.
684 1416 832 1454 Consul
877 1416 1081 1454 Romanus
1127 1430 1197 1454 nec
1236 1415 1435 1466 promovit
1465 1414 1600 1459 aciem,
1639 1425 1710 1449 nec

284 1488 495 1525 clamorem
520 1488 636 1525 reddi
669 1501 820 1538 passus,
849 1488 987 1526 defixis
1013 1489 1108 1538 pilis
1136 1491 1240 1525 stare
1273 1500 1363 1525 suos
1390 1487 1523 1524 iussit:
1555 1485 1626 1522 ubi
1658 1484 1707 1522 ad

281 1572 440 1596 manum
471 1560 647 1597 venisset
676 1560 815 1607 hostis,
844 1564 928 1597 tum
961 1564 1118 1598 coortos
1148 1564 1234 1597 tota
1264 1560 1303 1597 vi
1341 1558 1486 1609 gladiis
1524 1571 1606 1595 rem
1645 1570 1710 1606 ge-

217 1628 265 1667 13
286 1645 383 1668 rere.
430 1631 568 1668 Volsci
601 1644 718 1669 cursu
749 1637 788 1669 et
819 1633 990 1669 clamore
1020 1633 1113 1670 fessi
1145 1645 1266 1681 quum
1297 1645 1338 1668 se
1368 1631 1480 1668 velut
1510 1628 1708 1679 stupenti-

280 1704 353 1741 bus
385 1707 489 1740 metu
516 1704 744 1741 intulissent
768 1703 970 1750 Romanis,
993 1708 1204 1753 postquam
1221 1703 1519 1753 impressionem
1553 1713 1711 1739 sensere

283 1789 330 1812 ex
363 1775 528 1813 adverso
560 1776 705 1813 factam
738 1778 775 1813 et
805 1778 896 1812 ante
929 1776 1062 1813 oculos
1094 1776 1239 1812 micare
1270 1774 1438 1824 gladios,
1465 1773 1570 1810 haud
1596 1785 1706 1810 secus

284 1860 401 1898 quam
432 1848 466 1885 si
491 1849 532 1884 in
559 1847 723 1885 insidias
747 1847 997 1895 incidissent,
1030 1848 1183 1884 turbati
1213 1850 1374 1885 vertunt
1390 1850 1519 1895 terga3
1537 1848 1577 1883 et
1592 1858 1640 1882 ne
1657 1844 1708 1882 ad

280 1920 416 1969 fugam
448 1919 609 1969 quidem
641 1920 738 1957 satis
754 1919 899 1957 virium
916 1920 1006 1968 fuit,
1025 1920 1120 1968 quia
1146 1933 1261 1957 cursu
1288 1919 1329 1956 in
1352 1918 1538 1969 proelium
1568 1917 1706 1954 ierant.

211 1992 262 2028 14
279 1991 450 2028 Romani
482 1995 629 2038 contra,
654 1992 748 2041 quia
781 1991 980 2041 principio
999 2004 1142 2041 pugnae
1160 1991 1285 2041 quieti
1302 1993 1506 2038 steterant,
1523 1989 1708 2038 vigentes

287 2063 531 2113 corporibus,
562 2063 678 2101 facile
709 2063 843 2114 adepti
874 2064 996 2101 fessos
1028 2068 1067 2101 et
1099 2067 1227 2102 castra
1258 2063 1408 2113 impetu
1449 2064 1639 2112 ceperunt
1669 2064 1708 2099 et

282 2136 423 2172 castris
456 2140 616 2172 exutum
646 2135 797 2173 hostem
830 2135 1009 2173 Velitras
1039 2136 1240 2185 persecuti
1269 2148 1346 2173 uno
1364 2136 1519 2184 agmine
1535 2134 1709 2172 victores

215 2207 265 2244 15
284 2219 371 2244 cum
402 2207 520 2244 victis
539 2207 577 2244 in
595 2207 734 2244 urbem
765 2208 964 2257 irrupere,
989 2208 1158 2258 plusque
1185 2207 1242 2244 ibi
1259 2206 1465 2256 sanguinis
1482 2206 1708 2256 promiscua

283 2279 457 2316 omnium
504 2292 691 2327 generum
738 2279 843 2317 caede
889 2292 1006 2329 quam
1052 2279 1092 2316 in
1139 2280 1227 2328 ipsa
1258 2278 1512 2316 dimicatione
1543 2277 1703 2317 factum.

143 2350 195 2400 31
281 2350 426 2388 Paucis
469 2350 561 2387 data
576 2352 702 2397 venia,
721 2352 790 2400 qui
807 2352 977 2388 inermes
1001 2351 1042 2388 in
1068 2350 1311 2389 deditionem
1334 2353 1537 2389 venerunt.
1598 2349 1707 2387 Dum

281 2423 362 2460 haec
394 2422 435 2459 in
468 2421 625 2459 Volscis
657 2426 859 2470 geruntur,
887 2423 1057 2460 dictator
1074 2421 1254 2469 Sabinos,
1272 2422 1344 2460 ubi
1361 2422 1477 2471 longe
1492 2421 1708 2472 plurimum

237 2495 260 2531 2
279 2495 377 2533 belli
396 2494 537 2539 fuerat,
554 2493 688 2530 fundit
704 2494 894 2543 fugatque
913 2495 1102 2544 exuitque
1121 2495 1273 2533 castris.
1307 2493 1503 2545 Equitatu
1530 2493 1703 2530 immisso

280 2566 452 2604 mediam
482 2566 716 2603 turbaverat
742 2565 915 2602 hostium
940 2566 1076 2612 aciem,
1106 2579 1232 2615 quam,
1259 2565 1351 2603 dum
1375 2579 1415 2603 se
1439 2578 1586 2602 cornua
1616 2564 1708 2602 lati·

279 2651 325 2675 us
371 2638 563 2687 pandunt,
607 2649 747 2686 parum
793 2640 883 2686 apte
930 2636 1147 2683 introrsum
1193 2636 1400 2674 ordinibus
1430 2635 1706 2681 firmaverant;

280 2709 462 2747 turbatos
493 2710 615 2759 pedes
646 2708 802 2763 invasit.
858 2707 1009 2745 Eodem
1041 2708 1193 2757 impetu
1225 2711 1355 2746 castra
1386 2712 1501 2757 capta
1532 2707 1707 2746 debella·
