1821 2928
592 107 708 144 Liber
731 109 784 143 II.
834 110 895 153 (A.
922 109 986 144 Ch.
1013 108 1106 154 508.)
1515 113 1566 151 73

244 236 414 275 Obsidio
446 240 532 274 erat
563 235 695 274 nihilo
727 236 857 274 minus
889 240 929 274 et
960 237 1149 275 frumenti
1175 250 1262 275 cum
1289 250 1441 275 summa
1469 238 1567 275 cari·
1655 234 1706 282 12

128 314 211 349 tate
243 309 391 359 inopia,
434 309 689 359 sedendoque
722 312 1043 359 expugnaturum
1084 323 1124 348 se
1155 310 1295 348 urbem
1327 322 1436 360 spem
1469 309 1567 347 Por-

129 383 243 421 sinna
273 380 459 427 habebat,
492 394 613 430 quum
632 379 675 420 C.
694 380 866 427 Mucius,
899 381 1129 419 adolescens
1154 381 1317 429 nobilis,
1349 382 1412 420 cui
1435 381 1566 430 indig-
1585 378 1608 414 2

128 468 222 492 num
247 453 472 503 videbatur,
497 453 690 503 populum
707 452 932 492 Romanum
957 454 1210 503 servientem,
1239 467 1361 504 quum
1378 454 1452 492 sub
1469 455 1570 503 regi-

129 527 201 565 bus
229 530 344 575 esset,
378 525 488 563 nullo
516 525 622 563 bello
648 539 719 563 nec
745 526 794 564 ab
812 525 994 563 hostibus
1012 526 1106 563 ullis
1125 527 1329 564 obsessum
1348 540 1444 575 esse,
1469 526 1568 564 libe-

128 612 215 637 rum
256 598 425 636 eundem
468 598 661 648 populum
694 598 744 636 ab
777 598 916 636 iisdem
947 598 1130 635 Etruscis
1162 597 1356 646 obsideri,
1399 612 1568 648 quorum

128 683 232 721 saepe
289 670 491 708 exercitus
538 670 707 717 fuderit,
764 670 929 721 [itaque]
976 684 1120 720 magno
1168 670 1389 720 audacique
1435 671 1570 721 aliquo
1589 671 1612 708 3

128 743 306 782 facinore
333 756 418 780 eam
445 742 728 792 indignitatem
753 742 1040 780 vindicandam
1067 746 1178 780 ratus
1194 743 1324 793 primo
1341 756 1411 781 sua
1428 746 1569 794 sponte

126 819 337 867 penetrare
370 816 410 852 in
442 815 618 853 hostium
651 819 782 852 castra
813 815 1042 861 constituit3
1083 815 1175 852 dein
1207 819 1400 864 metuens,
1442 829 1503 866 ne,
1536 815 1612 854 si4

129 888 333 926 consulum
374 888 529 925 iniussu
568 891 606 925 et
636 887 790 936 ignaris
822 887 1006 925 omnibus
1038 887 1125 935 iret,
1162 888 1264 926 forte
1296 887 1570 938 deprehensus

130 974 152 998 a
184 960 418 998 custodibus
435 959 632 997 Romanis
663 959 937 997 retraheretur
967 964 1011 996 ut
1041 959 1263 1009 transfuga,
1294 960 1456 998 fortuna
1485 964 1570 998 tum

129 1033 242 1071 urbis
282 1033 431 1070 crimen
463 1032 700 1079 affirmante,
742 1035 921 1069 senatum
954 1031 1052 1070 adit.
1117 1031 1331 1078 „Transire
1362 1032 1570 1070 Tiberim“
1591 1031 1614 1069 5

131 1105 273 1155 inquit,
310 1108 481 1154 „patres‚
513 1108 551 1142 et
577 1104 739 1151 intrare,
766 1105 798 1142 si
824 1104 983 1154 possim,
1011 1106 1140 1141 castra
1166 1104 1340 1142 hostium
1365 1105 1467 1150 volo,
1494 1118 1572 1143 non

129 1177 266 1227 praedo
299 1190 371 1214 nec
403 1177 707 1227 populationum
741 1176 781 1213 in
814 1176 939 1213 vicem
964 1176 1091 1222 ultor;
1126 1177 1261 1223 maius,
1293 1176 1327 1214 si
1353 1177 1394 1214 di
1420 1178 1571 1227 iuvant,

130 1251 169 1287 in
197 1250 329 1287 animo
355 1253 413 1287 est
436 1249 630 1287 facinus.“
680 1248 926 1299 Approbant
951 1252 1106 1298 patres;
1135 1249 1272 1286 abdito
1298 1249 1406 1287 intra
1421 1253 1572 1287 vestem

130 1324 234 1360 ferro
259 1321 540 1372 proficiscitur.
601 1321 684 1359 Ubi
703 1334 747 1359 eo
772 1321 896 1367 venit,
920 1320 960 1358 in
988 1321 1278 1358 confertissima
1301 1321 1423 1359 turba
1446 1334 1571 1372 prope
1589 1323 1612 1359 6

130 1394 284 1442 regium
307 1393 490 1431 tribunal
521 1393 713 1432 constitit.
761 1392 827 1430 Ibi
853 1405 972 1442 quum
998 1392 1240 1443 stipendium
1260 1394 1454 1431 militibus
1471 1395 1574 1432 forte
1593 1395 1614 1430 7

131 1465 304 1510 daretur,
345 1469 385 1503 et
424 1465 556 1503 scriba
596 1478 683 1503 cum
723 1478 815 1514 rege
854 1464 997 1502 sedens
1038 1465 1128 1515 pari
1159 1465 1242 1504 fere
1274 1470 1416 1504 ornatu
1447 1466 1573 1504 multa

131 1542 278 1586 ageret,
312 1551 399 1575 eum
431 1537 580 1575 milites
604 1538 724 1586 vulgo
749 1536 919 1583 adirent,
949 1538 1097 1575 timens
1122 1537 1331 1584 sciscitari,
1358 1541 1448 1576 uter
1472 1538 1571 1576 Por-

132 1610 248 1648 sinna
289 1613 404 1658 esset,
444 1623 493 1647 ne
533 1609 757 1658 ignorando
798 1622 931 1658 regem
975 1613 1097 1648 semet
1136 1610 1221 1660 ipse
1253 1610 1443 1660 aperiret,
1483 1610 1572 1660 quis

131 1686 243 1729 esset,
276 1695 354 1732 quo
377 1686 524 1719 temere
550 1682 677 1720 traxit
703 1682 864 1719 fortuna
889 1682 1054 1728 facinus,
1086 1682 1260 1720 scribam
1285 1695 1356 1732 pro
1384 1695 1477 1732 rege
1503 1682 1571 1720 ob-

128 1758 301 1792 truncat.
361 1753 586 1792 vadentem
618 1754 723 1802 inde,
766 1767 845 1804 qua
883 1767 954 1804 per
985 1754 1184 1804 trepidam
1215 1754 1376 1793 turbam
1407 1754 1615 1792 cruentoss

130 1839 318 1864 mucrone
350 1827 430 1864 sibi
463 1827 547 1876 ipse
578 1827 729 1864 fecerat
751 1826 867 1873 viam,
899 1839 1032 1875 quum,
1064 1840 1258 1864 concursu
1285 1827 1335 1864 ad
1361 1827 1572 1865 clamorem

130 1900 246 1945 facto,
273 1898 601 1948 comprehensum
627 1899 726 1948 regii
754 1898 949 1936 satellites
974 1899 1250 1948 retraxissent,
1279 1902 1369 1936 ante
1394 1899 1574 1937 tribunal

131 1971 238 2020 regis
268 1970 494 2019 destitutus,
527 1975 611 2008 tum
644 1984 803 2021 quoque
834 1970 938 2008 inter
969 1973 1102 2009 tantas
1133 1972 1304 2009 fortunae
1337 1971 1463 2009 minas
1494 1984 1572 2009 me-

131 2042 301 2080 tuendus
333 2043 459 2091 magis
491 2055 610 2092 quam
641 2047 832 2090 metuens,
866 2043 1096 2092 „Romanus
1128 2047 1238 2081 sum“
1267 2043 1400 2094 inquit
1428 2043 1570 2091 „civis3
1591 2044 1613 2081 9

133 2114 175 2152 Ο.
208 2114 387 2152 Mucium
433 2118 588 2153 vocant.
648 2115 791 2153 Hostis
836 2115 988 2152 hostem
1030 2116 1212 2154 occidere
1252 2116 1374 2161 volui,
1420 2129 1491 2154 nec
1523 2115 1573 2153 ad

133 2190 297 2224 mortem
331 2187 460 2224 minus
493 2187 614 2225 animi
647 2191 717 2238 est,
751 2201 870 2238 quam
902 2187 980 2225 fuit
1011 2188 1061 2225 ad
1095 2187 1262 2234 caedem;
1303 2191 1344 2225 et
1373 2188 1503 2225 facere
1535 2190 1575 2224 et

132 2259 218 2308 pati
260 2259 381 2297 fortia
411 2258 635 2297 Romanum
668 2264 738 2298 est.
798 2259 882 2298 Nec
921 2273 1023 2297 unus
1063 2260 1105 2296 in
1136 2263 1176 2297 te
1209 2273 1283 2309 ego
1315 2260 1387 2297 hos
1419 2259 1573 2297 animos
1596 2260 1644 2296 10

134 2331 259 2379 gessi;
292 2331 436 2380 longus
467 2335 557 2381 post
588 2345 649 2369 me
681 2332 779 2369 ordo
811 2335 870 2369 est
902 2331 1008 2369 idem
1040 2332 1262 2381 petentium
1295 2332 1427 2369 decus.
1475 2331 1574 2368 Pro-

135 2402 226 2439 inde
259 2403 297 2439 in
329 2402 402 2440 hoc
435 2402 665 2452 discrimen,
698 2403 732 2441 si
758 2403 880 2450 iuvat,
912 2404 1134 2452 accingere,
1165 2407 1211 2440 ut
1237 2403 1278 2440 in
1301 2403 1479 2451 singulas
1505 2402 1574 2440 ho-

134 2487 196 2512 ras
228 2475 358 2525 eapite
390 2474 555 2512 dimices
579 2478 660 2522 tuo,
691 2475 839 2513 ferrum
866 2475 1101 2525 hostemque
1132 2475 1171 2512 in
1198 2475 1399 2512 vestibulo
1425 2473 1574 2511 habeas

134 2546 266 2594 regiae.
328 2546 417 2584 Hoc
456 2546 534 2584 tibi
566 2547 752 2585 iuventus
783 2547 966 2586 Romana
1006 2546 1221 2585 indicimus
1254 2546 1413 2584 bellum.
1473 2545 1574 2584 Nul-
1595 2545 1642 2583 11

135 2617 212 2654 lam
243 2618 378 2665 aciem,
411 2619 565 2656 nullum
592 2619 778 2670 proelium
801 2620 1000 2665 timueris3
1031 2619 1101 2656 uni
1125 2619 1202 2656 tibi
1227 2621 1267 2655 et
1291 2630 1379 2654 cum
1405 2617 1574 2667 singulis

136 2700 199 2725 res
231 2690 345 2727 erit.“
397 2690 527 2738 Quum
559 2705 629 2729 rex
655 2692 773 2730 simul
798 2692 858 2729 ira
881 2691 1067 2729 incensus
1095 2689 1358 2739 periculoque
1384 2689 1575 2727 conterri-
1596 2689 1646 2727 12
