1821 2928
490 77 607 113 Liber
631 77 700 113 IV.
749 79 810 122 (A.
839 78 904 113 Ch.
930 78 1141 121 432—431.)
1452 82 1530 120 221

90 211 162 255 est,
192 210 352 246 senatus
384 205 576 257 appellat,
606 208 651 244 ut
681 205 720 243 in
752 209 865 244 tanto
898 205 1133 245 discrimine
1164 207 1222 244 rei
1254 206 1425 257 publicae
1452 206 1533 244 dic-

89 283 260 318 tatorem
302 278 435 318 dicere
474 278 655 316 consules
692 291 765 328 pro
797 281 995 328 potestate
1026 283 1159 317 vestra
1191 279 1378 328 cogatis.‘⁴
1443 278 1573 327 Qua9

89 366 186 390 voce
216 351 369 400 audita,
402 351 648 390 occasionem
679 350 855 389 oblatam
881 352 961 389 rati
977 351 1133 389 tribuni
1150 351 1343 401 augendae
1361 355 1533 402 potesta·

88 424 142 463 tis
187 424 377 463 secedunt
421 437 575 475 proque
622 423 794 473 collegio
834 423 1109 474 pronuntiant,
1154 424 1312 474 placere
1353 424 1534 462 consules

89 497 249 535 senatui
281 496 389 535 dicto
421 496 628 535 audientes
660 509 762 543 esse3
808 496 842 534 si
883 495 1075 534 adversus
1107 509 1342 535 consensum
1374 497 1533 547 amphs‘-

88 569 377 614 simiordinis
422 569 530 607 ultra
573 568 754 615 tendant,
801 570 844 606 in
883 568 1015 607 vincla
1054 582 1094 607 se
1126 569 1219 607 duci
1252 583 1317 607 eos
1347 570 1535 608 iussuros.

89 641 281 680 Consules
313 642 362 680 ab
393 641 568 680 tribunis
599 655 718 692 quam
749 641 799 680 ab
827 644 968 680 senatu
993 641 1104 680 vinci
1128 642 1367 689 maluerunt,
1398 642 1531 693 prodi-
1554 641 1604 679 10

87 717 172 752 tum
205 728 228 753 a
258 714 443 764 patribus
474 714 619 752 summi
651 714 813 764 imperii
844 714 905 752 ius
937 713 1155 764 datumque
1187 714 1261 752 sub
1294 715 1432 765 iugum
1462 716 1534 753 tri-

88 786 263 824 buniciae
294 787 486 837 potestati
517 787 767 825 consulatum
798 790 1076 834 memorantes,
1108 787 1141 825 si
1168 786 1330 837 quidem
1357 787 1448 837 cogi
1463 787 1534 824 ali-

88 859 189 910 quid
219 872 292 910 pro
324 862 523 910 potestate
555 859 604 897 ab
636 859 803 898 tribuno
835 860 1018 898 consules
1050 863 1090 897 et
1114 860 1210 909 (quo
1243 859 1341 910 quid
1364 859 1535 897 ulterius

87 932 246 983 privato
301 931 522 970 timendum
577 932 726 984 foret‘?)
773 933 816 971 in
871 932 1006 970 vincla
1057 932 1177 970 etiam
1223 932 1317 970 duci
1361 936 1535 982 possent.

89 1003 198 1051 Sors,
229 1007 275 1043 ut
305 1004 542 1042 dictatorem
575 1004 730 1043 diceret
746 1006 855 1055 (nam
884 1019 934 1043 ne
966 1005 1010 1043 id
1041 1004 1203 1055 quidem
1229 1004 1334 1042 inter
1361 1004 1534 1053 collegas
1556 1004 1600 1040 11

87 1079 360 1127 convenerat),
391 1077 436 1116 T.
454 1076 646 1124 Quinctio
679 1078 824 1116 evenit.
884 1077 927 1116 Is
951 1078 1003 1117 A.
1021 1077 1272 1116 Postumium
1299 1076 1535 1123 Tubertum,

86 1163 268 1188 socerum
300 1163 425 1198 suum,
456 1150 700 1189 severissimi
725 1151 885 1202 imperii
900 1151 1043 1198 virum,
1075 1150 1312 1188 dictatorem
1331 1149 1454 1195 dixit;
1486 1149 1534 1187 ab

87 1236 133 1261 eo
151 1222 196 1261 L.
212 1222 343 1261 Iulius
369 1223 560 1272 magister
584 1223 764 1274 equitum
790 1226 849 1262 est
873 1223 1017 1261 dictus.
1064 1222 1252 1260 Dilectus
1277 1222 1397 1260 simul
1414 1221 1532 1260 edici·
1553 1222 1602 1258 12

86 1299 153 1333 tur
169 1299 210 1334 et
224 1296 440 1343 iustitium,
457 1309 587 1346 neque
605 1296 716 1334 aliud
734 1299 820 1334 tota
835 1295 934 1333 urbe
952 1295 1019 1345 agi
1036 1308 1157 1345 quam
1173 1295 1322 1333 bellum
1335 1295 1535 1345 apparari.

87 1367 277 1418 Cognitio
309 1368 537 1406 vacantium
568 1368 727 1406 militiae
759 1381 921 1406 munere
952 1371 1043 1419 post
1067 1367 1220 1406 bellum
1246 1367 1445 1413 differtur;
1478 1367 1535 1404 ita

86 1439 202 1478 dubii
234 1453 393 1490 quoque
424 1439 622 1478 inclinant
653 1441 704 1478 ad
736 1441 897 1479 nomina
929 1440 1074 1479 danda.
1126 1440 1181 1478 Et
1205 1440 1396 1478 Hernicis
1423 1439 1534 1477 Lati-

87 1512 229 1563 nisque
259 1512 413 1550 milites
441 1512 651 1562 imperati;
682 1514 871 1564 utrinque
898 1513 1015 1552 enixe
1033 1513 1239 1552 obeditum
1257 1512 1449 1550 dictatori
1467 1516 1536 1550 est.

199 1584 300 1623 Haec
332 1585 464 1623 omnia
495 1585 701 1623 celeritate
733 1585 889 1635 ingenti
922 1589 1029 1634 acta;
1070 1586 1294 1637 relictoque
1327 1584 1398 1624 Cn.
1428 1584 1536 1622 Iulio
1619 1581 1670 1628 Ἦ

84 1657 249 1696 consule
281 1657 331 1695 ad
362 1657 596 1708 praesidium
626 1657 742 1696 urbis
774 1661 815 1696 et
841 1658 887 1696 L.
905 1657 1014 1697 Iulio
1046 1659 1240 1708 magistro
1272 1658 1452 1708 equitum
1485 1656 1536 1695 ad

84 1729 220 1768 subita
249 1730 347 1768 belli
379 1730 618 1778 ministeria,
662 1745 710 1769 ne
742 1744 820 1781 qua
850 1744 925 1778 res,
959 1744 1040 1781 qua
1071 1731 1273 1780 eguissent
1306 1730 1347 1768 in
1379 1729 1534 1774 castris,

84 1805 320 1850 moraretur,
362 1802 547 1851 dictator,
586 1807 791 1854 praeeunte
825 1803 874 1842 A.
909 1803 1098 1843 Cornelio
1129 1802 1319 1853 pontifice
1351 1802 1533 1846 maximo,

84 1875 201 1913 ludos
246 1888 411 1924 magnos
452 1876 648 1913 tumultus
690 1889 810 1914 causa
847 1876 972 1921 vovit,
1018 1876 1302 1926 profectusque
1341 1874 1391 1912 ab
1422 1874 1573 1920 urbe,2

83 1947 212 1986 diviso
259 1960 348 1985 cum
382 1947 573 1994 Quinctio
621 1948 782 1986 consule
829 1948 1019 1994 exercitu,
1066 1948 1118 1986 ad
1160 1948 1296 1986 hostes
1338 1947 1534 1998 pervenit.

84 2019 202 2058 Sicut
247 2019 346 2058 bina
392 2024 521 2057 castra
566 2020 742 2058 hostium
787 2033 912 2070 parvo
956 2021 1061 2058 inter
1098 2033 1139 2058 se
1177 2020 1308 2071 spatio
1341 2020 1575 2058 distantia3

82 2091 232 2139 videre,
274 2092 330 2130 ita
369 2092 447 2142 ipsi
479 2105 638 2142 quoque
668 2092 777 2130 mille
808 2093 930 2130 ferme
961 2105 1100 2142 passus
1132 2092 1182 2130 ab
1215 2091 1327 2131 hoste
1361 2093 1536 2130 dictator

83 2163 272 2212 Tusculo,
312 2164 451 2202 consul
483 2164 668 2203 Lanuvio
707 2166 936 2215 propiorem
975 2165 1103 2203 locum
1147 2165 1289 2203 castris
1329 2169 1532 2215 ceperunt.

83 2236 152 2275 Ita
182 2241 374 2287 quattuor
405 2237 617 2284 exercitus,
647 2237 816 2275 totidem
842 2238 1092 2276 munimenta
1109 2238 1322 2288 planitiem
1340 2237 1381 2275 in
1399 2237 1530 2274 medio
1551 2238 1573 2272 4

83 2322 163 2347 non
194 2310 329 2360 parvis
363 2309 479 2347 modo
512 2309 814 2348 excursionibus
845 2309 898 2348 ad
930 2310 1087 2360 proelia‚
1127 2310 1196 2348 sed
1227 2310 1293 2349 vel
1325 2309 1376 2348 ad
1408 2309 1532 2360 expli-

83 2381 232 2420 candas
263 2381 454 2432 utrinque
486 2382 590 2420 acies
622 2382 719 2420 satis
750 2385 952 2433 patentem
985 2382 1200 2421 habebant.
1247 2382 1342 2429 Nec,
1376 2395 1424 2420 ex
1453 2394 1530 2430 quo
1550 2380 1572 2416 5

83 2454 224 2492 castris
271 2456 402 2492 castra
448 2454 595 2492 collata
641 2457 746 2501 sunt,
794 2458 991 2493 cessatum
1033 2469 1055 2493 a
1087 2455 1244 2493 levibus
1275 2454 1429 2504 proeliis
1462 2456 1532 2499 est,

83 2525 202 2563 facile
233 2526 414 2576 patiente
446 2526 656 2573 dictatore,
687 2526 928 2565 conferendo
960 2527 1065 2565 vires
1097 2540 1205 2577 spem
1238 2526 1434 2563 universae
1451 2526 1530 2563 vic·

83 2598 211 2645 toriae,
250 2601 406 2637 tentato
447 2599 642 2649 paulatim
685 2602 832 2637 eventu
863 2599 1140 2646 certaminum,
1179 2611 1270 2635 suos
1301 2597 1531 2647 praecipere.

88 2668 233 2719 Itaque
263 2669 411 2718 hostes,
443 2671 554 2709 nulla
585 2671 626 2708 in
658 2671 802 2722 proelio
835 2671 941 2709 iusto
974 2671 1116 2709 relicta
1142 2682 1221 2720 spe,
1252 2671 1372 2707 noctu
1398 2669 1571 2708 adortib'
