1821 2928
448 98 561 133 Liber
586 97 654 133 IV.
705 97 761 143 (A.
789 98 853 133 Ch.
879 99 1085 141 416-414.)
1405 101 1485 140 243

45 228 236 279 oppidum
283 230 322 264 et
366 226 464 264 fines
509 225 686 263 amisere.
746 225 958 264 Tentatum
998 227 1047 264 ab
1079 226 1123 264 L.
1155 225 1283 264 Decio
1321 226 1526 265 tribunoss

45 300 190 352 plebis,
219 303 265 337 ut
295 298 545 348 rogat-ionem
576 298 713 345 ferret,
744 311 823 347 qua
839 297 963 336 Bolas
980 311 1153 348 quoque,
1184 298 1287 337 sicut
1303 298 1484 346 Lavicos,

46 372 179 411 coloni
211 371 476 417 mitterentur,
507 383 578 420 per
609 370 934 408 intercessionem
961 371 1215 420 collegarum,
1248 372 1318 421 qui
1335 372 1484 410 nullum

46 444 301 496 plebiscitum
346 443 425 480 nisi
470 455 519 479 ex
565 442 803 480 auctoritate
835 445 995 480 senatus
1027 456 1214 492 passuros
1247 456 1287 480 se
1320 444 1484 493 perferri

46 516 320 562 ostenderunt,
352 514 572 552 discussum
605 517 674 551 est.

163 588 274 626 Bolis
305 587 540 636 insequente
579 599 681 624 anno
713 587 884 636 receptis
916 586 1044 637 AEqui
1077 587 1313 637 coloniaque
1346 601 1390 625 eo
1423 587 1487 625 de·
1509 589 1530 623 7

47 661 167 698 ducta
197 660 310 697 novis
341 659 495 696 viribus
513 658 704 709 oppidum
721 658 941 706 firmarunt,
971 658 1146 696 tribunis
1163 659 1335 696 militum
1352 659 1489 698 Romae
1511 660 1617 730 {¹¹6ss
1636 660 1695 729 {142-

46 732 248 771 consulari
280 733 478 781 potestate
511 730 580 768 Cn.
607 730 795 768 Cornelio
827 730 960 778 Cosso,
993 730 1038 768 L.
1066 730 1232 768 Valerio
1260 731 1408 778 Potito,
1441 732 1487 779 Q.
1542 724 1544 727 ¹

46 805 174 843 Fabio
192 803 395 841 Vibulano
430 803 586 849 iterum,
618 803 673 840 M.
691 803 901 841 Postumio
920 803 1161 852 Regillensi.
1207 803 1316 841 Huic
1343 804 1491 841 bellum
1512 804 1536 839 8

47 877 238 915 adversus
269 875 425 925 AEquos
457 875 697 925 permissum
729 878 798 921 est,
828 888 964 925 pravae
996 876 1142 913 mentis
1173 876 1336 923 homini,
1372 889 1488 926 quarn

46 953 179 988 tamen
220 947 390 986 victoria
428 947 556 995 magis
597 959 714 996 quam
746 947 895 984 bellum
929 947 1116 986 ostendit.
1178 947 1279 985 Nam
1311 949 1486 986 exercitu
1508 951 1530 985 9

48 1021 222 1071 impigre
267 1020 416 1070 scripto
463 1019 663 1069 ductoque
709 1019 759 1057 ad
790 1019 924 1066 Bolas,
971 1033 1091 1070 quum
1139 1020 1297 1059 levibus
1339 1021 1490 1070 proeliis

48 1093 271 1143 AEquorum
318 1092 473 1130 animos
520 1091 716 1140 fregisset,
762 1095 963 1142 postremo
1010 1092 1051 1129 in
1098 1092 1290 1142 oppidum
1332 1093 1491 1143 irrupit.

48 1164 211 1202 Deinde
242 1165 291 1202 ab
322 1163 507 1202 hostibus
538 1164 578 1200 in
611 1164 718 1202 cives
749 1167 950 1202 certamen
982 1164 1106 1202 vertit
1138 1168 1189 1211 et,
1235 1177 1357 1214 quum
1389 1165 1492 1202 inter

48 1237 388 1287 oppugnationem
433 1235 611 1285 praedam
657 1236 799 1274 militis
829 1236 914 1274 fore
946 1236 1149 1283 edixisset,
1195 1239 1310 1286 capto
1343 1236 1491 1287 oppido

47 1309 166 1346 fidem
206 1308 387 1346 mutavit.
448 1308 548 1345 Eam
590 1308 717 1358 magis
749 1307 926 1346 adducor
957 1310 1003 1345 ut
1033 1307 1194 1345 credam
1226 1307 1297 1345 irae
1330 1321 1488 1347 causam
1514 1310 1561 1346 lO

48 1380 240 1418 exercitui
271 1380 403 1427 fuisse,
435 1393 554 1429 quam
587 1379 692 1430 quod
725 1380 766 1417 in
799 1380 898 1418 urbe
923 1392 1052 1429 nuper
1080 1379 1238 1430 direpta
1255 1380 1492 1431 coloniaque

47 1465 149 1490 nova
191 1451 322 1489 minus
362 1451 649 1502 praedicatione
680 1452 835 1490 tribuni
866 1451 1013 1502 praedae
1045 1452 1177 1489 fuerit.
1238 1452 1372 1489 Auxit
1404 1466 1487 1490 eam
1512 1456 1555 1490 ll

48 1525 160 1570 iram,
201 1526 413 1574 postquam
450 1523 500 1561 ab
533 1523 697 1573 collegis
729 1524 944 1562 arcessitus
975 1526 1140 1574 propter
1172 1522 1387 1562 seditiones
1418 1526 1490 1562 tri-

47 1595 233 1634 bunicias
265 1595 307 1633 in
337 1596 477 1634 urbem
508 1595 688 1643 revertit,
720 1596 858 1634 audit-a
880 1609 958 1634 vox
976 1596 1061 1633 eius
1079 1596 1121 1633 in
1139 1596 1324 1634 contione
1341 1597 1489 1635 stolida

49 1681 94 1706 ac
124 1680 251 1718 prope
281 1680 429 1715 vecors,
461 1681 539 1718 qua
555 1668 609 1706 M.
629 1666 766 1706 Sextio
796 1668 960 1706 tribuno
992 1668 1122 1718 plebis
1146 1668 1273 1718 legem
1291 1669 1489 1717 agrariam

48 1740 204 1787 ferenti,
235 1740 365 1786 simul,
396 1739 519 1778 Bolas
551 1753 709 1791 quoque
740 1743 786 1778 ut
801 1741 1059 1778 mitterentur
1076 1740 1220 1787 coloni,
1252 1740 1427 1778 laturum
1451 1755 1491 1779 se

49 1811 202 1849 dicenti
218 1811 404 1861 (dignum
436 1813 542 1850 enim
573 1825 669 1860 esse,
700 1812 771 1863 qui
803 1812 923 1850 armis
956 1813 1168 1863 cepissent,
1199 1825 1337 1851 eorum
1353 1813 1490 1851 urbem

49 1896 268 1934 agrumque
307 1883 505 1922 Bolanum
551 1887 652 1932 esse)
687 1883 865 1932 „Malum
913 1884 1072 1934 quidem
1119 1884 1320 1922 militibus
1367 1886 1490 1923 meis‘·

50 1955 195 2005 inquit,
231 1956 336 2002 „nisi
368 1956 630 2006 quieverint.‘·⁴
682 1955 799 2004 Quod
823 1956 1005 1994 auditum
1029 1970 1108 1995 non
1127 1956 1352 1995 contionem
1369 1958 1495 2007 magis

50 2040 169 2077 quam
199 2040 291 2066 mox
320 2030 455 2077 patres
486 2027 661 2066 offendit.
721 2027 775 2065 Et
803 2028 990 2066 tribunus
1020 2028 1163 2079 plebis,
1199 2029 1262 2066 vir
1293 2042 1384 2067 acer
1414 2042 1484 2067 nec
1514 2033 1561 2068 12

50 2099 303 2146 infacundus,
335 2103 477 2137 nactus
504 2100 608 2137 inter
633 2100 884 2138 adversarios
901 2101 1118 2151 superbum
1136 2101 1340 2151 ingenium
1358 2102 1494 2140 immo-

52 2171 262 2222 dicamque
294 2172 488 2221 linguam,
520 2185 637 2221 quam
671 2171 870 2211 irritando
902 2172 1173 2223 agitandoque
1205 2173 1246 2211 in
1271 2186 1336 2211 eas
1354 2174 1494 2224 impel-

52 2243 155 2282 leret
185 2256 314 2291 voees,
362 2256 451 2293 quae
485 2243 648 2282 invidiae
680 2257 759 2282 non
788 2244 865 2295 ipsi
895 2247 1064 2292 tantum,
1106 2245 1176 2283 sed
1215 2258 1343 2283 causae
1375 2248 1495 2296 atque

51 2315 241 2354 universo
259 2315 394 2354 ordini
411 2318 554 2362 essent,
581 2315 781 2354 neminem
798 2329 845 2354 ex
863 2317 1034 2366 collegio
1051 2317 1306 2355 tribunorum
1324 2317 1495 2355 militum

53 2387 197 2438 saepius
244 2400 362 2438 quam
393 2387 644 2425 Postumium
689 2389 728 2426 in
771 2388 1102 2440 disceptationem
1133 2389 1331 2428 trahebat.
1393 2388 1492 2426 Tum
1518 2391 1565 2428 13

53 2471 147 2496 vero
175 2459 391 2498 secundum
416 2463 497 2497 tam
521 2472 670 2498 saevum
688 2463 808 2511 atque
825 2461 1085 2499 inhumanum
1102 2461 1252 2499 dictum
1274 2460 1492 2508 „Auditisfl

54 2529 197 2580 inquit,
245 2531 462 2579 „Quirites,
507 2531 615 2569 sicut
659 2531 786 2570 servis
831 2533 979 2571 malum
1021 2534 1236 2571 minantem
1267 2531 1497 2570 militibus?

56 2599 205 2640 Tamen
236 2603 321 2642 haec
350 2603 470 2642 belua
500 2603 660 2654 dignior
690 2604 804 2642 vobis
833 2607 945 2643 tanto
962 2605 1112 2644 honore
1130 2603 1346 2651 videbitur,
1376 2616 1492 2654 quam
1517 2607 1566 2644 14

58 2672 126 2722 qui
160 2687 230 2712 vos
261 2675 361 2713 urbe
393 2676 580 2726 agrisque
612 2676 778 2715 donatos
811 2677 852 2714 in
877 2677 1054 2715 colonias
1070 2676 1247 2722 mittunt,
1278 2675 1348 2725 qui
1365 2675 1495 2715 sedem

1228 2746 1293 2778 16*
