1821 2928
295 141 348 178 80
675 135 789 169 Liber
814 133 865 168 ΙΙ.
915 136 974 177 (A.
1001 147 1033 168 u.
1061 145 1089 169 c.
1118 136 1219 169 255-
1232 135 1328 179 259.)

254 266 277 302 9
295 263 464 301 AEbutio
481 263 691 300 traiectum
709 262 774 311 sit,
801 262 982 300 Mamilio
999 267 1136 312 pectus
1154 275 1395 312 percussum.
1428 263 1545 301 Hunc
1564 263 1723 313 quidem

297 337 336 373 in
377 335 592 373 secundam
633 335 758 372 aciem
788 334 925 372 Latini
964 347 1168 384 recepere;
1210 335 1400 372 AEbutius
1439 348 1560 385 quum
1591 335 1723 372 saucio

228 408 278 444 10
296 407 460 444 brachio
499 410 634 443 tenere
676 406 800 443 telum
840 420 916 443 non
955 409 1098 456 posset,
1140 418 1274 455 pugna
1316 407 1494 445 excessit.
1556 407 1725 445 Latinus

297 479 377 516 dux
409 477 510 515 nihil
543 477 760 514 deterritus
791 478 955 515 vulnere
986 478 1169 527 proelium
1203 477 1281 515 ciet
1312 482 1361 523 et,
1392 479 1486 527 quia
1516 491 1606 516 suos
1637 491 1725 528 per-

299 551 428 588 culsos
459 549 631 595 videbat,
663 550 827 586 arcessit
853 549 1053 587 cohortem
1079 550 1258 586 exsulum
1283 550 1567 595 Romanorum,
1599 549 1664 588 cui
1680 548 1726 587 L.

299 621 516 671 Tarquinii
556 620 665 658 filius
703 625 886 670 praeerat.
946 621 1005 658 Ea
1043 634 1120 670 quo
1162 622 1310 659 maiore
1350 621 1556 671 pugnabat
1586 621 1646 659 ira
1676 621 1726 659 ob

301 696 436 743 erepta
463 693 568 730 bona
584 692 837 742 patriamque
855 693 1091 742 ademptam,
1118 705 1292 742 pugnam
1309 706 1523 743 parumper
1538 693 1729 730 restituit.

162 763 217 811 20
298 764 583 803 Referentibus
623 764 703 802 iam
734 765 874 814 pedem
905 765 954 801 ab
986 778 1031 802 ea
1062 769 1176 814 parte
1206 765 1412 810 Romanis,
1454 765 1509 802 M.
1541 763 1729 802 Valerius

300 836 521 874 Publicolae
563 836 699 882 frater,
745 837 996 885 conspicatus
1042 836 1213 874 ferocem
1251 836 1434 874 iuvenem
1465 835 1731 885 Tarquinium

300 911 563 946 ostentantem
589 921 630 945 se
659 908 698 944 in
727 907 858 957 prima
883 908 1061 945 exsulum
1087 908 1185 954 acie,
1217 909 1433 946 domestica
1457 908 1576 946 etiam
1601 907 1731 957 gloria

257 982 280 1019 2
299 993 498 1025 accensus,
529 983 584 1026 ut,
615 980 727 1016 cuius
758 979 921 1016 familiae
953 979 1071 1017 decus
1103 980 1219 1017 eiecti
1252 993 1364 1028 reges
1396 984 1522 1028 erant,
1554 978 1731 1018 eiusdem

300 1051 500 1089 interfecti
531 1053 672 1096 forent,
713 1051 849 1088 subdit
881 1051 1052 1089 calcaria
1084 1064 1185 1101 equo
1218 1055 1257 1089 et
1288 1051 1558 1101 Tarquinium
1587 1051 1730 1089 infesto

260 1123 455 1173 3spiculo
500 1123 615 1173 petit.
677 1122 922 1172 Tarquinius
967 1126 1073 1160 retro
1111 1123 1153 1160 in
1195 1137 1336 1172 agmen
1377 1136 1536 1161 suorum
1578 1123 1732 1161 infenso

302 1195 420 1233 cessit
450 1195 573 1240 hosti;
605 1193 813 1232 Valerium
843 1198 992 1232 temere
1024 1195 1223 1232 invectum
1254 1195 1295 1232 in
1326 1194 1506 1233 exsulum
1536 1195 1659 1232 aciem
1686 1208 1732 1233 ex

300 1271 528 1305 transverso
570 1266 730 1316 quidam
771 1266 932 1304 adortus
972 1265 1186 1315 transfigit,
1228 1280 1299 1304 nec
1342 1266 1556 1316 quicquam
1588 1267 1733 1317 equitis

300 1339 466 1377 vulnere
491 1351 592 1388 equo
610 1338 825 1387 retardato,
849 1337 1109 1375 moribundus
1124 1338 1341 1385 Romanus,
1369 1338 1597 1376 labentibus
1613 1351 1734 1388 super

260 1411 285 1447 4
303 1424 446 1461 corpus
477 1410 612 1458 armis,
644 1409 695 1447 ad.
724 1413 870 1447 terram
904 1409 1082 1447 defluxit.
1143 1410 1334 1447 Dictator
1365 1409 1596 1448 Postumius
1626 1414 1733 1460 post-

303 1496 422 1532 quam
461 1481 651 1520 cecidisse
681 1481 802 1519 talem
833 1483 975 1531 virum,
1015 1481 1172 1519 exsules
1204 1481 1394 1519 ferociter
1424 1482 1546 1520 citato
1578 1481 1735 1531 agmine

261 1554 284 1592 5
303 1554 449 1600 invehi,
479 1567 570 1591 suos
594 1553 797 1603 perculsos
824 1553 964 1591 cedere
990 1552 1287 1600 animadvertit,
1319 1553 1473 1591 cohorti
1489 1566 1583 1603 suae,
1616 1566 1735 1604 quam

303 1626 498 1664 delectam
530 1638 688 1663 manum
711 1625 892 1675 praesidii
918 1638 1036 1662 causa
1061 1624 1168 1661 circa
1191 1638 1232 1661 se
1257 1625 1443 1672 habebat,
1474 1624 1544 1662 dat
1569 1625 1736 1674 signum,

302 1702 358 1744 ut,
391 1710 507 1747 quem
537 1709 699 1734 suorum
730 1696 951 1745 fugientem
980 1695 1166 1742 viderint,
1196 1708 1267 1745 pro
1298 1695 1411 1733 hoste
1441 1695 1625 1736 habeant.
1671 1697 1736 1735 Ita

303 1773 411 1807 metu
456 1768 623 1818 ancipiti
668 1768 773 1805 versi
820 1782 843 1805 a
881 1768 975 1816 fuga
1005 1767 1178 1805 Romani
1217 1767 1258 1804 in
1296 1767 1448 1804 hostem
1480 1771 1521 1805 et
1549 1769 1735 1807 restituta

261 1842 283 1878 6
303 1841 420 1880 acies.
467 1839 619 1878 Cohors
652 1839 861 1877 dictatoris
891 1842 978 1877 tum
1008 1840 1179 1889 primum
1212 1839 1396 1888 proelium
1421 1839 1532 1886 iniit;
1566 1839 1737 1890 integris

264 1914 284 1949 7
306 1912 542 1962 corporibus
582 1911 802 1961 animisque
831 1911 954 1949 fessos
985 1910 1116 1948 adorti
1147 1911 1299 1948 exsules
1331 1910 1501 1948 caedunt.
1559 1911 1627 1949 Ibi
1657 1912 1736 1950 alia

306 1985 411 2021 inter
437 1996 621 2033 proceres
644 1986 780 2020 coorta
806 1996 951 2032 pugna.
982 1983 1209 2032 Imperator
1234 1982 1415 2029 Latinus,
1441 1982 1511 2020 ubi
1535 1983 1736 2022 cohortem

305 2056 487 2093 exsulum
526 2069 549 2092 a
587 2054 784 2092 dictatore
814 2054 994 2092 Romano
1033 2067 1157 2104 prope
1194 2054 1504 2091 circumventam
1533 2054 1648 2101 vidit,
1686 2069 1736 2094 ex

305 2126 561 2165 subsidiariis
592 2126 819 2176 manipulos
851 2127 1007 2175 aliquot
1037 2127 1077 2163 in
1108 2125 1277 2175 primam
1309 2126 1434 2163 aciem
1458 2139 1589 2164 secum
1614 2128 1732 2178 rapit.

264 2198 288 2235 8
307 2198 392 2236 Hos
425 2199 580 2247 agmine
611 2198 818 2236 venientes
849 2197 894 2235 Τ.
924 2197 1158 2235 Herminius
1191 2197 1344 2246 legatus
1377 2198 1640 2247 conspicatus,
1677 2200 1736 2237 in·

305 2274 444 2320 terque
469 2284 535 2307 eos
560 2270 754 2318 insignem
779 2273 887 2307 veste
914 2269 1113 2318 armisque
1130 2268 1356 2306 Mamilium
1379 2269 1593 2319 noscitans,
1623 2273 1735 2308 tanto

304 2341 345 2380 vi
386 2341 536 2379 maiore
577 2354 695 2390 quam
736 2341 856 2390 paulo
894 2344 985 2379 ante
1016 2341 1204 2389 magister
1235 2341 1410 2390 equitum
1442 2352 1530 2378 cum
1561 2340 1734 2379 hostium

264 2412 286 2450 9
307 2413 406 2451 duce
437 2412 621 2462 proelium
654 2412 757 2457 iniit,
788 2415 833 2449 ut
864 2415 903 2449 et
932 2425 1011 2450 uno
1043 2412 1124 2450 ictu
1147 2411 1383 2449 transfixum
1410 2425 1481 2462 per
1506 2412 1610 2450 latus
1634 2414 1735 2451 occi-

307 2484 411 2522 derit
426 2483 652 2521 Mamilium
685 2486 723 2519 et
755 2483 837 2531 ipse
870 2483 974 2521 inter
999 2483 1252 2533 spoliandum
1277 2496 1421 2534 corpus
1444 2483 1571 2521 hostis
1593 2488 1734 2522 veruto

306 2568 529 2605 percussus,
562 2567 683 2604 quum
714 2553 841 2591 victor
873 2554 914 2590 in
945 2558 1074 2592 castra
1105 2558 1209 2592 esset
1238 2555 1399 2601 relatus,
1430 2554 1535 2592 inter
1564 2555 1733 2604 primam

246 2628 295 2664 10
313 2626 556 2664 curationem
584 2625 862 2675 exspiraverit.
909 2625 1011 2662 Tum
1034 2625 1084 2662 ad
1111 2626 1263 2675 equites
1280 2625 1451 2662 dictator
1468 2625 1640 2673 advolat,
1666 2627 1733 2665 ob-

309 2701 472 2744 testans,
503 2700 560 2746 ut,
592 2698 694 2735 fesso
725 2697 803 2734 iam
834 2696 979 2746 pedite,
1011 2696 1254 2734 descendant
1284 2710 1331 2733 ex
1364 2697 1474 2745 equis
1499 2700 1538 2734 et
1561 2710 1734 2748 pugnam
