1821 2928
392 168 444 205 48

791 819 1107 867 LIBER
1154 819 1292 867 VII.

218 1034 239 1079 1
291 1031 295 1060 ἶ
330 1002 488 1072 *Annus
534 1035 599 1071 hic
646 1035 723 1073 erit
769 1034 939 1083 insignis
978 1035 1072 1072 novi
1113 1034 1286 1072 hominis
1327 1036 1546 1082 consulatu,
1592 1035 1764 1085 insignis

293 1107 297 1156 ζ
328 1105 443 1141 novis
475 1105 630 1143 duobus
662 1102 977 1151 magistratibus,
1008 1107 1184 1151 praetura
1215 1108 1253 1140 et
1283 1103 1412 1140 curuli
1442 1104 1654 1151 aedilitate;
1691 1104 1763 1142 hos

329 1173 406 1210 sibi
450 1173 614 1222 patricii
656 1171 875 1220 quaesivere
920 1171 1088 1207 honores
1133 1185 1205 1220 pro
1251 1185 1435 1209 concesso
1480 1172 1589 1221 plebi
1635 1173 1761 1222 altero

289 1231 550 1278 2c0nsulati1„
610 1240 756 1277 Plebes
796 1238 1045 1275 consulatum
1076 1238 1120 1275 L.
1153 1237 1304 1286 Sextio,
1345 1240 1458 1277 cuius
1498 1240 1584 1288 lege
1625 1244 1764 1290 partus

122 1307 313 1366 iissz'hc'gffi
335 1313 430 1355 erat,
472 1309 602 1353 dedit3
648 1312 781 1357 patres
822 1311 1037 1355 praeturam
1078 1305 1145 1356 Sp.
1185 1307 1311 1344 Furio
1351 1308 1406 1344 M.
1451 1308 1534 1346 filio
1581 1307 1764 1355 Camillo,

330 1377 563 1413 aedilitatem
603 1375 672 1413 Cn.
704 1375 897 1422 Quinctio
931 1374 1163 1423 Capitolino
1202 1380 1240 1412 et
1271 1375 1317 1412 P.
1349 1374 1537 1413 Cornelio
1568 1374 1764 1426 Scipioni,

333 1457 492 1481 suarum
524 1444 703 1492 gentium
734 1444 845 1489 viris,
877 1443 1009 1491 gratia.
1041 1444 1254 1492 campestri
1287 1448 1488 1493 ceperunt.
1547 1443 1592 1480 L.
1625 1442 1763 1482 Sextio

293 1514 315 1549 3
334 1511 489 1559 collega
520 1526 566 1548 ex
599 1511 784 1560 patribus
816 1512 932 1548 datus
957 1509 1001 1547 L.
1019 1510 1210 1547 AEmilius
1227 1511 1508 1548 Mamercinus.
1553 1511 1767 1561 Principio

334 1579 428 1616 anni
459 1583 497 1615 et
528 1579 576 1615 de
594 1578 736 1626 Gallis,
769 1593 867 1628 quos
883 1579 1013 1628 primo
1030 1579 1186 1627 palatos
1217 1593 1287 1628 per
1304 1579 1499 1628 Apuliam
1529 1579 1766 1628 congregari

331 1647 411 1684 iam
448 1648 553 1683 fama
585 1651 679 1692 erat,
719 1651 755 1683 et
787 1647 835 1683 de
866 1647 1136 1683 Hernicorum
1168 1646 1390 1684 defectione
1421 1647 1576 1696 agitata
1605 1647 1766 1684 mentio.
1796 1684 1803 1687 ,

292 1715 465 1762 4Quum
498 1714 546 1750 de
578 1714 778 1751 industria
810 1714 952 1760 omnia,
993 1728 1041 1750 ne
1082 1714 1181 1763 quid
1222 1727 1292 1763 per
1332 1714 1534 1763 plebeium
1565 1715 1766 1752 consulem

330 1787 525 1831 ageretur,
565 1784 848 1832 proferrentur,
890 1782 1094 1818 silentium
1136 1782 1312 1819 omnium
1350 1795 1484 1819 rerum
1523 1795 1568 1818 ac
1608 1782 1766 1819 iustitio

293 1854 316 1891 5
335 1851 462 1887 simile
495 1851 619 1888 otium
651 1850 737 1896 fuit,
769 1850 849 1886 nisi
881 1850 998 1898 quod,
1030 1864 1109 1887 non
1131 1849 1380 1899 patientibus
1395 1850 1562 1886 tacitum
1577 1849 1765 1897 tribunis,

331 1919 438 1967 quod
491 1932 562 1968 pro
610 1919 770 1956 consule
814 1931 892 1955 uno
938 1917 1096 1967 plebeio
1140 1921 1221 1955 tres
1266 1917 1459 1967 patricios
1504 1917 1765 1966 magistratus

331 1986 538 2023 curulibus
570 1987 678 2023 sellis
709 1990 968 2034 praetextatos
1006 1990 1197 2034 tanquam
1229 1986 1409 2023 consules
1440 1984 1622 2023 sedentes
1652 1985 1765 2023 nobi-

291 2060 319 2102 6J
331 2054 423 2091 litas
455 2055 531 2090 sibi
564 2055 807 2103 sumpsisset,
838 2058 1047 2103 praetorem
1067 2054 1230 2103 quidem
1262 2054 1384 2091 etiam
1414 2053 1504 2090 iura
1532 2051 1765 2090 reddentem

331 2126 369 2158 et
399 2122 593 2170 colleg-‘1111
627 2122 858 2158 consulibus
889 2124 1010 2170 atque
1042 2122 1182 2159 iisdem
1214 2122 1408 2171 auspiciis
1439 2124 1627 2167 creatum,
1656 2133 1764 2158 vere-

330 2189 476 2226 cundia
508 2189 602 2225 inde
640 2190 829 2239 imposita
861 2194 920 2227 est
950 2190 1106 2226 senatui
1137 2203 1183 2226 ex
1214 2190 1398 2239 patribus
1428 2188 1595 2226 iubendi
1627 2188 1765 2225 aediles

329 2258 486 2294 curules
528 2257 666 2293 creari.
726 2257 877 2303 Primo,
917 2260 962 2293 ut
1003 2257 1171 2294 alternis
1211 2257 1326 2295 annis
1367 2271 1414 2295 ex
1455 2257 1572 2307 plebe
1613 2256 1764 2303 fierent,

330 2330 585 2371 convenerat3
616 2329 753 2374 postea
784 2326 1055 2374 promiscuum
1085 2326 1173 2362 fuit.

295 2401 315 2434 7
447 2394 548 2430 Inde
578 2393 623 2429 L.
656 2392 836 2430 Genucio
875 2397 913 2430 et
945 2394 991 2440 Q.
1023 2392 1197 2430 Servilio
1229 2392 1472 2439 consulibus,
1510 2396 1549 2429 et,
1579 2391 1630 2429 ab
1661 2391 1763 2429 sedi-

121 2453 312 2514 ssjssh‘f'ffi}
332 2461 441 2498 tione
473 2466 510 2498 et
542 2475 563 2498 a
594 2461 701 2498 bello
726 2460 873 2509 quietis
903 2460 1035 2507 rebus,
1066 2475 1114 2498 ne
1138 2460 1296 2510 quando
1321 2474 1344 2498 a
1374 2463 1482 2497 metu
1504 2473 1549 2498 ac
1572 2459 1764 2509 periculis

288 2533 528 2576 Svacarent,
560 2528 790 2578 pestilentia
820 2528 960 2576 ingens
992 2533 1089 2565 orta.
1136 2527 1360 2574 Censorem,
1392 2528 1549 2565 aedilem
1575 2527 1763 2573 curulem,

327 2600 408 2633 tres
438 2597 622 2634 tribunos
653 2595 785 2645 plebis
816 2599 992 2633 mortuos
1017 2596 1159 2643 ferunt,
1189 2609 1262 2646 pro
1286 2595 1469 2645 portione
1493 2599 1532 2632 et
1554 2608 1602 2632 ex
1627 2594 1761 2631 multi·
