1821 2928
285 102 368 140 264
690 96 807 132 Liber
831 95 879 131 V.
917 96 976 139 (A.
1001 107 1038 130 u.
1065 107 1094 130 c.
1119 95 1328 139 351—352.)

288 226 425 273 donec,
457 225 653 263 revocatis
678 224 719 261 in
747 223 896 261 curiam
919 223 1113 274 patribus,
1140 226 1300 261 senatus
1325 222 1550 260 consultum
1575 223 1724 260 factum

223 299 273 335 12
293 301 361 345 est,
387 302 433 335 ut
447 297 602 335 tribuni
617 296 824 343 militares,
856 295 1038 333 contione
1056 294 1260 341 advocata,
1278 295 1479 344 equitibus
1496 295 1723 345 peditibus-

291 383 366 420 que
410 369 562 419 gratias
593 371 769 418 agerent,
809 381 1020 405 memorem
1058 366 1220 416 pietatis
1261 379 1396 404 eorum
1427 379 1522 415 erga
1551 366 1725 416 patriam

291 441 473 479 dicerent
496 443 674 478 senatum
691 440 797 486 fore;
822 439 978 489 placere
998 442 1139 485 autem,
1166 437 1350 476 omnibus
1376 438 1438 475 his
1454 438 1725 476 voluntariam

293 516 408 551 extra
449 512 632 550 ordinem
663 511 851 562 professis
893 510 1076 547 militiam
1119 522 1196 547 aera
1235 509 1471 560 p1·ocedere;
1518 513 1558 546 et
1597 509 1725 559 equiti

225 584 274 621 13
293 589 423 622 certus
454 597 641 621 numerus
672 583 762 620 aeris
795 585 853 620 est
884 582 1121 630 assignatus.
1180 581 1283 619 Tum
1310 581 1480 631 primum
1505 581 1618 631 equis
1641 581 1727 619 suis

293 670 445 695 merere
474 656 626 705 equites
654 658 869 705 coeperunt.
932 653 1198 691 Voluntarius
1225 654 1366 690 ductus
1391 653 1587 690 exercitus
1604 652 1728 692 Veios

292 742 371 766 non
412 728 557 766 amissa
597 726 714 764 modo
753 725 933 764 restituit
973 738 1105 774 opera,
1147 724 1216 762 sed.
1256 738 1358 762 nova
1389 725 1508 761 etiam
1541 724 1728 762 instituit.

293 800 360 838 Ab
406 800 506 837 urbe
554 801 793 837 commeatus
840 797 1055 834 intentiore
1102 810 1219 846 quam
1259 799 1376 833 antea
1415 795 1580 834 subvehi
1622 809 1727 843 cura,

294 886 342 909 ne
374 871 472 921 quid
502 874 583 908 tam
615 870 716 907 bene
748 870 891 907 merito
924 868 1119 906 exercitui
1150 867 1200 905 ad
1232 881 1345 904 usum
1377 867 1540 905 deesset.

181 941 206 987 8
409 943 631 992 Insequens
673 955 797 979 annus
842 941 1024 978 tribunos
1070 940 1240 977 militum
1287 939 1485 977 consulari
1530 942 1730 989 potestate

87 1011 200 1082 2³³2?
218 1010 278 1080 {²3}
296 1015 436 1053 habuit
469 1014 509 1051 C.
528 1013 743 1052 Servilium
776 1012 950 1050 Ahalam
981 1013 1156 1059 tertium,
1188 1010 1235 1058 Q„
1255 1010 1484 1061 Servilium,
1517 1011 1564 1049 L.
1581 1011 1730 1060 Vergi-

119 1074 126 1081 ”
193 1075 198 1081 .
253 1072 276 1080 -.
297 1088 419 1136 nium,
455 1085 500 1132 Q.
520 1085 759 1135 Sulpicium,
792 1084 842 1122 A.
861 1084 1056 1121 Manlium
1083 1084 1238 1130 iterum,
1276 1083 1344 1121 Μ’.
1362 1082 1547 1132 Sergium
1574 1083 1736 1120 iterum.

257 1160 279 1195 2
297 1159 374 1197 His
405 1157 591 1204 tribunis,
622 1156 715 1193 dum
747 1170 841 1193 cura
873 1156 1045 1193 omnium
1080 1155 1119 1192 in
1138 1154 1286 1192 Veiens
1317 1155 1465 1192 bellum
1489 1155 1644 1192 intenta
1661 1158 1730 1201 est,

297 1231 522 1279 neglectum
550 1228 711 1267 Anxuri
741 1228 972 1278 praesidium
999 1227 1277 1264 vacationibus
1304 1227 1477 1264 militum
1506 1230 1544 1264 et
1560 1225 1733 1265 Volscos

297 1305 536 1340 mercatores
553 1301 674 1349 vulgo
692 1299 944 1350 receptando,
970 1299 1139 1349 proditis
1156 1301 1320 1348 repente
1335 1302 1543 1348 portarum
1561 1297 1733 1335 custodi-

259 1374 282 1412 3
299 1374 374 1411 bus
406 1386 637 1423 oppressum
670 1375 738 1410 est.
798 1372 934 1409 Minus
959 1372 1127 1408 militum
1152 1371 1283 1420 periit,
1315 1371 1408 1420 quia
1436 1373 1581 1420 praeter
1605 1382 1732 1418 aegros

298 1445 470 1483 lixarum
497 1445 536 1481 in
562 1444 722 1481 modum
751 1457 884 1481 omnes
909 1457 980 1493 per
1006 1456 1122 1491 agros
1149 1443 1380 1492 vicinasque
1406 1442 1526 1480 urbes
1553 1441 1733 1490 negotia-

258 1517 283 1553 4
300 1517 458 1554 bantur.
519 1516 601 1553 Nec
620 1515 737 1552 Veiis
762 1515 903 1558 melius
929 1518 1042 1564 gesta
1067 1528 1141 1561 res,
1173 1514 1279 1562 quod
1304 1517 1389 1550 tum
1415 1517 1535 1564 caput
1558 1513 1734 1551 omnium

300 1602 483 1626 curarum
511 1588 764 1637 publicarum
796 1591 899 1632 erat3
930 1599 1019 1623 nam
1047 1589 1087 1622 et
1112 1585 1229 1622 duces
1256 1585 1427 1622 Romani
1451 1585 1542 1635 plus
1567 1585 1669 1624 inter
1693 1598 1735 1621 se

300 1661 447 1697 irarum
481 1673 598 1709 quam
631 1659 819 1696 adversus
846 1659 977 1695 hostes
1003 1657 1126 1694 animi
1150 1656 1388 1702 habuerunt,
1421 1661 1460 1694 et
1490 1660 1649 1694 auctum
1675 1659 1736 1694 est

261 1730 284 1767 5
304 1731 450 1769 bellum
483 1731 658 1769 adventu
688 1729 898 1779 repentino
926 1728 1188 1778 Capenatium
1220 1733 1338 1778 atque
1364 1728 1624 1766 Faliscorum.
1677 1727 1735 1765 Hi

302 1804 380 1841 duo
398 1803 573 1839 Etruriae
601 1801 753 1851 populi,
785 1801 879 1850 quia
905 1800 1080 1850 proximi
1104 1800 1266 1849 regione
1284 1803 1407 1846 erant,
1436 1799 1604 1836 devictis
1621 1798 1735 1837 Veiis

261 1875 407 1912 6bello
450 1887 607 1923 quoque
648 1872 828 1910 Romano
870 1886 909 1910 se
959 1872 1160 1922 proximos
1200 1872 1284 1908 fore
1324 1871 1540 1918 credentes,
1587 1870 1736 1908 Falisci

302 1946 466 1995 propria
497 1946 613 1982 etiam
646 1958 764 1982 causa
790 1945 938 1990 infesti,
972 1943 1077 1993 quod
1102 1943 1290 1980 Fidenati
1317 1943 1422 1980 bello
1447 1956 1487 1980 se
1514 1943 1592 1980 iam
1618 1944 1736 1980 antea

302 2017 607 2063 immiscuerant,
642 2030 713 2066 per
740 2017 893 2065 legatos
924 2017 1031 2053 ultro
1064 2016 1245 2064 citroque
1278 2016 1416 2052 missos
1447 2015 1533 2052 iure
1563 2013 1739 2052 iurando

112 2102 130 2114 ·
302 2089 407 2125 inter
438 2102 477 2125 se
510 2088 690 2137 obligati,
723 2101 811 2125 cum
843 2088 1084 2125 exercitibus
1114 2086 1353 2136 necopinato
1385 2087 1436 2123 ad
1454 2085 1578 2124 Veios
1605 2098 1735 2123 acces-

263 2161 400 2197 7sere.
462 2159 584 2197 Forte
625 2173 670 2197 ea
710 2160 883 2208 regione,
925 2172 1004 2209 qua
1035 2157 1103 2196 Μ’.
1135 2157 1299 2206 Sergius
1336 2157 1523 2194 tribunus
1561 2157 1737 2195 militum

303 2234 486 2281 praeerat,
531 2234 661 2268 castra
701 2231 831 2269 adorti
874 2235 976 2277 sunt,
1016 2231 1297 2279 ingentemque
1326 2232 1519 2266 terrorem
1551 2229 1734 2274 intulere,

303 2303 398 2352 quia
430 2302 634 2339 Etruriam
677 2295 829 2339 omnem
872 2303 1040 2340 excitam
1072 2301 1232 2339 sedibus
1273 2313 1417 2349 magna
1457 2301 1559 2338 mole
1599 2299 1736 2338 adesse

303 2374 477 2411 Romani
508 2373 772 2410 crediderant.
832 2373 983 2410 Eadem
1017 2373 1152 2425 opinio
1179 2372 1367 2410 Veientes
1401 2372 1443 2408 in
1473 2371 1574 2409 urbe
1605 2371 1736 2409 conci-

262 2447 415 2484 8tavit.
486 2446 551 2483 Ita
596 2445 761 2495 ancipiti
801 2446 943 2495 proelio
989 2448 1121 2482 castra
1157 2444 1338 2482 Romana
1377 2443 1738 2492 oppugnabantur;

303 2521 664 2567 concursantesque
695 2529 815 2567 quum
847 2517 922 2553 huc
954 2519 1073 2565 atque
1098 2516 1195 2553 illuc
1221 2515 1335 2563 signa
1358 2513 1632 2560 transferrent,
1663 2526 1740 2551 nec

304 2588 514 2626 Veientem
541 2589 639 2627 satis
666 2588 854 2626 cohibere
883 2587 988 2624 intra
1006 2587 1247 2623 munitiones
1274 2598 1346 2622 nec
1372 2585 1453 2622 suis
1478 2583 1736 2622 munimentis

261 2661 438 2699 9arcere
470 2661 549 2698 vim
590 2673 635 2698 ac
675 2660 783 2697 tueri
825 2673 865 2698 se
906 2657 957 2695 ab
998 2658 1196 2695 exteriore
1236 2658 1421 2706 poterant
1461 2655 1584 2694 hoste.
1643 2655 1739 2694 'Una
