1821 2928
456 378 558 450 ΙΟ.
609 376 763 449 NIC.
815 376 1226 460 MADVIGIL

647 478 842 500 PRom-:SSORIS
861 479 1050 503 UAUNIENSls,

122 584 958 682 ADVERSARIA
1029 584 1570 681 ORITIOA

290 739 372 777 AD
406 738 753 777 SCRIPTORES
787 737 1023 776 GRAECOS
1054 739 1125 776 ET
1157 738 1413 777 LATINOS.

722 842 761 873 V
776 841 810 874 Ο
825 840 873 873 L.
905 841 926 873 1
940 841 974 873 Ι.

516 929 932 965 EMENDATIONES
958 930 1179 964 LATINAE.

239 1059 508 1129 Absolvitur
539 1086 619 1127 hoc
658 1086 875 1128 volumine
915 1100 1023 1141 opus
1063 1090 1163 1128 ante
1196 1085 1304 1128 duos
1336 1099 1471 1127 annos
1504 1085 1573 1127 edi

124 1158 328 1209 coeptum,
352 1155 701 1209 transferturque
725 1155 781 1196 ad
798 1154 982 1196 Latinos
1001 1154 1231 1208 scriptores
1250 1154 1401 1196 eadem
1420 1154 1571 1205 forma,

128 1238 213 1278 qua¹
244 1229 398 1266 auctor
427 1224 571 1278 priore
603 1223 833 1276 volumine,
867 1222 1137 1265 adumbratis
1160 1224 1300 1277 primo
1327 1222 1435 1264 libro
1468 1223 1574 1264 artis

126 1292 430 1334 coniecturalis
453 1293 632 1346 legibus,
658 1293 794 1334 altero
822 1297 863 1333 et
890 1292 1044 1332 ceteris
1071 1291 1274 1346 deinceps
1297 1291 1418 1333 libris
1435 1306 1573 1346 usque

129 1360 185 1402 ad
211 1361 408 1414 quintum
436 1362 669 1414 scriptores
696 1360 876 1402 Graecos
901 1365 1144 1413 temporum
1174 1360 1371 1401 ordinem
1388 1374 1574 1414 sequens

126 1430 373 1483 percensuit
422 1429 836 1483 emendationesque
883 1428 1118 1469 multorum
1165 1442 1374 1470 annorum
1423 1429 1575 1471 studiis

126 1503 252 1540 natas
284 1499 495 1553 exposuit.
548 1498 607 1539 Et
640 1511 904 1551 quamquam
937 1497 992 1538 ad
1024 1496 1283 1538 Latinorum
1317 1497 1574 1551 scriptorum

129 1581 261 1622 opera
309 1567 476 1608 mendis
516 1566 741 1608 liberanda
789 1565 1156 1620 expoliendaque.
1202 1565 1389 1607 maxime
1435 1579 1575 1620 prosae

128 1636 336 1677 orationis
373 1635 544 1677 Latinae
575 1635 792 1688 principis.
837 1633 1071 1686 Ciceronis,
1104 1634 1291 1688 plurima
1321 1634 1441 1675 libris
1474 1638 1575 1676 ante

131 1704 258 1745 editis
292 1704 518 1757 evulgavit,
559 1702 729 1744 Livium
763 1708 923 1755 auten]7
966 1716 1095 1757 quem
1135 1707 1276 1745 totum
1309 1707 1410 1744 ante
1442 1717 1577 1744 annos

130 1787 216 1814 non
248 1772 408 1814 multos
440 1771 577 1813 edidit
609 1772 787 1825 eiusque
822 1771 1023 1813 editionis
1060 1776 1207 1826 partes
1248 1771 1361 1826 (libr.
1395 1771 1579 1812 XXI—

131 1840 277 1881 XXV
317 1845 358 1881 et
390 1838 537 1895 I--V)
576 1854 716 1894 nuper
745 1841 988 1891 renovavit.
1033 1841 1206 1881 omnino
1246 1839 1300 1881 ab
1332 1840 1413 1881 hoc
1447 1854 1576 1894 opere

133 1908 326 1960 exclusit.
344 1912 489 1948 tamen
507 1912 730 1961 supererat
751 1909 1104 1961 expromiturque
1123 1907 1191 1948 hic
1209 1908 1391 1949 materia
1411 1906 1578 1950 Graecae

133 1977 368 2031 superioris
408 1975 636 2017 voluminis
684 1975 818 2029 (1011111ἲ
865 1975 970 2016 nihil
1009 1976 1179 2017 cedens.
1248 1976 1407 2017 Sextus
1446 1977 1579 2029 igitur

133 2046 244 2087 liber
274 2049 426 2099 poetas
458 2043 640 2085 Latinos
672 2058 692 2084 ss
728 2043 886 2085 Plauto
919 2058 1056 2097 usque
1088 2043 1143 2086 ad
1172 2044 1361 2086 Statium
1395 2049 1437 2086 et
1463 2045 1580 2087 Mar-

132 2114 278 2155 tialem
314 2113 604 2167 persequitur.
638 2112 691 2154 ad
725 2112 834 2153 alios
866 2113 1085 2166 pauciora.
1118 2113 1173 2154 ad
1199 2113 1308 2155 ulios
1332 2113 1455 2168 plum
1481 2128 1579 2156 con-

134 2183 291 2223 tinens.
324 2181 452 2234 longe
484 2180 669 2235 plurimu
703 2180 756 2221 ad
790 2180 992 2222 Ovidium
1027 2182 1086 2235 (p.
1121 2181 1352 2237 66—109)‚
1385 2182 1439 2223 ad
1478 2181 1580 2224 Ver-

135 2250 281 2304 gilium
310 2250 436 2291 etiam
468 2253 509 2290 et
535 2248 766 2290 Horatium
796 2249 993 2303 quaedain
1027 2250 1248 2292 notabilia.
1299 2250 1460 2292 Poetas
1485 2265 1580 2305 sep-

134 2320 240 2360 timo
280 2318 391 2360 libro
429 2318 646 2372 excipiunt
675 2318 859 2371 primum
894 2317 1105 2360 Varronis
1131 2318 1229 2360 libri
1269 2324 1310 2360 et
1344 2319 1396 2361 de
1431 2319 1579 2372 lingua

136 2386 295 2428 Latina
337 2392 377 2428 et
418 2386 470 2427 (lc
511 2400 555 2427 rc
595 2388 773 2429 rustica:
824 2388 1023 2441 sequitur
1063 2387 1118 2428 acl
1158 2386 1382 2429 Ciceronis
1421 2388 1578 2441 scripta

137 2454 402 2509 spicilegium
438 2455 788 2496 emendationum
823 2469 908 2496 non
939 2460 1069 2497 tenue
1103 2456 1162 2509 (p.
1198 2456 1455 2509 181—245).
1489 2461 1578 2497 tum

137 2523 193 2564 ad
218 2520 434 2564 Caesarem
466 2523 685 2577 librosque
713 2520 970 2564 Caesarianis
1003 2524 1178 2576 adiungi
1203 2523 1353 2565 solitos
1379 2523 1580 2565 emenda-

138 2591 302 2633 tionum
337 2592 457 2645 copia
491 2591 700 2632 hactenus
733 2591 821 2631 fere
854 2590 1020 2632 illibata
1055 2596 1095 2632 et
1121 2591 1175 2633 :ul
1200 2590 1449 2633 Sallustium
1480 2605 1582 2632 non·

140 2658 267 2700 nulla.
324 2659 459 2700 Liber
489 2664 664 2700 octavus
697 2660 749 2700 ad
783 2664 999 2710 urgentem
1033 2660 1171 2701 fvtatis
1204 2673 1341 2713 proszc
1375 2659 1581 2700 orationis
