1821 2928
269 104 321 141 98
647 99 761 134 Liber
785 98 836 133 11.
886 101 949 144 (A.
974 111 1009 133 u.
1036 111 1065 135 c.
1090 100 1298 144 263—266.)

267 227 449 265 finitimis
475 227 648 277 populis,
683 227 910 276 spectaculo
935 228 1124 265 abeuntes
1155 228 1306 266 fuisse?
1329 231 1480 266 vestras
1496 227 1697 277 coniuges,

226 300 421 337 4vestros
453 299 604 336 liberos
633 298 838 336 traductos
866 312 939 349 ,per
970 312 1039 336 ora
1078 299 1311 337 hominum?
1371 299 1479 347 Quid
1517 312 1594 350 eos,
1627 299 1698 349 qui

268 371 456 408 audivere
486 383 623 408 vocem
654 371 861 420 praeconis,
895 371 1003 420 quid,
1023 372 1092 420 qui
1118 384 1188 408 nos
1211 371 1347 409 videre
1372 371 1574 421 abeuntes„
1599 370 1698 422 quid

268 456 344 490 eos,
387 443 454 492 qui
496 443 589 479 huic
640 442 904 491 ignominioso
944 443 1093 491 agmini
1128 442 1238 479 fuere
1277 442 1398 492 obvii,
1447 442 1697 480 existimasse

268 514 430 564 putatis,
462 514 539 551 nisi
571 513 736 563 aliquod
766 514 943 563 profecto
975 514 1085 551 nefas
1131 528 1228 561 esse,
1269 527 1359 564 quo,
1404 514 1439 552 si
1471 514 1698 552 intersimus

269 585 509 636 spectaculo,
541 586 730 623 violaturi
761 586 883 623 simus
911 586 1025 623 ludos
1063 586 1344 636 piaculumque
1370 585 1572 632 merituri;
1605 584 1696 622 ideo

228 655 250 692 5
269 671 339 695 nos
371 657 420 695 ab
453 658 544 694 sede
574 657 745 707 piorum,
778 660 880 694 coetu
912 658 1163 707 concilioque
1195 657 1338 707 abigi?
1385 657 1492 704 Quid
1524 655 1698 694 deinde?

267 729 366 766 illud
397 742 476 766 non
508 730 718 776 succurrit,
748 729 882 766 vivere
913 742 995 775 nos,
1020 729 1126 779 quod
1159 730 1439 766 maturarimus
1469 727 1699 779 proficisci?

273 801 306 838 si
335 801 408 838 hoc
450 800 644 850 profectio
686 804 726 837 et
757 813 833 837 non
866 801 960 850 fuga
991 805 1060 838 est.
1119 801 1173 838 Et
1210 801 1311 837 hanc
1343 802 1482 838 urbem
1519 813 1589 837 vos
1619 813 1698 837 non

267 873 440 910 hostium
473 872 631 918 ducitis,
657 872 726 909 ubi
752 872 783 908 si
815 885 936 909 unum
965 872 1066 910 diem
1100 873 1243 910 morati
1269 873 1419 923 essetis,
1451 871 1699 909 moriendum

269 945 451 981 omnibus
468 943 572 981 fuit?
612 943 770 980 Bellum
789 944 902 981 vobis
920 944 1113 982 indictum
1142 947 1215 994 est,
1244 957 1386 992 magno
1415 957 1548 982 eorum
1582 943 1699 990 malo,

225 1017 247 1052 6
268 1017 337 1066 qui
354 1016 548 1062 indixere,
573 1016 605 1052 si
630 1016 705 1052 viri
731 1016 863 1052 estisst‘
901 1015 965 1052 Ita
1000 1020 1037 1052 et
1065 1030 1134 1053 sua
1171 1020 1310 1066 sponte
1344 1016 1491 1052 irarum
1518 1015 1629 1066 pleni
1661 1018 1701 1052 et

268 1089 427 1125 incitati
454 1088 591 1124 domos
617 1088 709 1124 inde
735 1087 907 1135 digressi
935 1093 1037 1134 sunt,
1071 1089 1380 1138 instigandoque
1404 1101 1496 1125 suos
1530 1087 1699 1136 quisque

267 1161 436 1210 populos
468 1159 642 1203 effecere,
675 1162 718 1195 ut
750 1172 861 1195 omne
895 1158 1083 1196 Volscum
1117 1174 1258 1197 nomen
1292 1159 1488 1197 deficeret.

146 1226 200 1274 39
384 1231 652 1280 Imperatores
677 1230 725 1267 ad
744 1230 783 1266 id
808 1230 957 1267 bellum
986 1232 1033 1268 de
1058 1232 1229 1268 omnium
1248 1231 1486 1281 populorum
1504 1229 1702 1267 sententia

268 1304 361 1340 lecti
379 1302 518 1340 Attius
537 1301 698 1338 Tullius
728 1306 765 1338 et
793 1301 864 1340 Cn.
883 1302 1072 1352 Marcius,
1099 1304 1210 1340 exsul
1234 1303 1450 1351 Romanus,
1477 1303 1516 1340 in
1534 1314 1612 1351 quo
1631 1301 1703 1339 ali-

219 1379 241 1414 2
261 1377 409 1426 quanto
427 1374 517 1423 plus
542 1374 625 1422 spei
643 1374 872 1423 repositum.
922 1374 1047 1420 Quam
1076 1388 1184 1424 spem
1211 1387 1460 1424 nequaquam
1485 1373 1639 1420 fefellit,
1656 1375 1702 1410 ut

268 1447 384 1484 facile
417 1448 639 1494 appareret,
663 1445 829 1482 ducibus
854 1446 1087 1483 validiorem
1113 1459 1230 1496 quarn
1258 1446 1438 1482 exercitu
1455 1458 1537 1482 rem
1554 1444 1700 1482 Roma·

270 1532 359 1556 narn
393 1531 489 1556 esse.
525 1516 698 1553 Circeios
729 1518 929 1566 profectus
961 1518 1132 1567 primum
1165 1518 1325 1555 colonos
1363 1516 1455 1554 inde
1499 1517 1702 1554 Romanos

226 1592 249 1628 3
269 1589 427 1639 expulit
450 1588 699 1636 liberamque
726 1601 810 1624 eam
835 1589 970 1625 urbem
1002 1589 1161 1627 Volscis
1187 1588 1374 1635 tradidit3
1402 1588 1493 1625 inde
1517 1588 1558 1625 in
1588 1587 1702 1625 Lati-

268 1675 357 1699 nam
389 1661 492 1698 viam
523 1659 761 1696 transversis
792 1660 1020 1697 tramitibus
1053 1665 1321 1709 transgressus
1354 1659 1565 1708 Satricum,
1594 1659 1698 1697 Lon-

270 1734 417 1782 gulam,
465 1732 688 1778 Poluscam,
736 1731 929 1780 Coriolos,
976 1733 1133 1769 novella
1182 1732 1265 1769 haee
1312 1731 1504 1769 Romanis
1551 1729 1701 1781 oppida

226 1805 434 1850 4ademit3
482 1804 574 1841 inde
621 1803 834 1841 Lavinium
875 1804 1041 1852 recepit3
1081 1808 1163 1840 tum
1211 1803 1399 1852 deinceps
1446 1802 1700 1852 Corbionem,

241 1876 493 1914 5Vitelliam.
527 1875 728 1921 Trebium,
759 1875 941 1923 Lavicos,
982 1875 1137 1912 Pedum
1178 1875 1293 1925 cepit.
1356 1874 1607 1912 Postremum
1651 1873 1702 1912 ad

270 1949 408 1985 urbem
441 1962 463 1985 a
494 1947 605 1985 Pedo
639 1947 759 1996 ducit,
793 1950 829 1983 et
862 1947 910 1983 ad
943 1947 1067 1984 fossas
1107 1946 1275 1984 Cluilias
1315 1946 1490 1996 quinque
1522 1946 1571 1983 ab
1603 1945 1702 1983 urbe

271 2020 397 2056 millia
416 2032 603 2069 passuum
630 2019 770 2056 castris
787 2019 939 2068 positis,
956 2019 1172 2068 populatur
1195 2019 1287 2056 inde
1311 2031 1450 2067 agrum
1465 2017 1702 2068 Romanum,

229 2094 250 2130 6
271 2091 504 2128 custodibus
536 2091 639 2128 inter
669 2091 925 2140 populatores
949 2091 1090 2140 missis,
1118 2090 1186 2140 qui
1213 2090 1473 2140 patriciorum
1500 2101 1615 2137 agros
1643 2088 1702 2126 in-

271 2166 398 2199 tactos
438 2166 654 2211 servarent,
695 2162 778 2199 sive
811 2162 985 2199 infensus
1016 2162 1125 2211 plebi
1156 2162 1282 2211 magis
1314 2162 1395 2200 sive
1426 2164 1471 2197 ut
1502 2159 1703 2198 discordia

232 2234 254 2269 7
275 2234 365 2271 inde
399 2234 503 2271 inter
533 2238 666 2283 patres
698 2234 934 2283 plebemque
967 2236 1157 2273 oreretur.
1205 2233 1301 2280 Quae
1332 2233 1510 2283 profecto
1542 2234 1629 2270 orta
1645 2244 1704 2270 es·

273 2310 333 2343 set
364 2304 481 2357 (adeo
513 2306 665 2341 tribuni
700 2306 776 2342 iam
808 2305 978 2341 ferocem
1010 2318 1080 2354 per
1118 2319 1158 2342 se
1196 2306 1351 2355 plebem
1384 2304 1630 2342 criminando
1661 2303 1702 2340 in

274 2377 468 2427 primores
501 2376 678 2413 civitatis
710 2375 997 2428 instigabant);
1029 2376 1096 2414 sed
1130 2380 1317 2413 externus
1340 2376 1471 2423 timor,
1486 2375 1701 2413 maximum

274 2448 495 2486 concordiae
526 2446 743 2495 vinculum,
778 2448 958 2495 quamvis
990 2452 1192 2497 suspectos
1225 2447 1479 2496 infensosque
1517 2447 1621 2484 inter
1660 2459 1702 2484 se

233 2520 467 2568 Siungebat
498 2519 661 2556 animos.
725 2517 773 2554 Id
817 2518 932 2555 modo
972 2532 1049 2556 non
1091 2519 1362 2568 conveniebat,
1405 2518 1511 2567 quod
1543 2520 1702 2555 senatus

274 2592 533 2642 consulesque
579 2602 772 2639 nusquam
819 2589 915 2626 alibi
962 2602 1066 2639 spem
1116 2602 1232 2639 quam
1265 2589 1305 2626 in
1337 2589 1456 2626 armis
1487 2588 1702 2639 ponebant,

236 2669 257 2703 9
277 2663 413 2713 plebes
445 2663 575 2700 omnia
607 2674 722 2710 quam
757 2661 905 2697 bellum
937 2660 1120 2697 malebat.
1153 2659 1220 2710 Sp.
1252 2659 1425 2698 Nautius
1450 2660 1527 2697 iam
1554 2662 1593 2697 et
1611 2658 1700 2698 Sex.
