1821 2928
759 141 874 177 Liber
898 141 924 176 I.
1511 145 1560 183 17

240 267 340 307 Haec
364 270 485 307 ferme
501 268 673 307 Romulo
698 271 890 319 regnante
914 269 1021 306 domi
1048 269 1287 319 militiaeque
1311 271 1434 318 gesta,
1466 281 1560 318 quo·
1579 271 1602 307 6

123 353 212 378 rum
257 340 361 377 nihil
393 340 586 378 absonum
617 339 713 378 fidei
746 339 896 378 divinae
930 340 1098 389 originis
1133 339 1441 390 divinitatisque
1473 343 1563 389 post

127 415 293 450 mortem
325 412 486 450 creditae
517 412 607 460 fuit,
639 424 718 449 non
750 411 905 448 animus
933 411 973 448 in
1000 425 1123 460 regno
1149 412 1254 450 avito
1278 411 1563 461 recuperando,

127 497 207 522 non
240 483 455 522 condendae
486 483 599 521 urbis
631 483 854 530 consilium,
896 496 976 521 non
1006 483 1113 520 bello
1145 497 1190 521 ac
1220 496 1318 534 pace
1349 482 1565 520 firmandae.

128 555 197 594 Ab
243 556 314 593 illo
360 556 464 593 enim
509 555 687 604 profecto
730 554 887 591 viribus
934 553 1037 592 datis
1082 557 1237 592 tantum
1267 555 1407 602 valuit,
1451 559 1496 592 ut
1526 555 1609 592 in7

127 627 398 677 quadraginta
429 626 574 665 deinde
605 638 729 664 annos
760 628 887 663 tutam
918 639 1055 676 pacem
1085 626 1262 664 haberet.
1310 624 1608 664 Multitudini8

128 701 262 737 tamen
285 699 438 748 gratior
464 698 539 735 fuit
566 711 685 747 quam
715 698 920 748 patribuS‚
954 697 1073 747 longe
1099 701 1190 735 ante
1213 697 1313 735 alios
1338 698 1566 748 acceptissi—

127 783 213 808 mus
245 770 416 808 militum
448 769 610 815 animis3
641 772 920 819 trecentosque
952 772 1126 807 armatos
1157 769 1207 806 ad
1232 769 1458 807 custodiam
1485 783 1568 808 cor-

127 842 249 892 poris,
281 854 380 891 quos
398 840 557 879 Celeres
591 841 821 892 appellavit,
854 855 934 879 non
965 841 1008 878 in
1039 841 1147 878 bello
1179 841 1320 888 solum,
1353 841 1423 878 sed
1450 842 1569 879 etiam

131 913 172 950 in
204 926 300 964 pace
330 913 484 951 habuit.

244 985 322 1023 His
345 985 637 1023 immortalibus
662 983 780 1022 editis
807 983 1011 1034 operibus,
1037 997 1158 1034 quum
1182 984 1234 1022 ad
1260 983 1481 1022 exercitum
1507 998 1569 1022 re·
1660 983 1709 1031 16

131 1056 372 1094 censendum
404 1056 631 1094 contionem
671 1056 711 1092 in
745 1068 883 1106 campo
916 1056 967 1094 ad
1000 1055 1145 1106 Caprae
1176 1056 1364 1107 paludem
1396 1056 1571 1103 haberet,

131 1128 264 1166 subito
296 1131 432 1167 coorta
458 1131 673 1178 tempestas
699 1140 788 1164 cum
818 1140 961 1177 magno
985 1127 1147 1176 fragore
1170 1128 1468 1178 tonitribusque
1491 1132 1573 1166 tam

130 1200 254 1238 denso
285 1213 418 1249 regem
450 1200 611 1250 operuit
642 1199 791 1246 nimbo,
823 1202 868 1237 ut
899 1203 1157 1250 conspectum
1188 1200 1273 1237 eius
1291 1200 1470 1237 contioni
1486 1200 1573 1237 abs-

133 1272 289 1318 tulerit3
336 1285 408 1309 nee
439 1271 585 1309 deinde
617 1272 659 1309 in
691 1271 809 1308 terris
841 1270 1038 1308 Romulus
1070 1271 1158 1309 suit.
1219 1271 1403 1309 Romana
1434 1271 1572 1321 pubes,
1591 1270 1614 1306 2

134 1343 272 1382 sedato
303 1343 465 1381 tandem
497 1356 657 1393 pavore,
704 1346 917 1393 postquam
949 1356 998 1380 ex
1031 1347 1111 1380 tam
1142 1343 1305 1381 turbido
1338 1343 1402 1380 die
1435 1356 1577 1381 serena

132 1420 173 1454 et
202 1415 424 1465 tranquilla
455 1415 524 1451 lux
556 1414 690 1459 rediit,
721 1414 790 1451 ubi
821 1427 986 1451 vacuam
1015 1413 1148 1451 sedem
1171 1415 1326 1464 regiam
1353 1414 1467 1463 vidit,
1501 1415 1578 1452 etsi

132 1487 229 1524 satis
261 1486 451 1524 credebat
482 1486 676 1536 patribus,
709 1486 778 1535 qui
810 1486 984 1535 proximi
1011 1488 1216 1531 steterant,
1249 1486 1460 1524 sublimem
1486 1499 1575 1536 rap-

133 1561 218 1596 tum
262 1558 454 1608 procella,
501 1562 633 1595 tamen
679 1557 788 1595 velut
820 1557 1008 1595 orbitatis
1041 1560 1149 1594 metu
1179 1558 1260 1595 icta
1290 1561 1470 1595 maestum
1503 1558 1578 1595 ali-

134 1629 328 1680 quamdiu
352 1629 557 1667 silentium
586 1629 773 1666 obtinuit.
818 1628 980 1666 Deinde
1007 1642 1029 1665 a
1057 1629 1194 1678 paucis
1222 1629 1339 1666 initio
1367 1629 1484 1676 facto,
1511 1629 1577 1667 de·
1597 1632 1620 1669 3

134 1714 200 1738 um
248 1700 320 1738 deo
367 1706 517 1747 natum,
562 1712 697 1749 regem
743 1703 1030 1750 parentemque
1061 1701 1171 1738 urbis
1204 1701 1394 1739 Romanae
1426 1701 1580 1739 salvere

135 1773 312 1810 universi
330 1773 545 1810 Romulum
577 1771 740 1818 iubent3
772 1785 909 1822 pacem
941 1772 1129 1822 precibus
1161 1777 1392 1822 exposcunt,
1423 1773 1483 1810 uti
1512 1786 1581 1811 vo-

134 1844 219 1882 lens
252 1845 457 1894 propitius
488 1857 598 1882 suam
631 1857 784 1894 semper
816 1844 983 1894 sospitet
1003 1844 1252 1894 progeniem.
1300 1844 1443 1882 Fuisse
1462 1845 1623 1884 ored04

133 1920 218 1954 tum
250 1929 410 1966 quoque
443 1916 611 1965 aliquos,
657 1915 726 1964 qui
760 1915 1005 1966 discerptum
1039 1929 1173 1965 regem
1205 1920 1366 1966 patrum
1398 1917 1581 1954 manibus

133 1988 250 2026 taciti
282 1990 515 2037 arguerent;
563 1987 741 2024 manavit
774 1987 878 2024 enim
910 1987 994 2025 haec
1027 2001 1198 2037 quoque,
1238 1988 1307 2026 sed
1339 1989 1582 2038 perobscura

135 2060 256 2105 fama3
287 2059 399 2096 illam
431 2059 597 2096 alteram
629 2057 839 2096 admiratio
868 2059 946 2097 viri
973 2063 1012 2097 et
1038 2072 1162 2109 pavor
1188 2073 1363 2110 praesens
1390 2060 1581 2098 nobilita·

134 2132 203 2169 vit.
251 2131 302 2167 Et
334 2130 502 2167 consilio
534 2130 653 2167 etiam
685 2130 803 2168 unius
834 2131 1007 2169 hominis
1033 2130 1173 2169 addita
1209 2132 1268 2169 rei
1292 2131 1442 2169 dieitur
1464 2131 1576 2171 fides.
1597 2130 1622 2168 5

134 2201 317 2252 Namque
349 2201 545 2239 Proculus
576 2200 716 2248 Iulius,
765 2202 939 2240 sollicita
971 2203 1136 2241 civitate
1168 2203 1369 2241 desiderio
1401 2204 1508 2253 regis
1542 2206 1582 2241 et

137 2274 292 2311 infensa
317 2273 512 2323 patribus,
543 2273 690 2321 gravis,
722 2277 768 2311 ut
793 2273 980 2320 traditur,
1013 2275 1198 2324 quamvis
1223 2288 1379 2325 magnae
1405 2276 1463 2313 rei
1490 2288 1580 2312 auc-

135 2348 212 2395 tor,
246 2345 287 2382 in
320 2344 547 2383 contionem
578 2344 726 2395 prodit.
792 2345 1039 2391 „Romulus“
1077 2346 1223 2396 inquit,
1261 2345 1476 2393 „Quirites,
1507 2360 1577 2397 pa·
1597 2347 1620 2383 6

136 2430 228 2454 rens
260 2416 372 2454 urbis
403 2416 532 2463 huius,
561 2417 691 2467 prima
719 2416 912 2454 hodierna
944 2417 1032 2455 luce
1065 2418 1160 2455 caelo
1192 2421 1357 2468 repente
1389 2418 1578 2468 delapsus

136 2501 177 2526 se
209 2488 309 2525 mihi
340 2488 500 2525 obvium
532 2488 656 2526 dedit.
706 2487 837 2535 Quum
868 2489 1052 2538 perfusus
1079 2490 1244 2528 horrore
1273 2489 1580 2528 venerabundus

138 2559 396 2606 adstitissem,
427 2563 565 2609 petens
591 2559 790 2610 precibus,
818 2563 863 2596 ut
887 2563 1026 2598 contra
1057 2561 1205 2599 intueri
1231 2562 1288 2599 fas
1314 2564 1427 2606 esset,
1459 2561 1582 2610 „Abi‚
1604 2561 1627 2598 7

139 2632 304 2669 nuntia“
356 2631 489 2680 inquit
524 2631 751 2681 „Romanis,
797 2631 975 2669 caelestes
1008 2632 1066 2670 ita
1096 2633 1213 2682 velle,
1260 2636 1303 2669 ut
1334 2645 1419 2669 mea
1450 2632 1578 2670 Roma

141 2707 261 2753 eaput
284 2702 392 2741 orbis
416 2706 612 2740 terrarum
640 2703 709 2749 sit3
734 2703 903 2753 proinde
930 2717 1012 2740 rem
1031 2705 1243 2742 militarem
1261 2703 1407 2749 colant,
1432 2703 1578 2742 sciant-

213 2787 320 2813 Livius
339 2794 378 2813 ox
399 2795 459 2813 rec.
480 2788 639 2820 Madvigii.
676 2788 701 2813 1.
1354 2781 1375 2814 2
