1821 2928
248 139 299 176 76
627 134 741 168 Liber
765 131 818 166 II.
868 133 930 174 (A.
957 143 992 165 u.
1019 143 1047 166 c.
1073 132 1282 176 247—25‘2.)

247 261 435 300 adversus
474 261 553 298 vim
595 273 675 297 usae
714 259 964 296 declinavere
1001 259 1217 308 paululum,
1257 257 1453 308 effuseque
1484 259 1669 309 praelatos

205 333 380 371 Shostes
412 332 612 370 conversis
651 331 775 381 signis
814 331 863 369 ab
894 334 1005 379 tergo
1038 330 1186 368 adortae
1218 334 1318 368 sunt.
1378 330 1444 368 Ita
1474 330 1517 368 in
1549 331 1678 369 medio

248 418 372 455 prope
419 405 496 441 iam
542 403 715 441 victores
761 403 855 440 caesi
899 402 1074 441 Etrusci.
1159 401 1260 439 Pars
1304 402 1534 452 perexigua,
1579 402 1678 440 duce

248 477 402 523 amisso,
434 476 528 526 quia
559 475 712 512 nullum
744 475 908 524 propius
939 472 1164 523 perfugium
1189 477 1286 520 erat,
1316 473 1486 511 Romam
1509 474 1680 512 inermes

250 552 288 586 et
318 548 477 586 fortuna
508 550 547 584 et
578 547 707 597 specie
739 546 963 596 supplicum
996 544 1121 583 delati
1151 549 1255 583 sunt.
1316 545 1382 583 Ibi
1414 545 1586 594 benigne
1617 558 1679 583 ex-

211 620 232 655 9
252 620 357 670 cepti
391 619 588 668 divisique
621 619 660 655 in
692 618 878 668 hospitia.
941 616 1102 654 Curatis
1133 617 1376 664 vulneribus,
1410 617 1480 655 alii
1510 616 1681 667 profecti

250 692 397 737 domos,
428 691 560 728 nuntii
591 690 850 740 hospitalium
882 688 1185 735 beneficiorum
1217 689 1362 726 multos
1379 688 1517 726 Romae
1547 688 1680 738 hospi-

249 767 333 800 tum
364 763 556 812 urbisque
588 763 733 800 caritas
762 761 904 800 tenuit.
954 760 1029 797 His
1053 760 1163 797 locus
1187 760 1238 798 ad
1264 760 1524 798 habitandum
1555 759 1683 808 datus,

251 849 366 886 quem
399 835 542 872 deinde
574 834 746 872 Tuscum
777 833 908 871 vicum
940 831 1204 881 appellarunt.

116 903 163 949 15
366 907 411 944 P.
429 907 641 944 Lucretius
673 905 766 942 inde
799 908 835 942 et
854 904 900 941 P.
919 904 1108 942 Valerius
1125 903 1340 941 Publicola
1372 903 1553 941 consules
1577 903 1684 941 facti.

45 965 231 1033 ffuc'hcjgg}
251 978 310 1016 Eo
342 992 444 1016 anno
475 982 719 1028 postremum
751 977 875 1025 legati
906 990 928 1014 a
956 976 1156 1014 Porsinna
1187 976 1235 1013 de
1265 975 1492 1013 reducendo
1524 975 1564 1012 in
1595 987 1683 1024 reg-

252 1063 344 1088 num
362 1049 584 1099 Tarquinio
616 1053 836 1094 vene1·unt;
869 1048 1013 1097 quibus
1045 1061 1165 1097 quum
1188 1060 1421 1098 responsum
1447 1050 1561 1095 esset,
1592 1047 1686 1084 mis·

253 1135 387 1160 surum
414 1122 464 1159 ad
492 1134 623 1170 regem
651 1124 830 1158 senatum
858 1120 1021 1169 legatos,
1053 1119 1166 1157 missi
1193 1119 1398 1157 confestim
1423 1118 1686 1157 honoratissi-

210 1193 232 1228 2
252 1207 337 1231 mus
368 1194 538 1243 quisque
571 1206 591 1230 e
622 1193 817 1242 patribus.
865 1192 951 1230 Non
986 1192 1082 1241 quin
1114 1192 1291 1229 breviter
1315 1191 1431 1229 reddi
1453 1203 1685 1241 responsum

252 1266 441 1316 potuerit,
475 1278 554 1301 non
580 1264 706 1313 recipi
730 1277 854 1313 reges,
881 1264 971 1301 ideo
995 1264 1128 1313 potius
1150 1262 1324 1301 delectos
1341 1265 1499 1312 patrum
1530 1261 1580 1300 ad
1598 1275 1686 1300 eum

255 1338 403 1382 missos,
446 1349 563 1386 quam
605 1336 748 1384 legatis
782 1336 865 1373 eius
895 1335 1033 1373 Roma>
1065 1335 1229 1373 daretur
1259 1346 1501 1385 responsum,
1542 1334 1612 1371 sed
1642 1336 1688 1371 ut

258 1410 299 1447 in
331 1411 569 1459 perpetuum
601 1408 750 1445 mentio
784 1408 867 1445 eius
897 1407 957 1444 rei
989 1406 1184 1454 finiretur,
1214 1419 1293 1443 neu
1324 1406 1364 1443 in
1388 1405 1512 1443 tantis
1539 1405 1687 1442 mutuis

256 1480 461 1519 beneficiis
479 1481 519 1517 in
536 1481 661 1517 vicem
681 1480 802 1518 animi
819 1479 1146 1528 sollicitarentur,
1173 1491 1293 1528 quum
1310 1477 1378 1515 ille
1394 1480 1562 1527 peteret,
1581 1476 1689 1527 quod

257 1558 395 1591 contra
422 1553 647 1589 libertatem
675 1551 814 1600 populi
832 1550 1004 1588 Romani
1031 1555 1145 1600 esset,
1170 1550 1353 1596 Romani,
1382 1549 1463 1586 nisi
1487 1549 1531 1587 in
1555 1548 1688 1599 perni-

258 1625 356 1662 ciem
398 1637 509 1661 suam
540 1622 679 1660 faciles
711 1635 795 1659 esse
826 1622 987 1670 vellent,
1031 1625 1234 1671 negarent,
1275 1621 1338 1658 cui
1369 1620 1472 1658 nihil
1502 1623 1690 1669 negatum

216 1698 238 1734 3
257 1696 418 1734 vellent.
481 1694 572 1732 Non
605 1694 647 1730 in
679 1706 801 1742 regno
832 1694 1024 1743 populum
1055 1693 1291 1739 Romanum,
1330 1692 1399 1730 sed
1430 1692 1471 1729 in
1502 1691 1690 1730 libertate

259 1781 354 1806 esse.
408 1767 473 1804 Ita
503 1765 706 1803 induxisse
737 1766 777 1802 in
809 1765 996 1813 animum,
1028 1765 1210 1802 hostibus
1241 1764 1373 1814 potius
1404 1766 1541 1814 portas
1573 1776 1691 1813 quam

258 1839 419 1888 regibus
462 1838 705 1888 patefacere3
750 1850 795 1874 ea
833 1850 916 1874 esse
956 1839 1049 1875 vota
1080 1836 1264 1882 omnium,
1309 1839 1366 1885 ut,
1412 1835 1480 1886 qui
1510 1835 1692 1873 libertati

217 1912 241 1947 4
260 1911 337 1948 erit
370 1910 409 1947 in
440 1910 512 1946 illa
536 1909 635 1946 urbe
659 1908 764 1954 finis,
797 1908 902 1946 idem
925 1909 1015 1945 urbi
1042 1909 1104 1945 sit.
1151 1908 1341 1957 Proinde,
1373 1907 1406 1944 si
1431 1907 1581 1944 salvam
1608 1919 1691 1944 esse

217 1982 381 2020 5vellet
411 1981 592 2027 Romam,
636 1983 681 2017 ut
726 1980 903 2030 patiatur
935 1980 1106 2018 liberam
1137 1992 1232 2026 esse,
1279 1992 1403 2018 orare.
1462 1978 1551 2016 Rex
1580 1990 1690 2016 vere·

259 2053 404 2090 cundia
435 2053 562 2090 victus
599 2051 794 2100 „Quando
826 2051 867 2089 id
908 2055 1057 2088 certum
1089 2055 1209 2100 atque
1242 2052 1485 2089 obstinatum
1516 2049 1598 2087 est“
1633 2049 1691 2086 in-

260 2126 358 2175 quit,
381 2138 531 2174 „neque
558 2137 631 2173 ego
660 2123 875 2161 obtundam
903 2123 1048 2173 saepius
1073 2123 1210 2160 eadem
1237 2123 1501 2172 nequicquam
1526 2120 1691 2170 agendo,

259 2209 329 2234 nec
348 2196 589 2245 Tarquinios
620 2209 689 2246 spe
720 2195 874 2241 auxilii,
906 2194 1012 2244 quod
1038 2195 1192 2231 nullum
1218 2194 1259 2231 in
1276 2207 1336 2231 me
1354 2197 1425 2244 est,
1456 2192 1690 2230 frustrabor.

261 2267 401 2305 Alium
433 2267 539 2315 hinc,
581 2281 649 2305 seu
682 2267 791 2304 bello
830 2279 928 2317 opus
961 2270 1019 2303 est
1050 2279 1118 2303 seu
1150 2266 1296 2315 quiete,
1338 2264 1478 2303 exsilio
1511 2265 1693 2314 quaerant

218 2341 241 2377 6
260 2339 402 2387 locum,
428 2352 476 2375 ne
502 2339 600 2387 quid
624 2352 751 2376 meam
775 2339 981 2376 vobiscum
997 2351 1133 2387 pacem
1150 2337 1376 2374 distineat.“
1424 2336 1560 2374 Dictis
1587 2335 1692 2373 facta

262 2411 453 2448 amiciora
480 2409 647 2455 adiecit3
675 2409 857 2447 obsidum
875 2409 981 2458 quod
999 2409 1200 2458 reliquum
1218 2411 1314 2457 erat,
1333 2407 1527 2453 reddidit;
1552 2419 1693 2455 agrum

219 2482 240 2517 7
260 2482 485 2528 Veientem,
509 2481 658 2518 foedere
684 2481 734 2518 ad
751 2480 975 2517 Ianiculum
1006 2480 1084 2518 icto
1103 2481 1340 2531 ademptum,
1365 2478 1558 2518 restituit.
1595 2476 1692 2514 Tar-

261 2554 435 2603 quinius,
468 2566 537 2602 spe
568 2552 677 2590 omni
708 2551 860 2588 reditus
893 2551 1031 2597 incisa,
1063 2552 1285 2589 exsulatum
1317 2551 1367 2588 ad
1394 2562 1582 2599 generum
1605 2548 1691 2586 Ma.-

261 2625 415 2662 milium
447 2623 657 2661 Octavium
689 2622 909 2660 Tusculum
957 2621 1068 2659 abiit.
1129 2622 1319 2659 Romanis
1366 2634 1442 2671 pax
1485 2619 1566 2657 fida
1605 2619 1692 2670 [ita]

263 2708 349 2733 cum
381 2695 579 2733 Porsinna
609 2694 694 2731 fuit.
