1821 2928
410 204 488 241 158
816 214 902 238 mur
922 213 973 238 ix.
1013 214 1059 241 (A.
1079 221 1106 238 u.
1127 221 1151 239 c.
1171 216 1326 244 434-435.)

351 341 437 377 quae
483 327 533 365 ad
581 327 776 364 Caudium
822 327 964 364 amissa
1010 330 1132 373 erant,
1173 331 1223 373 et,
1267 328 1373 377 quod
1406 328 1535 366 omnia
1566 330 1781 379 superabat

349 395 509 444 gaudia,
543 395 746 444 equitibus
777 395 1033 443 recuperatis,
1059 408 1156 444 quos
1179 394 1348 444 pignora
1371 396 1484 445 pacis
1501 396 1780 436 custodiendos

308 463 560 500 8Luceriam
600 461 801 500 Samnites
842 463 1045 500 dederant.
1119 463 1241 500 Haud
1282 464 1402 501 ferme
1440 463 1518 501 alia
1559 465 1779 503 mutatione

350 532 482 568 subita
522 544 653 567 rerum
693 531 841 567 clarior
879 531 1048 568 victoria
1079 530 1218 580 populi
1248 530 1420 568 Romani
1452 533 1521 578 est,
1554 532 1587 569 si
1618 533 1780 582 quidem

350 599 481 645 etiam,
515 599 621 648 quod
654 598 893 647 quibusdam
921 598 958 634 fn
982 598 1191 635 annalibus
1210 598 1379 644 invenio,
1395 598 1567 637 Pontius
1585 600 1781 638 Herennii

348 667 464 713 filius,
492 665 729 703 Samnitium
756 667 983 716 imperator,
1006 669 1050 702 ut
1077 666 1256 715 expiaret
1280 667 1483 703 consulum
1508 667 1779 716 ignominiam,

311 734 424 771 9sub
473 734 608 783 iugum
657 747 743 771 cum
790 734 932 771 ceteris
979 739 1036 770 est
1082 734 1234 770 missus.
1323 733 1508 771 Ceterum
1562 734 1602 771 id
1649 736 1779 774 minus

348 802 488 847 miror,
535 803 744 839 obscurum
798 815 880 839 esse
926 801 973 838 de
1019 802 1192 838 hostium
1238 801 1336 838 duce
1383 801 1519 839 dedito
1564 803 1779 853 missoque;

350 869 389 906 id
428 870 554 918 magis
592 864 776 907 mirabile
814 874 873 907 est
910 870 1072 917 ambigi,
1114 869 1314 906 Luciusne
1351 869 1560 907 Cornelius
1605 870 1780 909 dictator

348 951 435 974 cum
474 938 519 974 L.
558 938 726 987 Papirio
768 937 937 975 Cursore
979 938 1168 986 magistro
1201 938 1380 986 equitum
1411 951 1476 974 eas
1505 951 1567 974 res
1599 938 1649 975 ad.
1680 937 1779 976 Cau-

282 1005 459 1042 lodium
492 1009 610 1054 atque
642 1005 734 1042 inde
766 1005 976 1042 Luceriam
1008 1005 1184 1053 gesserit,
1216 1006 1403 1055 ultorque
1434 1006 1573 1043 unicus
1589 1006 1780 1044 Romanae

348 1073 586 1121 ignominiae,
617 1073 724 1110 haud
756 1073 874 1110 sciam
901 1087 950 1110 an
976 1073 1190 1111 iustissimo
1214 1073 1419 1123 triumpho
1445 1073 1496 1111 ad
1519 1086 1606 1111 eam
1624 1076 1780 1112 aetat-em

346 1141 560 1178 secundum
593 1141 759 1178 Furium
791 1140 1016 1187 Camillum,
1047 1141 1367 1190 triumphaverit,
1400 1154 1450 1177 an
1483 1142 1686 1179 consulum
1702 1142 1779 1180 Pa-

282 1220 325 1255 11
348 1209 523 1258 piriique
553 1209 798 1258 praecipuum
827 1209 867 1246 id
893 1208 1011 1246 decus
1036 1209 1100 1246 sit.
1143 1207 1334 1258 Sequitur
1357 1209 1461 1246 hunc
1486 1222 1659 1247 errorem
1676 1209 1780 1247 alius

140 1285 326 1345 ᾒ-ιὲῂεέιὸίό
349 1291 468 1322 error,
501 1276 699 1314 Cursorne
731 1277 921 1326 Papirius
951 1277 1143 1325 proximis
1174 1276 1344 1313 comitiis
1375 1290 1463 1313 cum
1481 1276 1526 1323 Q.
1544 1276 1669 1315 Aulio
1688 1276 1779 1315 Cer·

170 1338 175 1344 ”
241 1338 247 1344 ’
302 1325 326 1345 ³⁸
345 1349 483 1382 retano
515 1345 669 1391 iterum,
701 1345 750 1382 ob
783 1358 864 1381 rem
895 1345 994 1381 bene
1027 1346 1177 1392 gestam
1193 1343 1373 1381 Luceriae
1400 1344 1630 1382 continuato
1656 1345 1778 1394 magi-

347 1416 485 1459 stratu,
517 1412 653 1450 consul
682 1412 848 1449 tertium
881 1415 1035 1449 creatus
1066 1412 1128 1458 sit,
1160 1426 1210 1449 an
1241 1411 1286 1448 L.
1314 1411 1503 1461 Papirius
1529 1411 1780 1460 Mugillanus

347 1485 386 1518 et
418 1481 460 1517 in
492 1480 725 1529 cognomine
756 1483 929 1517 erratum
961 1481 1024 1517 sit.

215 1542 266 1589 16
463 1548 659 1585 Convenit
698 1548 775 1584 iam
816 1547 908 1584 inde
946 1561 1016 1597 per
1053 1548 1231 1585 consules
1268 1547 1425 1597 reliqua
1460 1547 1558 1585 belli
1594 1547 1781 1597 perfecta.

347 1616 495 1653 Aulius
528 1629 615 1652 cum
646 1615 859 1652 Frentanis
889 1628 968 1652 uno
1000 1615 1171 1652 secundo
1203 1615 1346 1664 proelio
1371 1614 1598 1662 debellavit,
1624 1616 1778 1653 urbem·

348 1692 431 1733 que·
455 1684 591 1732 ipsam,
623 1697 700 1732 quo
732 1697 771 1720 se
802 1683 889 1720 fusa
921 1683 1143 1720 contulerat
1179 1682 1295 1729 acies,
1335 1682 1542 1720 obsidibus
1572 1683 1780 1733 imperatis

306 1751 390 1788 2121
422 1752 667 1789 deditionem
699 1752 861 1800 accepit.
920 1751 1017 1787 Pari
1049 1751 1208 1787 fortuna
1241 1750 1375 1787 consul
1407 1751 1509 1787 alter
1541 1763 1627 1787 cum
1653 1749 1778 1788 Satri-

348 1819 467 1866 canis,
499 1819 568 1868 qui
600 1819 705 1856 cives
737 1819 910 1856 Romani
942 1822 1032 1868 poz-:t
1063 1817 1282 1855 Caudinam
1317 1818 1468 1854 cladem
1500 1818 1550 1855 ad
1582 1816 1781 1856 Samnites

348 1887 576 1924 defecerant
616 1886 927 1936 prasidiumque
969 1899 1103 1923 eorum
1142 1885 1182 1922 in
1219 1885 1357 1921 urbem
1405 1889 1649 1934 acceperant,
1695 1899 1777 1922 rem

307 1956 329 1990 3
348 1955 479 2003 gessit.
539 1955 640 1991 Nam
671 1968 791 2003 quum
823 1954 873 1990 ad
905 1954 1047 1990 moenia
1064 1952 1210 1990 Satrici
1242 1953 1423 1989 admotus
1447 1955 1547 1989 esset
1573 1953 1778 1999 exercitus,

347 2010 569 2071 legatisque
601 2023 732 2059 missis
764 2022 814 2059 ad
846 2035 982 2071 pacem
1016 2034 1102 2057 cum
1134 2021 1318 2070 precibus
1349 2020 1559 2069 petendam
1580 2019 1695 2057 triste
1721 2033 1780 2057 re-

348 2103 533 2139 sponsum
566 2090 614 2126 ab
649 2089 807 2126 consule
840 2089 1041 2126 redditum
1073 2092 1184 2134 esset,
1216 2088 1292 2124 nisi
1324 2087 1512 2137 praesidio
1537 2085 1780 2124 Samnitium

348 2158 556 2194 interfecto
588 2161 655 2193 aut
684 2157 835 2194 tradito
867 2172 914 2194 ne
947 2157 996 2193 ad
1029 2170 1068 2193 se
1100 2159 1332 2201 remearent,
1363 2155 1451 2204 plus
1483 2168 1529 2192 ea
1550 2167 1646 2192 voce
1663 2167 1781 2204 quam

310 2226 332 2261 4
352 2226 471 2262 armis
503 2225 628 2261 illatis
658 2226 823 2262 terroris
857 2225 1006 2262 colonis
1039 2224 1240 2261 iniectum.
1299 2222 1441 2271 Itaque
1472 2221 1643 2260 subinde
1675 2235 1780 2259 exse-

349 2298 524 2341 quuntur
555 2293 767 2342 quaerendo
800 2306 821 2329 a
853 2292 1012 2329 consule
1045 2291 1179 2339 legati,
1212 2302 1383 2339 quonam
1415 2302 1455 2326 se
1485 2293 1602 2339 paeto
1634 2303 1781 2339 paucos

348 2367 385 2397 et
419 2361 595 2397 infirmos
628 2359 808 2397 crederet
838 2359 1026 2409 praesidio
1058 2362 1138 2395 tam
1169 2358 1305 2395 valido
1337 2361 1376 2394 et
1406 2360 1557 2395 armato
1587 2357 1669 2394 vim
1684 2357 1781 2394 alla-

349 2434 471 2465 turos.
547 2428 614 2465 Ab
654 2427 795 2465 iisdem
837 2428 1043 2464 consilium
1073 2429 1207 2475 petere
1239 2425 1345 2471 iussi,
1377 2424 1521 2474 quibus
1552 2425 1781 2462 auctoribus

309 2497 330 2533 5
350 2496 579 2545 praesidium
607 2496 646 2532 in
670 2495 806 2532 urbem
835 2495 1089 2544 accepissent,
1117 2493 1338 2539 discedunt,
1355 2504 1536 2542 aegreque
1555 2492 1784 2541 impetrato,

348 2567 391 2600 ut
424 2563 472 2599 <le
503 2577 547 2600 ea
578 2577 621 2600 re
653 2563 804 2599 consuli
836 2566 1013 2599 senatum
1045 2572 1312 2610 responsaque
1343 2559 1394 2596 ad
1425 2572 1465 2596 se
1505 2559 1647 2596 referri
1680 2559 1781 2597 sine-

311 2634 334 2668 6
353 2636 424 2677 ret,
455 2631 505 2669 ad
537 2645 626 2668 suos
652 2631 830 2671 redeunt.
876 2629 979 2667 Duae
1006 2628 1198 2665 sactiones
1224 2630 1401 2665 senatum
1419 2625 1675 2673 distinebant,
1692 2638 1783 2672 una,
