1821 2928
354 188 406 225 98
797 194 885 219 Liber
903 193 988 218 vm.
1026 192 1073 220 (A.
1093 200 1121 218 u.
1141 200 1166 218 c.
1185 194 1255 222 414.)

246 313 269 348 9
293 313 568 355 evocaverunt,
600 308 746 358 quibus
779 307 1032 356 imperarent,
1063 319 1151 356 quae
1180 306 1341 344 vellent.
1414 307 1615 345 Praetores
1644 311 1734 346 tum

294 379 392 416 duos
423 378 586 415 Latium
618 375 813 421 habebat,
850 374 896 412 L.
926 375 1108 412 Annium
1141 373 1321 412 Setinum
1355 379 1394 411 et
1423 375 1468 411 L.
1499 374 1728 413 Numisium

292 446 571 490 Circeiensem,
601 443 718 482 ambo
751 456 798 480 ex
829 443 998 480 coloniis
1029 442 1233 489 Romanis,
1263 456 1333 491 per
1357 456 1456 492 quos
1477 446 1621 492 praeter
1638 441 1730 492 Sig-

290 515 399 552 niam
431 513 706 561 Velitrasque,
751 514 789 548 et
829 511 936 560 ipsas
978 510 1155 548 colonias
1184 510 1405 556 Romanas,
1437 509 1576 547 Volsci
1608 510 1729 547 etiam

227 584 276 620 10
294 582 419 620 exciti
450 581 501 618 ad
532 593 642 618 arma
673 582 805 625 erant3
837 592 903 615 eos
934 577 1171 615 nominatim
1202 579 1360 615 evocari
1385 577 1548 627 placuit.
1606 578 1729 616 Haud

293 650 480 698 cuiquam
512 647 679 684 dubium
710 650 806 693 erat,
852 659 969 696 super
1000 659 1079 696 qua
1108 659 1151 683 re
1182 645 1425 691 accirentu1·;
1471 645 1608 695 itaque
1639 660 1729 685 con-

293 717 390 754 cilio
435 715 548 766 prius
592 714 731 752 habito
763 718 966 764 praetoreS,
1011 727 1129 762 quam
1159 713 1328 751 Romam
1373 712 1732 762 proficiscerentur,

292 787 476 823 evocatos
506 796 546 820 se
578 782 628 820 ab
660 786 800 819 senatu
831 782 975 819 docent
1004 781 1198 827 Romano,
1230 784 1269 818 et
1305 793 1393 830 quae
1424 784 1556 818 aetum
1587 781 1640 818 iri
1672 795 1731 819 se-

294 866 382 889 cum
429 851 613 897 eredant3
659 850 851 899 quidnam
890 849 941 887 ad
989 863 1034 886 ea
1063 848 1299 898 responderi
1331 849 1500 897 placeat,
1543 849 1735 887 referunt.

302 919 432 967 Quum
464 918 576 956 aliud
607 918 680 955 alii
712 922 928 964 censerent,
957 922 1043 954 tum
1059 916 1240 955 Annius:
1275 915 1539 964 „Quanquam
1554 916 1640 966 ipse
1657 930 1730 966 ego

292 987 444 1033 rettuli,
489 985 587 1035 quid
632 985 867 1035 responderi
898 986 1093 1034 placeret,
1137 988 1271 1022 tamen
1301 984 1429 1032 magis
1459 983 1511 1021 ad
1541 997 1735 1022 summam

294 1068 426 1092 rerum
444 1057 670 1091 nostrarum
686 1053 888 1103 pertinere
906 1053 1095 1099 arbitror,
1127 1052 1226 1101 quid
1243 1052 1441 1100 agendum
1456 1051 1583 1099 nobis,
1613 1065 1733 1102 quam

297 1122 397 1172 quid
428 1121 672 1170 loquendum
704 1121 765 1158 sit.
825 1121 964 1158 Facile
996 1120 1083 1166 erit,
1116 1119 1327 1169 explicatis
1360 1119 1552 1166 consiliis,
1583 1133 1735 1158 accom-

253 1192 276 1227 2
295 1189 458 1227 modare
487 1189 606 1226 rebus
635 1188 770 1226 verba.
829 1188 931 1226 Nam
962 1187 996 1225 si
1028 1188 1148 1225 etiam
1180 1201 1283 1224 nunc
1307 1187 1379 1224 sub
1406 1187 1546 1224 umbra
1570 1187 1733 1225 foederis

296 1257 399 1307 aequi
431 1257 663 1294 servitutem
694 1257 779 1306 pati
811 1269 1030 1305 possumus,
1061 1255 1159 1304 quid
1183 1256 1306 1301 abest,
1337 1255 1449 1304 quin,
1478 1255 1653 1304 proditis
1670 1254 1734 1293 Si-

296 1325 456 1371 dicinis,
486 1338 566 1362 non
597 1324 869 1362 Romanorum
900 1324 1039 1369 solum,
1070 1323 1138 1361 sed
1163 1321 1404 1360 Samnitium
1433 1336 1592 1373 quoque
1623 1323 1733 1361 dicto

297 1406 518 1443 pareamuS,
548 1392 936 1442 respondeamusque
953 1391 1158 1437 Romanis,
1183 1404 1266 1437 nOS,
1289 1391 1359 1427 ubi
1382 1391 1598 1438 innuerint,
1627 1391 1737 1441 posi-

258 1463 281 1498 :3
297 1467 408 1498 turos
439 1460 577 1498 arma?
615 1459 689 1498 Sin
714 1464 846 1497 autem
870 1459 1032 1497 tandem
1055 1458 1258 1497 libertatis
1275 1450 1520 1497 desiderium
1534 1459 1734 1497 remordet

299 1529 465 1575 animos,
497 1528 532 1565 si
563 1528 692 1566 foedus
724 1528 826 1578 [est]‚
871 1528 904 1564 si
937 1527 1108 1564 societas
1139 1528 1312 1577 aequatio
1344 1527 1446 1564 iuris
1477 1530 1547 1573 est,
1577 1527 1612 1564 si
1643 1540 1734 1565 con-

299 1596 537 1645 sanguineos
568 1609 639 1633 nos
670 1595 944 1633 Romanorum
975 1608 1070 1640 esse,
1115 1595 1223 1643 quod
1261 1595 1358 1632 olim
1399 1594 1586 1644 pudebat,
1631 1608 1735 1632 nunc

299 1663 469 1713 gloriari
501 1663 608 1710 licet,
653 1664 687 1701 si
718 1663 881 1700 socialis
913 1663 998 1699 illis
1029 1662 1225 1699 exercitus
1257 1663 1289 1699 is
1321 1666 1391 1708 est,
1436 1676 1515 1711 quo
1545 1662 1736 1700 adiuncto

299 1731 510 1782 duplicent
538 1731 645 1768 vires
677 1744 777 1777 suas,
810 1743 926 1779 quem
958 1742 1161 1766 secernere
1187 1730 1237 1767 ab
1261 1744 1302 1767 se
1327 1729 1497 1767 consilia
1513 1729 1631 1767 bellis
1646 1743 1738 1779 pro-

302 1799 404 1849 priis
434 1799 633 1849 ponendis
665 1798 946 1847 sumendisque
976 1797 1120 1843 nolint,
1151 1809 1220 1833 cur
1246 1811 1325 1834 non
1351 1797 1484 1834 omnia
1500 1797 1738 1846 aequantur?

258 1868 369 1904 4cur
399 1880 479 1904 non
510 1866 611 1904 alter
642 1867 692 1903 ab
722 1865 882 1903 Latinis
913 1865 1051 1902 consul
1083 1863 1229 1901 datur?
1259 1864 1345 1902 Ubi
1375 1878 1468 1914 pars
1490 1865 1648 1912 virium,
1679 1865 1739 1903 ibi

261 1935 284 1971 5
301 1940 340 1972 et
370 1934 529 1984 imperii
558 1947 652 1984 pars
683 1938 777 1971 esto·
835 1933 909 1970 Est
934 1933 1096 1982 quidem
1120 1932 1237 1969 nobis
1263 1932 1338 1969 hoc
1353 1946 1424 1982 per
1441 1945 1481 1969 se
1497 1933 1604 1970 haud
1620 1933 1741 1970 nimis

302 2003 490 2052 amplum,
521 2002 670 2051 quippe
702 2001 1023 2046 concedentibus,
1053 2000 1224 2037 Romam
1247 2003 1369 2049 caput
1389 1999 1511 2037 Latio
1536 2014 1639 2047 esse3
1670 2000 1740 2038 sed

267 2071 289 2107 6
308 2074 352 2106 ut
383 2070 557 2119 amplum
587 2069 718 2106 videri
750 2072 894 2118 posset,
925 2068 1115 2104 diuturna
1146 2068 1344 2117 patientia.
1373 2068 1549 2106 fecimus.
1607 2067 1739 2117 Atqui

305 2138 338 2174 si
371 2136 530 2187 quando
561 2150 736 2186 unquam
767 2135 1024 2173 consociandi
1057 2135 1229 2184 imperii,
1272 2135 1510 2185 usurpandae
1541 2135 1741 2173 libertatis

306 2210 462 2254 tempus
494 2205 675 2254 optastis,
721 2218 770 2254 en
800 2205 874 2241 hoc
906 2208 1062 2252 tempus
1103 2204 1226 2250 adest,
1273 2207 1311 2241 et
1346 2203 1496 2241 virtute
1534 2207 1667 2241 vestra
1703 2207 1743 2241 et

268 2274 289 2309 7
308 2273 425 2309 deum
455 2272 704 2320 benignitate
728 2271 844 2308 vobis
862 2271 1010 2308 datum.
1070 2269 1273 2308 Tentastis
1296 2271 1534 2320 patientiam
1558 2271 1746 2320 negando

305 2340 486 2377 militem.
546 2339 645 2386 Quis
676 2339 845 2386 dubitat,
883 2339 1078 2376 exarsisse
1108 2352 1185 2385 eos,
1216 2351 1337 2387 quum
1366 2339 1456 2388 plus
1482 2339 1742 2376 ducentorum

313 2420 507 2445 annorum
538 2420 686 2444 morem
704 2405 976 2445 solveremus?
1008 2406 1269 2443 Pertulerunt
1284 2410 1417 2443 tamen
1433 2406 1538 2443 hunc
1555 2405 1749 2443 dolorem.

268 2476 294 2512 8
311 2476 469 2512 Bellum
500 2478 635 2512 nostro
660 2474 819 2511 nomine
851 2487 939 2510 cum
954 2473 1137 2522 Pelignis
1153 2473 1356 2522 gessimus.
1401 2473 1482 2520 Qui
1512 2486 1562 2510 ne
1590 2475 1746 2511 nostro-

310 2557 396 2580 rum
427 2542 590 2592 quidem
620 2541 759 2579 finium
789 2541 907 2578 nobis
933 2554 1004 2590 per
1027 2554 1098 2578 nos
1120 2540 1359 2578 tuendorum
1375 2541 1435 2578 ius
1452 2544 1566 2578 antea
1581 2539 1749 2587 dabant,

270 2611 293 2646 9
312 2610 414 2647 nihil
445 2610 764 2647 intercesserunt.
834 2608 1038 2646 Sidicinos
1071 2608 1111 2645 in
1141 2608 1259 2646 fidem
1289 2611 1482 2657 receptos,
1522 2606 1748 2658 Campanos
