1821 2928
368 196 449 235 134
804 210 892 235 Liber
905 211 991 235 v111.
1028 210 1075 239 (A.
1095 218 1124 236 u.
1144 218 1169 236 c.
1188 212 1259 239 429.)

308 321 520 367 libertatis,
553 325 669 360 antea
701 323 740 359 in
773 323 928 362 duobus
960 324 1099 361 liberis
1130 325 1285 371 fecissej.
1316 339 1419 363 nunc
1450 329 1583 376 patres
1608 339 1738 365 comes

309 393 347 426 et
379 403 491 427 senes
522 390 660 428 faciles
702 391 749 428 de
781 392 912 429 alieno
946 392 1113 442 imperio
1145 396 1298 442 spreto,
1338 396 1527 443 tanquam
1558 394 1615 432 rei
1649 407 1738 444 par-

270 456 379 504 4vae,
411 457 636 508 disciplinae
668 459 859 497 militaris
890 473 1033 498 eversae
1065 461 1266 498 iuventuti
1299 461 1468 510 gratiam
1501 462 1641 499 facere.
1686 459 1738 498 Se

307 529 440 563 tamen
471 529 739 576 perstaturum
771 528 812 565 in
845 529 1002 577 incepto
1034 542 1105 565 nec
1138 529 1194 575 ei,
1235 529 1304 578 qui
1343 529 1532 567 adversus
1564 529 1738 567 edictum

306 606 419 630 suum
443 594 617 632 turbatis
643 595 908 644 religionibus
934 610 979 633 ac
1005 596 1138 634 dubiis
1163 597 1356 646 auspiciis
1372 600 1597 647 pugnasset,
1627 597 1736 647 quic-

270 659 292 695 5
311 675 428 711 quam
460 676 507 698 ex
538 662 641 699 iusta
672 677 787 712 poena
811 664 1078 702 remissurum.
1137 665 1330 702 Maiestas
1351 665 1511 715 imperii
1525 668 1734 716 perpetua·

308 742 356 766 ne
388 734 499 777 esset,
531 744 610 768 non
642 745 724 769 esse
757 732 797 769 in
829 745 899 769 sua
930 735 1147 782 potestate3
1192 732 1238 769 L,
1268 732 1480 782 Papirium
1519 733 1621 771 nihil
1651 733 1736 771 eius

271 797 292 831 6
312 796 625 845 deminuturum;
668 803 817 849 optare,
856 814 904 837 ne
935 804 1111 850 potestas
1142 800 1381 847 tribunicia,
1412 801 1608 838 inviolata
1638 800 1738 850 ipsa,

305 864 427 902 violet
458 866 740 905 intercessione
772 881 842 905 sua
872 868 1096 906 Romanum
1128 869 1350 918 imperium,
1380 882 1457 906 neu
1487 869 1658 919 populus
1690 869 1733 906 in

271 933 291 968 7
310 946 349 970 se
380 934 630 982 potissimum
663 935 860 973 dictatore
902 937 963 974 ius
995 936 1208 974 dictaturae
1240 937 1477 986 exstinguat.
1551 937 1671 984 Quod
1701 936 1735 974 si

305 1000 473 1047 fecisset,
504 1016 582 1040 non
614 1003 659 1040 L.
691 1003 915 1053 Papirium,
961 1005 1028 1042 sed
1059 1005 1253 1052 tribunos,
1298 1005 1367 1042 secl
1397 1018 1564 1054 pravum
1593 1004 1738 1054 populi

305 1068 500 1106 iudicium
530 1072 795 1121 nequicquam
825 1076 1003 1122 posteros
1035 1077 1299 1120 aecusaturos,
1331 1086 1463 1122 quum,
1493 1072 1650 1122 polluta
1679 1085 1736 1110 se-

304 1137 382 1173 mel
411 1138 581 1175 militari
597 1139 826 1190 disciplina,
857 1154 936 1178 non
953 1141 1066 1178 miles
1082 1140 1338 1186 centurionis,
1368 1154 1447 1178 non
1464 1140 1646 1178 centurio
1661 1140 1734 1177 tri-

303 1205 413 1251 buni,
444 1219 524 1242 non
552 1207 739 1245 tribunus
770 1208 905 1257 legati,
936 1223 1015 1246 non
1046 1209 1201 1258 legatus
1228 1208 1414 1255 consulis,
1444 1222 1524 1246 non
1548 1208 1738 1257 magister

264 1273 288 1309 8
307 1273 485 1322 equitum
518 1273 727 1313 dictatoris
750 1281 888 1326 pareat
913 1277 1092 1327 imperio,
1122 1289 1235 1314 nemo
1260 1276 1478 1324 hominum,
1508 1290 1621 1314 nemo
1645 1276 1735 1314 deo-

303 1354 390 1377 rum
420 1344 703 1381 verecundiam
734 1345 897 1391 habeat,
938 1359 1017 1382 non
1048 1345 1181 1382 edicta
1213 1345 1517 1394 imperatorum,
1557 1358 1637 1381 non
1668 1357 1734 1382 au-

265 1409 287 1444 9
305 1409 431 1458 spicia
463 1411 734 1459 observentur,
764 1413 850 1451 sine
882 1416 1101 1451 commeatu
1130 1413 1224 1461 vagi
1255 1412 1405 1449 milites
1436 1412 1479 1449 in
1509 1415 1663 1462 pacato,
1694 1411 1735 1449 in

302 1476 456 1515 hostico
488 1483 630 1526 errent,
675 1481 923 1519 immemores
961 1480 1200 1519 sacramenti
1231 1480 1396 1517 licentia
1435 1480 1520 1517 sola
1559 1493 1618 1527 se,
1663 1478 1734 1516 ubi

237 1545 288 1581 10
305 1545 441 1592 velint,
472 1551 740 1595 exauctorent,
778 1549 1046 1600 infrequentia
1077 1549 1309 1587 deserantur
1340 1547 1455 1596 signa
1485 1560 1613 1597 neque
1644 1560 1734 1585 con-

302 1614 487 1651 veniatur
518 1615 569 1652 ad
599 1616 786 1663 edictum,
825 1632 897 1655 nec
929 1618 1190 1663 discernatur,
1234 1616 1413 1653 interdiu
1451 1618 1579 1662 nocte,
1620 1627 1732 1664 aequo

305 1682 444 1732 iniquo
476 1684 575 1730 loeo,
606 1682 728 1723 iussu
763 1685 916 1722 iniussu
939 1685 1192 1735 imperatoris
1218 1687 1409 1734 pugnent,
1441 1686 1480 1720 et
1504 1696 1584 1721 non
1607 1683 1734 1732 signa,

304 1764 382 1788 non
413 1752 573 1790 ordines
605 1756 773 1799 servent,
818 1753 1021 1791 latrocinii
1067 1753 1183 1790 modo
1231 1765 1333 1790 caeca
1374 1754 1414 1788 et
1452 1750 1621 1788 fortuita
1659 1763 1732 1800 pro

238 1819 282 1854 11
305 1818 486 1856 sollemni
519 1824 557 1856 et·
587 1824 744 1857 sacrata
782 1821 928 1858 militia
968 1821 1029 1857 sit.
1092 1819 1273 1866 ,Horum
1305 1820 1514 1856 criminum
1544 1830 1615 1856 vos
1645 1831 1733 1856 reos

303 1886 344 1923 in
376 1887 507 1924 omnia
538 1888 682 1925 saecula
713 1888 860 1935 offerte,
890 1888 1047 1925 tribuni
1078 1887 1208 1937 plebi3
1238 1891 1370 1925 vestra
1400 1885 1572 1925 obnoxia
1602 1886 1735 1936 capita

171 1949 230 1997 35
301 1968 373 2004 pro
406 1955 569 1995 licentia-
601 1956 647 2003 Q.
678 1956 797 1994 Fabii
829 1956 1030 1994 obiicite.“
1094 1955 1308 2006 Stupentes
1337 1955 1522 1992 tribunos
1553 1957 1593 1991 et
1622 1967 1733 1992 suam

304 2022 382 2059 iam
412 2024 539 2061 vicem
569 2024 694 2073 magis
725 2025 867 2062 anxios
898 2037 1016 2074 quam
1048 2024 1143 2070 eius,
1175 2024 1239 2061 cui
1266 2023 1460 2061 auxilium
1485 2022 1535 2060 ab
1563 2036 1603 2060 se
1625 2024 1733 2072 pete-

306 2090 436 2137 batur,
466 2091 654 2129 liberavit
686 2105 804 2130 onere
843 2079 1056 2130 consensus
1101 2091 1241 2142 populi
1277 2091 1461 2137 Romani,
1506 2089 1558 2128 ad
1594 2102 1732 2140 preces

305 2163 343 2196 et
360 2159 667 2196 obtestationem
683 2174 829 2207 versus,
846 2164 891 2197 ut
906 2160 984 2197 sibi
1001 2173 1159 2210 poenam
1175 2159 1356 2209 magistri
1367 2158 1547 2209 equitum
1559 2157 1733 2195 dictator

264 2227 535 2264 Promitteret.
594 2226 768 2264 Tribuni
813 2241 970 2277 quoque
1011 2227 1245 2265 inclinatam
1281 2241 1364 2264 rem
1404 2226 1445 2263 in
1475 2239 1612 2275 preces
1643 2225 1731 2262 sub-

304 2295 428 2332 secuti
460 2308 572 2333 orare
605 2295 840 2332 dictatorem
873 2295 1082 2342 insistunt,
1122 2298 1167 2332 ut
1195 2295 1352 2332 veniam
1393 2293 1520 2331 errori
1549 2293 1732 2339 humano,

303 2363 456 2401 veniam
491 2363 767 2400 adolescentiae
800 2363 846 2409 Q.
872 2363 992 2400 Fabii
1027 2363 1158 2409 daret3
1190 2362 1285 2399 satis
1322 2375 1410 2399 eum
1434 2374 1641 2411 poenarum
1667 2361 1731 2398 de-

265 2432 287 2467 3
307 2431 422 2469 disse.
481 2431 568 2468 Iam
600 2431 682 2480 ipse
714 2430 955 2478 adolescens,
986 2431 1065 2468 iam
1087 2434 1201 2480 pater
1217 2430 1272 2467 M.
1289 2430 1443 2467 Fabius
1467 2429 1732 2467 contentIOnis

262 2499 284 2534 4
305 2499 422 2536 obliti
438 2499 696 2549 procumbere
714 2498 764 2535 ad
782 2512 911 2547 genua
927 2502 966 2535 et
989 2499 1089 2536 iram
1116 2498 1324 2548 deprecari
1351 2497 1571 2536 dictatoris.
1630 2497 1732 2534 Tum

305 2567 489 2613 dictator,
520 2566 680 2604 silentio
704 2566 821 2612 facto,
857 2566 990 2612 ⁷.Bene
1006 2567 1152 2604 habet“
1180 2565 1326 2615 inquit,
1359 2565 1575 2612 „Quirites
1621 2564 1732 2602 Vicit

305 2634 516 2684 disciplina
546 2634 742 2680 militaris,
772 2634 868 2671 vicit
902 2634 1059 2683 imperii
1091 2634 1288 2680 maiestas,
1319 2645 1406 2681 quae
1434 2632 1476 2669 in
1502 2632 1730 2670 discrimine
