1821 2928
379 159 431 194 26
829 168 917 193 Liber
935 168 986 194 vx.
1024 168 1070 196 (A.
1091 176 1118 194 u.
1139 176 1163 194 ο.
1183 170 1253 198 373.)

320 283 510 319 victorem
556 286 686 320 terror
732 286 770 319 et
815 296 916 319 novo
963 282 1075 319 hoste
1121 288 1159 319 et
1204 283 1345 332 supina
1386 284 1488 321 valle
1529 285 1751 323 Romanam

280 351 531 388 4inclinavit
562 351 697 387 aciem.
758 350 915 387 Instant
947 349 1086 387 Volsci
1117 356 1302 391 recentes.
1343 351 1409 401 qui
1450 366 1468 389 e
1500 353 1640 390 castris
1680 353 1750 390 im-

321 423 455 469 petum
486 420 678 456 fecerant:
710 419 912 467 integrant
944 422 980 455 et
1013 418 1073 455 illi
1097 432 1281 468 pugnam.
1314 420 1381 469 qui
1413 420 1598 458 simulata
1629 434 1751 459 cesse-

319 492 410 524 rant
441 488 546 536 fuga.
592 488 679 524 Iam
711 501 789 523 non
821 486 1042 535 recipiebat
1074 501 1113 524 se
1130 487 1332 524 Romanus
1364 488 1487 534 miles,
1519 489 1587 526 sed
1619 489 1751 526 imme-

319 569 404 593 mor
443 556 614 593 recentis
654 556 810 592 ferociae
842 556 1065 605 veterisque
1106 554 1259 592 decoris
1298 559 1410 604 terga
1451 557 1597 606 passim
1628 557 1752 595 dabat

279 625 303 661 5
322 628 441 673 atque
473 623 593 661 effuso
626 638 741 661 cursu
774 628 903 661 castra
934 623 1150 673 repetebat,
1181 637 1300 672 quum
1318 624 1519 670 Camillus,
1551 624 1751 662 subiectus

319 692 369 730 ab
403 692 750 730 circumstant-ibus
791 692 832 728 in
873 705 1015 741 equum
1057 696 1095 729 et
1131 691 1278 740 raptim
1318 692 1506 730 subsidiis
1546 693 1752 742 oppositis,

321 761 443 799 ..Haec
476 764 558 798 est“
594 761 734 810 inquit.
778 760 959 807 ..milites‚
999 773 1143 810 pugna,
1175 773 1293 810 quam
1324 761 1591 810 poposcistis?
1650 761 1751 809 Quis

320 829 448 876 homo,
489 830 576 878 quis
619 828 714 866 deus
756 833 823 873 est,
865 841 979 877 quem
1021 841 1204 865 accusare
1245 828 1435 876 possitis?
1494 828 1640 867 Vestra
1681 829 1751 867 illa

278 897 533 942 {itemeritas‚
574 901 705 934 vestra
746 897 906 945 ignavia
946 897 1029 933 haec
1070 900 1138 934 est.
1199 895 1334 934 Secuti
1372 897 1493 934 alium
1525 897 1664 935 ducem
1694 911 1750 935 se—

319 965 487 1014 quimini
519 979 621 1001 nunc
653 966 866 1003 Camillum
897 970 945 1011 et,
988 964 1094 1014 quod
1134 964 1255 1001 ductu
1287 978 1372 1002 meo
1405 966 1550 1012 soletis,
1591 965 1751 1003 vincite.

318 1033 426 1080 Quid
457 1033 605 1070 vallum
638 1037 674 1070 et
708 1037 835 1070 castra
867 1033 1084 1083 spectatis?
1129 1033 1336 1071 Neminem
1366 1037 1542 1071 vestrum
1573 1034 1643 1071 illa
1673 1034 1751 1072 nisi

280 1101 511 1138 Tvictorem
542 1105 751 1150 receptura
783 1104 910 1138 sunt.²³
967 1101 1106 1138 Pudor
1136 1102 1264 1151 primo
1296 1102 1425 1139 tenuit
1456 1101 1614 1148 effusos3
1646 1101 1751 1139 inde.

317 1173 361 1206 ut
392 1170 609 1218 circumagi
641 1170 755 1218 signa
787 1169 1021 1218 obvertique
1052 1170 1176 1207 aciem
1206 1169 1396 1206 viderunt
1433 1169 1474 1206 in
1504 1169 1668 1217 hostem,
1713 1173 1752 1208 et

318 1237 407 1283 dux,
454 1242 718 1287 praeterquam
760 1237 866 1287 quod
906 1241 967 1274 tot
1007 1238 1174 1287 insignis
1215 1237 1439 1287 triumphis,
1485 1238 1604 1275 etiam
1635 1241 1751 1275 aetate

316 1306 557 1343 venerabilis
583 1306 686 1343 inter
710 1306 840 1355 prima
858 1306 983 1354 signa,
1014 1306 1084 1343 ubi
1108 1305 1303 1355 plurimus
1320 1305 1436 1343 labor
1452 1305 1750 1355 periculumque

317 1378 411 1419 erat,
452 1388 491 1411 se
532 1374 734 1421 offerebat,
776 1375 981 1424 increpare
1021 1374 1168 1422 singuli
1208 1388 1248 1411 se
1286 1374 1454 1423 quisque
1493 1377 1530 1410 et
1561 1374 1671 1419 alios,
1712 1377 1751 1410 et

316 1442 544 1479 adhortatio
592 1442 633 1479 in
677 1443 802 1480 vicem
848 1446 975 1480 totam
1021 1443 1145 1480 alacri
1185 1443 1355 1479 clamore
1400 1441 1574 1491 pervasit
1614 1441 1751 1478 aciem.

275 1509 455 1559 &Neque
487 1511 587 1548 alter
623 1512 810 1548 tribunus
840 1511 899 1548 rei
937 1510 1079 1557 defuit,
1120 1511 1188 1548 sed
1228 1511 1370 1548 missus
1401 1524 1423 1547 a
1455 1509 1608 1558 collega
1637 1508 1750 1546 resti-

318 1582 452 1615 tuente
490 1579 668 1628 peditum
702 1579 825 1616 aciem
865 1579 914 1616 ad
947 1579 1110 1628 equites,
1150 1592 1230 1616 non
1268 1578 1512 1626 castigando,
1553 1577 1603 1614 ad
1634 1590 1752 1626 quam

318 1660 400 1683 rem
441 1647 630 1684 leviorem
671 1650 873 1683 auctorem
914 1660 1001 1684 eum
1043 1647 1168 1696 culpae
1200 1646 1367 1683 societas
1399 1646 1557 1691 fecerat,
1599 1645 1668 1682 sed
1700 1644 1750 1682 ab

321 1715 485 1763 imperio
525 1719 634 1752 totus
666 1715 716 1752 ad
758 1728 894 1764 preces
924 1727 1059 1751 versus
1102 1728 1214 1751 orare
1246 1714 1425 1762 singulos
1457 1713 1752 1762 universosque,

281 1784 303 1818 9
322 1786 364 1819 ut
397 1796 436 1819 se
465 1797 574 1820 reum
605 1784 775 1820 fortunae
809 1783 892 1820 eius
924 1780 1005 1819 diei
1037 1783 1200 1819 crimine
1233 1783 1464 1819 eximerent:
1509 1781 1752 1828 „Abnuente

321 1864 365 1886 ac
397 1851 634 1899 prohibente
676 1851 837 1899 collega,
876 1851 1091 1888 temeritati
1123 1864 1183 1888 me
1215 1851 1390 1888 omnium
1429 1851 1562 1900 potius
1603 1849 1753 1887 socium

321 1931 437 1967 quam
469 1919 584 1955 unius
615 1919 838 1968 prudentiae
870 1919 974 1956 dedi.
1020 1918 1211 1956 Camillus
1243 1919 1283 1956 in
1313 1922 1481 1967 utraque
1511 1921 1644 1955 vestra
1674 1917 1752 1954 for-

320 1992 418 2023 tuna
448 2000 556 2024 suam
597 1988 768 2035 gloriam
805 1987 934 2033 videt3
979 2000 1062 2036 ego,
1108 1987 1150 2024 ni
1189 1987 1417 2024 restituitur
1456 1998 1600 2036 pugna,
1646 1985 1754 2034 quod

322 2054 585 2091 miserrimum
631 2058 708 2101 est,
763 2056 963 2092 fortunam
1009 2069 1097 2092 cum
1142 2054 1343 2101 omnibus,
1396 2053 1602 2092 infamiam
1647 2053 1754 2091 solus

255 2125 306 2161 10
322 2122 523 2159 sentiamx‘
595 2122 800 2172 Optimum
830 2123 959 2160 visum
989 2127 1047 2160 est
1086 2123 1127 2159 in
1166 2123 1423 2160 fluctuantem
1454 2121 1579 2160 aciem
1609 2120 1750 2159 'stradi

325 2204 445 2239 equos
487 2194 525 2227 et
564 2191 739 2240 pedestri
785 2204 918 2240 pugna
964 2190 1152 2228 invadere
1196 2191 1361 2228 hostem.
1428 2189 1537 2227 Eunt
1576 2188 1754 2237 insignes

327 2259 446 2296 armis
487 2259 726 2308 animisque,
767 2273 842 2309 qua
885 2259 1012 2308 premi
1051 2262 1164 2309 parte
1204 2258 1371 2295 maxime
1411 2257 1589 2307 peditum
1620 2255 1754 2305 copias

324 2326 474 2363 vident.
518 2325 634 2363 Nihil
659 2339 785 2375 neque
803 2326 908 2375 apud
933 2326 1051 2364 duces
1076 2339 1201 2375 neque
1226 2326 1332 2376 apud
1357 2325 1506 2363 milites
1536 2323 1755 2362 remittitur

262 2396 308 2432 11
329 2408 351 2431 a
396 2407 545 2431 summo
593 2394 806 2431 certamine
852 2394 986 2432 animi.
1067 2393 1200 2432 Sensit
1245 2407 1338 2442 ergo
1387 2396 1549 2431 eventus
1593 2391 1754 2429 virtutis

327 2463 449 2500 enixae
481 2476 607 2512 opem,
648 2465 687 2499 et
717 2460 868 2507 Volsci,
909 2475 986 2510 qua
1026 2462 1143 2500 modo
1182 2462 1368 2500 simulato
1409 2463 1515 2498 metu
1547 2461 1755 2505 cesserant,

329 2545 373 2568 ea
405 2531 446 2568 111
476 2544 610 2568 veram
651 2530 785 2577 fugam
825 2529 945 2574 effusi,
987 2543 1129 2578 magna
1160 2543 1251 2578 pars
1283 2533 1319 2566 et
1351 2529 1393 2565 in
1424 2528 1510 2576 ipso
1543 2526 1756 2564 certamine
