1821 2928
366 203 442 238 116
753 212 843 238 Liber
860 213 945 238 vm.
982 212 1030 242 (A.
1050 221 1077 238 u.
1097 221 1121 238 c.
1140 214 1296 242 423—424.)

305 326 439 375 pestis,
469 326 646 375 professa
662 330 731 373 est,
762 327 796 364 si
821 327 871 364 ab
889 340 933 365 eo
958 326 1055 365 fides
1072 327 1149 364 sibi
1167 328 1260 366 data
1286 333 1398 375 esset,
1427 328 1535 366 haud
1555 329 1734 367 futurum

265 395 415 431 5noxae
446 393 648 431 indicium.
707 394 860 433 Fabius
892 395 1098 433 confestim
1128 409 1210 433 rem
1242 397 1293 434 ad
1324 396 1520 443 eonsules,
1552 397 1733 435 consules

307 462 359 499 ad
391 466 570 500 senatum
600 463 787 509 referunt,
833 476 1103 513 consensuque
1149 464 1300 502 ordinis
1343 464 1441 502 fides
1472 465 1597 502 indici
1629 464 1734 503 data.

266 533 287 565 6
307 530 407 568 Tum
424 530 678 580 patefactum,
708 532 893 569 muliebri
915 533 1054 569 fraude
1078 532 1281 569 civitatem
1304 533 1432 582 premi
1454 535 1734 582 matronasque

306 611 350 635 ea
379 612 529 636 venena
561 612 748 648 coquere,
787 604 842 646 et,
880 601 912 637 si
951 601 1063 650 sequi
1102 601 1298 650 extemplo
1335 601 1481 648 velint,
1526 600 1734 638 manifesto

265 667 286 702 7
305 666 548 716 deprehendi
577 680 701 716 posse.
761 666 895 706 Secuti
926 669 1096 706 indicem
1123 672 1161 706 et
1177 672 1388 719 coquentes
1405 669 1596 718 quasdam
1612 669 1734 706 medi-

263 735 287 771 8
306 739 483 772 camenta
514 738 552 772 et
581 735 789 772 recondita
811 736 888 772 alia
916 737 1169 784 invenerunt3
1202 738 1345 787 quibus
1363 738 1402 774 in
1425 737 1555 775 forum
1578 736 1735 784 delatis,

304 806 344 839 et
373 802 424 840 ad
455 803 602 851 viginti
632 804 834 850 matronis,
865 805 972 854 apud
1003 819 1100 855 quas
1132 806 1377 856 deprehensa
1407 807 1531 851 erant,
1560 817 1631 854 per
1652 804 1734 842 via-

304 874 429 908 torem
461 872 612 917 accitis,
643 872 731 908 duae
749 885 796 908 ex
818 872 884 919 eis,
917 872 1103 910 Cornelia
1119 887 1164 911 ac
1187 872 1341 925 Sergia,
1370 872 1549 923 patriciae
1564 875 1736 922 utraque

304 939 443 987 gentis,
475 953 593 988 quum
625 953 670 977 ea
701 940 988 978 medicamenta
1024 942 1203 979 salubria
1233 955 1316 979 esse
1347 940 1646 988 contenderent,
1684 941 1734 978 ab

304 1007 533 1044 confutante
565 1007 695 1045 indice
727 1008 865 1046 bibere
894 1010 1021 1055 iussae,
1065 1013 1111 1046 ut
1141 1023 1180 1047 se
1210 1010 1354 1047 falsum
1384 1011 1644 1046 commentam
1673 1021 1734 1047 ar-

265 1074 287 1110 9
305 1078 480 1122 guerent,
512 1076 641 1125 spatio
674 1076 724 1114 ad
756 1076 1062 1125 colloquendum
1091 1080 1260 1127 sumpto,
1291 1090 1412 1127 quum
1442 1079 1636 1114 summoto
1667 1089 1734 1126 po-

302 1143 397 1192 pulo
428 1143 470 1180 in
501 1147 712 1193 conspectu
744 1145 920 1182 omnium
950 1159 1034 1183 rem
1065 1145 1115 1183 ad
1147 1150 1295 1183 ceteras
1325 1145 1585 1192 rettulissent,
1628 1144 1736 1182 haud

306 1211 572 1249 abnuentibus
604 1216 642 1249 et
673 1212 756 1249 illis
786 1213 934 1260 bibere,
981 1217 1096 1264 epoto
1141 1215 1427 1252 medicamento
1459 1215 1611 1251 suamet
1639 1212 1736 1262 ipsae

239 1279 288 1315 10
304 1279 445 1317 fraude
476 1293 609 1318 omnes
638 1281 886 1319 interierunt.
947 1282 1250 1332 Comprehensa}
1281 1282 1477 1331 extemplo
1509 1294 1644 1320 earum
1674 1293 1736 1318 co-

303 1348 417 1385 mites
447 1362 632 1397 magnum
656 1362 862 1386 numerum
894 1354 1165 1388 matronarum
1189 1350 1484 1396 indicaverunt3
1515 1362 1562 1387 ex
1592 1347 1738 1398 quibus

241 1414 285 1450 ll
308 1416 359 1453 ad
390 1420 546 1454 centum
578 1418 832 1467 septuaginta
862 1417 1075 1465 damnatae;
1106 1431 1234 1467 neque
1258 1418 1306 1455 de
1321 1417 1522 1455 veneficiis
1544 1419 1635 1454 ante
1652 1428 1736 1453 eam

306 1484 411 1521 diem
428 1485 565 1522 Romae
596 1485 804 1534 quaesitum
836 1490 905 1524 est.
964 1486 1152 1535 Prodigii
1184 1499 1230 1524 ea
1259 1499 1321 1523 res
1351 1486 1436 1523 loco
1467 1485 1617 1532 habita,
1647 1495 1736 1533 cap-

238 1550 284 1585 12
305 1553 438 1601 tisque
468 1554 594 1601 magis
624 1554 823 1591 mentibus
855 1568 973 1604 quam
1005 1554 1281 1593 consceleratis
1306 1553 1452 1591 similis
1468 1552 1571 1599 visa3
1601 1551 1737 1601 itaque

304 1621 495 1657 memoria
539 1634 585 1658 ex
630 1621 843 1659 annalibus
888 1623 1077 1672 repetita,
1123 1623 1164 1659 in
1208 1621 1493 1659 secessionibus
1538 1618 1738 1670 quondam

303 1687 433 1737 plebis
478 1689 632 1725 clavum
679 1689 728 1726 ab
776 1689 974 1727 dictatore
1017 1690 1157 1737 fixum,
1213 1690 1484 1738 alienatasque
1535 1686 1738 1725 discordia

305 1760 452 1793 mentes
482 1756 685 1794 hominum
717 1771 762 1795 eo
795 1758 954 1807 piaculo
987 1761 1187 1807 compotes
1225 1758 1286 1795 sui
1315 1757 1454 1804 fuisse,
1500 1755 1737 1793 dictatorem

237 1822 285 1859 13
305 1824 406 1861 clavi
436 1823 585 1872 figendi
623 1838 739 1861 causa
777 1825 905 1862 creari
944 1826 1136 1884 placuit..
1181 1825 1347 1863 Creatus
1379 1824 1449 1862 Cn.
1489 1822 1737 1871 Quinctilius

308 1892 542 1940 magistrum
575 1892 754 1941 equitum
785 1892 829 1929 L.
862 1892 1071 1931 Valerium
1103 1894 1223 1940 dixit,
1260 1894 1329 1945 qui
1359 1893 1436 1930 fixo
1467 1892 1580 1930 clavo
1610 1891 1734 1940 magi-

303 1963 431 1997 stratu
461 1973 501 1997 se
532 1960 834 1998 abdicaverunt.

174 2021 226 2068 19
418 2027 553 2065 Creati
585 2028 764 2066 consules
795 2028 841 2066 L.
871 2028 1064 2078 Papirius
1096 2029 1261 2067 Crassus
1292 2029 1448 2076 iterum,
1478 2027 1525 2066 L.
1549 2027 1737 2065 Plautius

97 2079 135 2139 fi]
148 2081 285 2140 {311⁰}ss
308 2094 469 2141 Venox3
515 2096 626 2133 cuius
670 2096 870 2146 principio
916 2097 1011 2134 anni
1051 2096 1176 2146 legati
1215 2111 1260 2135 ex
1297 2096 1457 2135 Volscis
1493 2094 1736 2133 Fabraterni

306 2167 345 2201 et
374 2163 528 2201 Lucani
565 2163 734 2201 Romam
770 2168 982 2211 venerunt,
1027 2168 1205 2212 orantes,
1248 2168 1294 2202 ut
1337 2164 1379 2203 in
1422 2163 1541 2201 fidem
1584 2163 1736 2213 recipe-

263 2230 286 2266 2
306 2234 460 2268 rentur:
506 2231 539 2268 si
570 2244 592 2268 a
623 2229 861 2270 Samnitium
893 2233 1012 2270 armis
1044 2232 1195 2271 defensi
1225 2235 1366 2279 essent,
1396 2245 1436 2270 se
1466 2231 1539 2269 sub
1570 2231 1737 2281 imperio

270 2299 292 2335 3
309 2299 450 2349 populi
465 2298 636 2336 Romani
665 2299 839 2337 fideliter
870 2304 988 2350 atque
1018 2301 1252 2338 obedienter
1282 2300 1448 2337 futuros.
1504 2299 1621 2337 Missi
1651 2302 1737 2337 tum

306 2367 355 2404 ab
387 2370 526 2405 senatu
555 2366 691 2415 legati,
722 2368 1077 2419 denuntiatumque
1099 2367 1356 2415 Samnitibus,
1385 2370 1431 2404 ut
1453 2380 1587 2405 eorum
1611 2380 1735 2418 popu-

308 2434 437 2472 lorum
467 2434 612 2472 finibus
640 2434 721 2471 vim
752 2435 1013 2483 abstinerent;
1043 2436 1248 2486 valuitque
1279 2449 1325 2474 ea
1355 2435 1515 2485 legatio,
1544 2448 1623 2473 non
1652 2438 1736 2472 tam

311 2503 406 2551 quia
444 2516 580 2552 pacem
619 2502 809 2540 volebant
849 2502 1064 2552 Samnites,
1110 2517 1227 2554 quam
1265 2504 1359 2553 quia
1393 2502 1570 2541 nondum
1606 2502 1737 2552 parati

303 2574 417 2608 erant
446 2570 496 2608 ad
527 2570 686 2608 bellum.

263 2638 289 2673 4
416 2638 569 2676 Eodem
599 2651 702 2676 anno
732 2637 950 2676 Privernas
979 2639 1125 2677 bellum
1158 2639 1319 2685 initum,
1356 2637 1468 2676 cuius
1498 2637 1597 2676 socii
1627 2637 1733 2676 Fun·
