1821 2928
289 131 365 168 124
738 125 853 161 Liber
877 126 928 161 II.
979 127 1038 171 (A.
1066 139 1099 162 u.
1126 138 1155 162 c.
1182 129 1278 171 286.)

286 255 492 293 sinistrum
524 254 715 292 Romanis
747 268 881 294 cornu.
914 256 957 293 ni
986 254 1252 293 referentibus
1279 255 1356 292 iam
1382 255 1550 304 gradum
1567 258 1719 306 consul,

288 327 527 377 increpando
559 326 677 364 simul
708 328 986 377 temeritatem,
1019 327 1135 365 simul
1167 326 1382 376 ignaviam,
1400 327 1553 377 pudore
1569 330 1717 366 metum

247 399 538 439 5excussisset.
601 398 801 436 Restitere
840 399 969 449 primo
1015 398 1230 436 obstinatis
1271 398 1430 445 animis3
1473 399 1629 447 deinde,
1674 403 1720 437 ut

288 472 512 510 obtinentes
529 470 658 507 locum
675 470 781 508 vires
797 470 1040 516 reficiebant,
1069 470 1216 508 audent
1231 470 1339 507 ultro
1371 471 1540 520 gradum
1571 471 1718 508 inferre

287 547 325 581 et
356 543 527 580 clamore
572 545 762 580 renovato
810 546 1058 581 commovent
1103 542 1248 588 aciem3
1279 544 1366 579 tum
1397 555 1535 580 rursus
1568 542 1719 592 impetu

244 620 266 657 6
287 619 403 665 capto
437 614 643 652 enituntur
674 618 794 664 atque
811 617 1053 664 exsuperant
1077 613 1332 663 iniquitatem
1350 613 1441 651 loci.
1487 613 1575 652 Iam
1592 626 1719 664 prope

289 690 385 735 erat,
418 689 463 723 ut
495 685 535 723 in
567 699 762 723 summum
794 686 889 724 clivi
920 686 1056 735 iugum
1074 685 1299 732 evaderent,
1315 698 1438 735 quum
1454 689 1568 735 terga
1584 685 1722 723 hostes

288 758 445 804 dedere,
462 757 664 807 effusoque
689 771 807 795 cursu
834 770 945 807 paene
977 758 1134 806 agmine
1163 770 1243 795 uno
1267 757 1466 806 fugientes
1492 760 1721 807 sequentes-

289 843 365 880 que
399 829 540 868 castris
570 829 757 868 incidere.
833 829 881 866 In
929 843 973 867 eo
1004 842 1151 879 pavore
1198 833 1328 867 castra
1373 829 1604 879 capiuntur;
1652 829 1722 878 qui

245 906 265 941 7
287 902 527 940 Volscorum
569 901 742 951 effugere
779 904 1006 950 potuerunt,
1045 901 1216 939 Antium
1256 904 1409 951 petunt.
1478 901 1649 938 Antium
1681 906 1720 938 et

287 974 492 1012 Romanus
524 974 723 1011 exercitus
751 974 907 1012 ductus.
953 972 1110 1011 Paucos
1129 973 1428 1010 circumsessum
1444 972 1529 1011 dies
1547 971 1721 1018 deditur,

288 1046 397 1083 nulla
428 1045 744 1096 oppugnantium
776 1058 878 1083 nova
907 1045 958 1091 vi,
989 1044 1059 1082 sed
1090 1044 1197 1094 quod
1228 1045 1307 1082 iam
1348 1044 1442 1083 inde
1484 1043 1534 1082 ab
1565 1043 1722 1082 infelici

287 1130 423 1166 pugna
456 1117 675 1166 castrisque
705 1117 860 1154 amissis
892 1116 1116 1154 ceciderant
1148 1117 1280 1154 animi.
