1821 2928
295 112 377 151 258
743 109 858 144 Liber
881 109 928 144 V.
977 111 1040 153 (A.
1066 122 1100 144 u.
1126 122 1156 144 c.
1181 110 1274 155 351.)

295 237 523 286 liberosque
555 250 598 273 ao
646 237 833 285 coniuges
879 237 1051 275 invisere
1097 241 1135 274 et
1179 251 1372 287 usurpare
1418 238 1646 275 libertatem
1689 241 1732 273 et

296 322 432 345 creare
467 309 734 356 magistratus.

230 382 279 418 13
412 380 511 416 Haeo
555 380 732 429 taliaque
777 380 1038 417 vociferantes
1085 379 1356 417 adversarium
1397 381 1504 418 haud
1534 380 1729 429 imparem-

296 453 402 489 nacti
435 455 527 488 sunt
559 452 664 500 App.
697 450 924 500 Claudium,
957 451 1136 488 relictum
1171 464 1193 487 a
1224 451 1386 500 collegis
1413 453 1463 489 ad
1486 451 1728 490 tribunicias

296 524 515 561 seditiones
550 523 880 573 comprimendas,
914 523 1041 559 virum
1067 522 1261 560 imbutum
1288 523 1361 560 iam
1389 525 1438 561 ab
1467 525 1629 562 iuventa
1646 537 1727 561 cer-

230 596 281 633 14
298 595 515 632 taminibus
548 595 730 645 plebeiis,
765 608 880 644 quem
928 599 1127 631 auctorem
1160 595 1315 644 aliquot
1345 596 1457 633 annis
1488 599 1579 632 ante
1609 595 1736 633 fuisse

297 671 556 704 memoratum
588 671 645 704 est
675 680 748 716 per
779 666 1024 714 collegarum
1056 666 1379 704 intercessionem
1406 667 1630 704 tribuniciae
1656 680 1731 717 po-

186 737 212 784 3
299 740 456 776 testatis
489 737 762 776 dissolvendae.
825 738 866 774 Is
897 742 980 774 tum
1014 738 1090 775 iam
1122 752 1198 774 non
1224 742 1430 788 promptus
1454 739 1616 787 ingenio
1641 742 1728 776 tan-

257 812 279 847 2
299 815 395 853 tum.
429 810 497 847 sed
528 824 603 847 usu
634 810 751 846 etiam
784 809 1037 858 exercitatus,
1068 810 1189 846 talem
1216 810 1436 847 orationem
1467 810 1623 848 habuit:
1660 809 1730 860 „Si

296 895 469 932 unquam
503 882 728 919 dubitatum
760 884 829 930 est,
862 881 1052 928 Quirites,
1083 884 1217 918 utrum
1253 882 1406 919 tribuni
1437 882 1566 931 plebis
1597 885 1732 919 vestra

299 968 348 991 an
381 967 449 991 sua
481 967 599 991 causa
630 953 871 990 seditionum
903 966 1057 1002 semper
1082 957 1260 990 auctores
1284 954 1444 1003 fuerint,
1478 953 1520 990 id
1551 967 1622 1002 ego
1654 954 1728 990 hoc

261 1027 284 1063 3
303 1039 405 1063 anno
437 1025 585 1062 desisse
617 1025 795 1062 dubitari
827 1028 976 1061 certum
1008 1024 1156 1071 habeo;
1188 1028 1226 1061 et
1258 1038 1379 1074 quum
1410 1025 1536 1075 laetor,
1569 1025 1729 1062 tandem

299 1097 410 1145 longi
443 1097 588 1134 erroris
611 1097 724 1134 vobis
749 1096 867 1134 finem
895 1097 1041 1134 factum
1070 1109 1166 1145 esse,
1199 1100 1295 1144 tum,
1321 1097 1428 1146 quod
1452 1097 1636 1135 secundis
1662 1110 1731 1146 po-

298 1170 493 1206 tissimum
525 1169 666 1205 vestris
712 1169 832 1206 rebus
878 1169 941 1205 hic
987 1181 1098 1205 error
1138 1171 1197 1204 est
1241 1168 1444 1218 sublatus,
1477 1172 1517 1206 et
1546 1168 1659 1206 vobis
1691 1172 1734 1205 et

261 1242 468 1290 4propter
513 1253 582 1278 vos
613 1240 671 1277 rei
712 1241 884 1289 publicae
917 1240 1106 1288 gratulor.
1182 1239 1248 1276 An
1296 1242 1354 1276 est
1399 1241 1622 1290 quisquam,
1665 1240 1734 1289 qui

301 1313 469 1360 dubitet,
502 1312 625 1349 nullis
659 1312 816 1349 iniuriis
848 1311 1001 1360 vestris,
1050 1311 1082 1347 si
1127 1324 1214 1360 quae
1256 1311 1358 1348 forte
1397 1312 1615 1362 aliquando
1646 1312 1730 1349 fue-

300 1388 405 1433 runt,
437 1397 611 1434 unquam
643 1397 753 1433 aeque
785 1397 901 1433 quam
934 1396 1094 1420 munere
1135 1386 1293 1432 patrum
1334 1383 1376 1419 in
1405 1384 1576 1433 plebem,
1610 1397 1731 1433 quum

301 1469 379 1493 aera
426 1456 691 1494 militantibus
738 1456 953 1493 constituta
998 1458 1111 1503 sunt,
1156 1455 1338 1492 tribunos
1390 1455 1520 1505 plebis
1566 1454 1737 1492 offensos

262 1529 284 1564 5
304 1541 347 1564 ac
380 1529 597 1564 concitatos
630 1527 742 1564 esse?
802 1527 908 1574 Quid
947 1527 1039 1564 illos
1077 1526 1190 1563 aliud
1229 1529 1298 1564 aut
1328 1530 1411 1564 tum
1442 1527 1621 1564 timuisse
1652 1540 1733 1564 cre-

302 1598 396 1635 ditis
428 1602 497 1635 aut
526 1598 645 1635 hodie
676 1599 839 1636 turbare
869 1599 971 1635 velle
1002 1598 1080 1635 nisi
1107 1598 1359 1635 concordiam
1384 1598 1580 1648 ordinum,
1614 1611 1734 1649 quam

261 1669 567 1707 6dissolvendae
599 1671 767 1707 maxime
798 1670 1025 1706 tribuniciae
1062 1670 1276 1719 potestatis
1313 1674 1451 1707 rentur
1492 1669 1605 1707 esse?
1665 1667 1733 1706 Sic

301 1742 471 1787 hercule,
503 1746 694 1790 tanquam
736 1741 908 1778 artifices
956 1741 1140 1791 improbi,
1187 1754 1285 1791 opus
1332 1744 1527 1791 quaerunt,
1558 1740 1658 1790 [qui]
1692 1744 1731 1777 et

301 1827 455 1862 semper
486 1814 585 1862 aegri
618 1813 772 1863 aliquid
804 1826 888 1850 esse
919 1813 960 1850 in
991 1826 1033 1850 re
1071 1813 1232 1863 publica
1263 1813 1424 1861 volunt,
1470 1815 1514 1849 ut
1559 1813 1632 1861 sit,
1679 1811 1730 1850 ad

262 1885 414 1921 Tcuius
460 1885 706 1922 curationem
753 1899 775 1922 a
820 1885 932 1922 vobis
976 1884 1251 1922 adhibeantur.
1326 1884 1471 1922 Utrum
1518 1883 1623 1921 enim
1663 1883 1730 1920 de·

300 1957 463 1994 senditis
495 1971 546 1994 an
577 1957 822 2006 impugnatis
861 1956 1051 2006 plebem?
1119 1956 1265 1994 Utrum
1304 1956 1561 1994 militantium
1593 1956 1734 1993 adver·

301 2029 393 2065 sarii
427 2029 518 2066 estis
551 2042 600 2066 an
632 2042 790 2065 causam
822 2028 973 2076 agitis?
1040 2028 1129 2066 Nisi
1161 2029 1264 2066 forte
1295 2028 1368 2065 hoc
1400 2027 1552 2065 dicitis:
1588 2026 1734 2074 „Quic-

302 2100 398 2149 quid
431 2085 563 2150 patres
595 2101 757 2148 faciunt,
792 2100 988 2149 displicet,
1022 2101 1104 2137 sive
1135 2100 1237 2137 illud
1275 2113 1348 2149 pro
1386 2099 1501 2149 plebe
1527 2099 1609 2136 sive
1641 2112 1730 2136 con·

261 2173 365 2209 Stra
396 2172 552 2220 plebem
584 2175 683 2217 est“,
717 2176 766 2221 et,
801 2172 1132 2221 quemadmodum
1165 2184 1252 2209 cum
1298 2172 1423 2209 servis
1468 2171 1549 2208 suis
1593 2173 1731 2208 vetant

302 2243 452 2280 domini
485 2244 697 2293 quicquam
728 2244 786 2280 rei
818 2243 962 2280 alienis
993 2243 1218 2281 hominibus
1250 2256 1334 2280 esse
1357 2243 1590 2292 pariterque
1615 2242 1656 2279 in
1682 2241 1732 2278 iis

302 2314 492 2352 beneficio
525 2328 569 2351 ac
602 2314 796 2351 maleficio
829 2314 1019 2353 abstineri
1037 2327 1193 2364 aequum
1221 2317 1394 2363 censent,
1427 2314 1482 2351 sic
1513 2327 1583 2351 vos
1608 2313 1731 2351 inter-

301 2386 435 2423 dicitis
465 2386 646 2436 patribus
680 2386 911 2423 commercio
942 2386 1083 2436 plebis,
1116 2400 1164 2424 ne
1195 2400 1266 2424 nos
1297 2386 1482 2424 comitate
1505 2398 1549 2423 ao
1574 2384 1732 2422 munifi-

303 2458 431 2495 centia
461 2461 596 2494 nostra
626 2470 882 2506 provocemus
919 2458 1090 2507 plebem,
1124 2471 1194 2495 nec
1224 2457 1337 2508 plebs
1376 2456 1493 2495 nobis
1523 2456 1630 2494 dioto
1661 2469 1733 2494 au·

262 2532 284 2565 9
306 2528 419 2566 diens
436 2532 554 2578 atque
571 2528 757 2566 obediens
775 2529 836 2565 sit.
869 2527 1027 2574 Quanto
1053 2529 1223 2577 tandem,
1252 2529 1285 2566 si
1302 2529 1519 2578 quicquam>
1537 2528 1578 2564 in
1602 2527 1730 2577 vobis,

305 2614 381 2638 non
414 2601 502 2638 dico
534 2600 680 2648 civilis,
711 2599 780 2636 sed
811 2599 972 2636 humani
1006 2603 1133 2639 animi
1164 2604 1285 2650 esset,
1331 2600 1465 2637 favere
1502 2612 1572 2637 vos
1602 2599 1731 2648 magis

301 2676 351 2720 et,
380 2676 571 2721 quantum
604 2672 644 2708 in
675 2670 788 2709 vobis
820 2674 934 2719 esset,
967 2672 1177 2722 indulgere
1200 2672 1334 2721 potius
1362 2670 1541 2709 comitati
1571 2664 1730 2722 patrum
