<?xml version="1.0" encoding="UTF-8"?>
<!DOCTYPE html PUBLIC "-//W3C//DTD XHTML 1.0 Transitional//EN"
    "http://www.w3.org/TR/xhtml1/DTD/xhtml1-transitional.dtd">
<html xmlns="http://www.w3.org/1999/xhtml" xml:lang="en" lang="en">
 <head>
  <title>
</title>
<meta http-equiv="Content-Type" content="text/html;charset=utf-8" />
  <meta name='ocr-system' content='tesseract 3.04.00' />
  <meta name='ocr-capabilities' content='ocr_page ocr_carea ocr_par ocr_line ocrx_word'/>
</head>
<body>
  <div class='ocr_page' id='page_1' title='image "./historiarumroman01livyuoft_0497.png"; bbox 0 0 1821 2928; ppageno 0'>
   <div class='ocr_carea' id='block_1_1' title="bbox 1361 197 1435 234">
    <p class='ocr_par' dir='ltr' id='par_1_1' title="bbox 1361 197 1435 234">
     <span class='ocr_line' id='line_1_1' title="bbox 1361 197 1435 234; baseline 0 0"><span class='ocrx_word' id='word_1_1' title='bbox 1361 197 1435 234; x_wconf 88' lang='lat'>141</span> 
     </span>
    </p>
   </div>
   <div class='ocr_carea' id='block_1_2' title="bbox 531 933 1034 982">
    <p class='ocr_par' dir='ltr' id='par_1_2' title="bbox 531 933 1034 982">
     <span class='ocr_line' id='line_1_2' title="bbox 531 933 1034 982; baseline -0.002 0"><span class='ocrx_word' id='word_1_2' title='bbox 531 934 851 982; x_wconf 75' lang='lat' dir='ltr'>LIBER</span> <span class='ocrx_word' id='word_1_3' title='bbox 907 933 1034 981; x_wconf 90' lang='lat' dir='ltr'>IX.</span> 
     </span>
    </p>
   </div>
   <div class='ocr_carea' id='block_1_3' title="bbox 62 1103 1501 1192">
    <p class='ocr_par' dir='ltr' id='par_1_3' title="bbox 62 1103 1501 1192">
     <span class='ocr_line' id='line_1_3' title="bbox 62 1103 1501 1192; baseline 0.001 -16"><span class='ocrx_word' id='word_1_4' title='bbox 62 1103 268 1192; x_wconf 71' lang='lat' dir='ltr'>Sequitur</span> <span class='ocrx_word' id='word_1_5' title='bbox 312 1139 418 1177; x_wconf 91' lang='lat' dir='ltr'>hunc</span> <span class='ocrx_word' id='word_1_6' title='bbox 462 1153 610 1177; x_wconf 85' lang='lat' dir='ltr'>annum</span> <span class='ocrx_word' id='word_1_7' title='bbox 651 1139 802 1178; x_wconf 71' lang='lat' dir='ltr'>nobilis</span> <span class='ocrx_word' id='word_1_8' title='bbox 843 1139 956 1178; x_wconf 86' lang='lat' dir='ltr'>clade</span> <span class='ocrx_word' id='word_1_9' title='bbox 987 1140 1172 1178; x_wconf 78' lang='lat' dir='ltr'>Romana</span> <span class='ocrx_word' id='word_1_10' title='bbox 1203 1139 1387 1178; x_wconf 83' lang='lat' dir='ltr'>Caudina</span> <span class='ocrx_word' id='word_1_11' title='bbox 1423 1154 1501 1190; x_wconf 87' lang='lat' dir='ltr'>pax</span> 
     </span>
    </p>
   </div>
   <div class='ocr_carea' id='block_1_4' title="bbox 60 1197 1709 1259">
    <p class='ocr_par' dir='ltr' id='par_1_4' title="bbox 60 1197 1709 1259">
     <span class='ocr_line' id='line_1_4' title="bbox 60 1197 1709 1259; baseline -0.001 -12"><span class='ocrx_word' id='word_1_12' title='bbox 60 1209 106 1247; x_wconf 83' lang='lat' dir='ltr'>T.</span> <span class='ocrx_word' id='word_1_13' title='bbox 138 1208 308 1247; x_wconf 86' lang='lat' dir='ltr'>Veturio</span> <span class='ocrx_word' id='word_1_14' title='bbox 341 1208 522 1255; x_wconf 83' lang='lat' dir='ltr'>Calvino,</span> <span class='ocrx_word' id='word_1_15' title='bbox 560 1208 628 1259; x_wconf 83' lang='lat' dir='ltr'>Sp.</span> <span class='ocrx_word' id='word_1_16' title='bbox 659 1208 869 1247; x_wconf 84' lang='lat' dir='ltr'>Postumio</span> <span class='ocrx_word' id='word_1_17' title='bbox 902 1208 1147 1247; x_wconf 82' lang='lat' dir='ltr'>consulibus.</span> <span class='ocrx_word' id='word_1_18' title='bbox 1222 1208 1424 1247; x_wconf 79' lang='lat' dir='ltr'>Samnites</span> <span class='ocrx_word' id='word_1_19' title='bbox 1455 1222 1501 1247; x_wconf 88' lang='lat' dir='ltr'>eo</span> <span class='ocrx_word' id='word_1_20' title='bbox 1520 1197 1709 1258; x_wconf 48' lang='grc' dir='ltr'>ζζζιξῇξζζζῗζ</span> 
     </span>
    </p>
   </div>
   <div class='ocr_carea' id='block_1_5' title="bbox 37 1277 1545 2698">
    <p class='ocr_par' dir='ltr' id='par_1_5' title="bbox 37 1277 1545 2698">
     <span class='ocr_line' id='line_1_5' title="bbox 60 1277 1543 1327; baseline 0 -11"><span class='ocrx_word' id='word_1_21' title='bbox 60 1291 164 1316; x_wconf 85' lang='lat' dir='ltr'>anno</span> <span class='ocrx_word' id='word_1_22' title='bbox 210 1278 490 1327; x_wconf 74' lang='lat' dir='ltr'>imperatorem</span> <span class='ocrx_word' id='word_1_23' title='bbox 536 1277 578 1315; x_wconf 86' lang='lat' dir='ltr'>C.</span> <span class='ocrx_word' id='word_1_24' title='bbox 609 1277 804 1315; x_wconf 88' lang='lat' dir='ltr'>Pontium</span> <span class='ocrx_word' id='word_1_25' title='bbox 844 1277 1045 1315; x_wconf 81' lang='lat' dir='ltr'>Herennii</span> <span class='ocrx_word' id='word_1_26' title='bbox 1090 1277 1217 1315; x_wconf 88' lang='lat' dir='ltr'>filium</span> <span class='ocrx_word' id='word_1_27' title='bbox 1263 1278 1543 1326; x_wconf 77' lang='lat' dir='ltr'>habuerunt,2</span> 
     </span>
     <span class='ocr_line' id='line_1_6' title="bbox 37 1346 1502 1398; baseline 0 -14"><span class='ocrx_word' id='word_1_28' title='bbox 37 1349 174 1398; x_wconf 67' lang='lat' dir='ltr'>‘patre</span> <span class='ocrx_word' id='word_1_29' title='bbox 206 1346 324 1396; x_wconf 87' lang='lat' dir='ltr'>longe</span> <span class='ocrx_word' id='word_1_30' title='bbox 355 1346 669 1396; x_wconf 86' lang='lat' dir='ltr'>prudentissimo</span> <span class='ocrx_word' id='word_1_31' title='bbox 701 1350 860 1392; x_wconf 87' lang='lat' dir='ltr'>natum,</span> <span class='ocrx_word' id='word_1_32' title='bbox 898 1347 1073 1396; x_wconf 85' lang='lat' dir='ltr'>primum</span> <span class='ocrx_word' id='word_1_33' title='bbox 1106 1347 1236 1397; x_wconf 89' lang='lat' dir='ltr'>ipsum</span> <span class='ocrx_word' id='word_1_34' title='bbox 1266 1347 1502 1385; x_wconf 75' lang='lat' dir='ltr'>bellatorem</span> 
     </span>
     <span class='ocr_line' id='line_1_7' title="bbox 60 1414 1543 1465; baseline 0.001 -13"><span class='ocrx_word' id='word_1_35' title='bbox 60 1415 291 1465; x_wconf 85' lang='lat' dir='ltr'>ducemque.</span> <span class='ocrx_word' id='word_1_36' title='bbox 350 1415 404 1461; x_wconf 86' lang='lat' dir='ltr'>Is,</span> <span class='ocrx_word' id='word_1_37' title='bbox 434 1415 506 1452; x_wconf 91' lang='lat' dir='ltr'>ubi</span> <span class='ocrx_word' id='word_1_38' title='bbox 536 1415 682 1464; x_wconf 76' lang='lat' dir='ltr'>legati,</span> <span class='ocrx_word' id='word_1_39' title='bbox 721 1415 791 1465; x_wconf 91' lang='lat' dir='ltr'>qui</span> <span class='ocrx_word' id='word_1_40' title='bbox 823 1415 874 1453; x_wconf 82' lang='lat' dir='ltr'>ad</span> <span class='ocrx_word' id='word_1_41' title='bbox 906 1414 1110 1453; x_wconf 80' lang='lat' dir='ltr'>dedendas</span> <span class='ocrx_word' id='word_1_42' title='bbox 1141 1429 1203 1453; x_wconf 74' lang='lat' dir='ltr'>res</span> <span class='ocrx_word' id='word_1_43' title='bbox 1233 1416 1345 1454; x_wconf 86' lang='lat' dir='ltr'>missi</span> <span class='ocrx_word' id='word_1_44' title='bbox 1377 1417 1543 1463; x_wconf 77' lang='lat' dir='ltr'>erant-‚3</span> 
     </span>
     <span class='ocr_line' id='line_1_8' title="bbox 59 1483 1503 1534; baseline 0 -12"><span class='ocrx_word' id='word_1_45' title='bbox 59 1496 157 1534; x_wconf 89' lang='lat' dir='ltr'>pace</span> <span class='ocrx_word' id='word_1_46' title='bbox 189 1483 336 1520; x_wconf 87' lang='lat' dir='ltr'>infecta</span> <span class='ocrx_word' id='word_1_47' title='bbox 366 1483 586 1531; x_wconf 85' lang='lat' dir='ltr'>redierunt,</span> <span class='ocrx_word' id='word_1_48' title='bbox 619 1483 705 1529; x_wconf 64' lang='lat' dir='ltr'>„Ne</span> <span class='ocrx_word' id='word_1_49' title='bbox 722 1484 826 1521; x_wconf 90' lang='lat' dir='ltr'>nihil</span> <span class='ocrx_word' id='word_1_50' title='bbox 843 1486 1000 1521; x_wconf 73' lang='lat' dir='ltr'>actum-⁴</span> <span class='ocrx_word' id='word_1_51' title='bbox 1022 1484 1158 1534; x_wconf 91' lang='lat' dir='ltr'>inquit</span> <span class='ocrx_word' id='word_1_52' title='bbox 1177 1485 1276 1531; x_wconf 67' lang='lat' dir='ltr'>„hac</span> <span class='ocrx_word' id='word_1_53' title='bbox 1299 1484 1503 1534; x_wconf 79' lang='lat' dir='ltr'>legatione</span> 
     </span>
     <span class='ocr_line' id='line_1_9' title="bbox 60 1551 1502 1603; baseline 0 -13"><span class='ocrx_word' id='word_1_54' title='bbox 60 1551 268 1598; x_wconf 80' lang='lat' dir='ltr'>censeatis,</span> <span class='ocrx_word' id='word_1_55' title='bbox 299 1552 504 1602; x_wconf 85' lang='lat' dir='ltr'>expiatum</span> <span class='ocrx_word' id='word_1_56' title='bbox 535 1556 605 1599; x_wconf 88' lang='lat' dir='ltr'>est,</span> <span class='ocrx_word' id='word_1_57' title='bbox 636 1552 833 1602; x_wconf 89' lang='lat' dir='ltr'>quicquid</span> <span class='ocrx_word' id='word_1_58' title='bbox 865 1566 913 1589; x_wconf 88' lang='lat' dir='ltr'>ex</span> <span class='ocrx_word' id='word_1_59' title='bbox 945 1551 1094 1590; x_wconf 83' lang='lat' dir='ltr'>foedere</span> <span class='ocrx_word' id='word_1_60' title='bbox 1124 1556 1243 1603; x_wconf 86' lang='lat' dir='ltr'>rupto</span> <span class='ocrx_word' id='word_1_61' title='bbox 1276 1553 1428 1591; x_wconf 87' lang='lat' dir='ltr'>irarum</span> <span class='ocrx_word' id='word_1_62' title='bbox 1460 1553 1502 1590; x_wconf 91' lang='lat' dir='ltr'>in</span> 
     </span>
     <span class='ocr_line' id='line_1_10' title="bbox 59 1619 1545 1671; baseline 0.001 -13"><span class='ocrx_word' id='word_1_63' title='bbox 59 1634 131 1658; x_wconf 88' lang='lat' dir='ltr'>nos</span> <span class='ocrx_word' id='word_1_64' title='bbox 162 1620 381 1658; x_wconf 85' lang='lat' dir='ltr'>caelestium</span> <span class='ocrx_word' id='word_1_65' title='bbox 411 1620 501 1658; x_wconf 89' lang='lat' dir='ltr'>fuit.</span> <span class='ocrx_word' id='word_1_66' title='bbox 575 1619 683 1659; x_wconf 84' lang='lat' dir='ltr'>Satis</span> <span class='ocrx_word' id='word_1_67' title='bbox 714 1621 809 1668; x_wconf 87' lang='lat' dir='ltr'>scio,</span> <span class='ocrx_word' id='word_1_68' title='bbox 846 1620 1154 1671; x_wconf 84' lang='lat' dir='ltr'>quibuscunque</span> <span class='ocrx_word' id='word_1_69' title='bbox 1185 1621 1248 1660; x_wconf 79' lang='lat' dir='ltr'>dis</span> <span class='ocrx_word' id='word_1_70' title='bbox 1279 1621 1393 1659; x_wconf 82' lang='lat' dir='ltr'>cordi</span> <span class='ocrx_word' id='word_1_71' title='bbox 1423 1621 1501 1659; x_wconf 89' lang='lat' dir='ltr'>fuit</span> <span class='ocrx_word' id='word_1_72' title='bbox 1519 1622 1545 1660; x_wconf 88' lang='lat'>4</span> 
     </span>
     <span class='ocr_line' id='line_1_11' title="bbox 58 1688 1502 1738; baseline 0.001 -12"><span class='ocrx_word' id='word_1_73' title='bbox 58 1689 194 1738; x_wconf 82' lang='lat' dir='ltr'>subigi</span> <span class='ocrx_word' id='word_1_74' title='bbox 226 1702 298 1726; x_wconf 86' lang='lat' dir='ltr'>nos</span> <span class='ocrx_word' id='word_1_75' title='bbox 330 1688 380 1726; x_wconf 86' lang='lat' dir='ltr'>ad</span> <span class='ocrx_word' id='word_1_76' title='bbox 419 1689 699 1727; x_wconf 75' lang='lat' dir='ltr'>necessitatem</span> <span class='ocrx_word' id='word_1_77' title='bbox 739 1690 914 1727; x_wconf 82' lang='lat' dir='ltr'>dedendi</span> <span class='ocrx_word' id='word_1_78' title='bbox 954 1702 1035 1736; x_wconf 80' lang='lat' dir='ltr'>reS‚</span> <span class='ocrx_word' id='word_1_79' title='bbox 1081 1702 1169 1738; x_wconf 84' lang='lat' dir='ltr'>quae</span> <span class='ocrx_word' id='word_1_80' title='bbox 1211 1690 1260 1727; x_wconf 78' lang='lat' dir='ltr'>ab</span> <span class='ocrx_word' id='word_1_81' title='bbox 1299 1691 1417 1728; x_wconf 84' lang='lat' dir='ltr'>nobis</span> <span class='ocrx_word' id='word_1_82' title='bbox 1456 1704 1502 1728; x_wconf 83' lang='lat' dir='ltr'>ex</span> 
     </span>
     <span class='ocr_line' id='line_1_12' title="bbox 58 1757 1501 1808; baseline 0.001 -14"><span class='ocrx_word' id='word_1_83' title='bbox 58 1757 207 1794; x_wconf 86' lang='lat' dir='ltr'>foedere</span> <span class='ocrx_word' id='word_1_84' title='bbox 237 1757 421 1806; x_wconf 72' lang='lat' dir='ltr'>repetitae</span> <span class='ocrx_word' id='word_1_85' title='bbox 453 1757 623 1806; x_wconf 83' lang='lat' dir='ltr'>fuerant,</span> <span class='ocrx_word' id='word_1_86' title='bbox 654 1757 704 1795; x_wconf 85' lang='lat' dir='ltr'>iis</span> <span class='ocrx_word' id='word_1_87' title='bbox 735 1771 814 1795; x_wconf 88' lang='lat' dir='ltr'>non</span> <span class='ocrx_word' id='word_1_88' title='bbox 846 1758 968 1795; x_wconf 85' lang='lat' dir='ltr'>fuisse</span> <span class='ocrx_word' id='word_1_89' title='bbox 1000 1757 1114 1796; x_wconf 84' lang='lat' dir='ltr'>cordi</span> <span class='ocrx_word' id='word_1_90' title='bbox 1145 1762 1227 1796; x_wconf 88' lang='lat' dir='ltr'>tam</span> <span class='ocrx_word' id='word_1_91' title='bbox 1250 1759 1419 1808; x_wconf 90' lang='lat' dir='ltr'>superbe</span> <span class='ocrx_word' id='word_1_92' title='bbox 1451 1758 1501 1795; x_wconf 77' lang='lat' dir='ltr'>ab</span> 
     </span>
     <span class='ocr_line' id='line_1_13' title="bbox 57 1824 1544 1876; baseline 0 -14"><span class='ocrx_word' id='word_1_93' title='bbox 57 1824 249 1863; x_wconf 86' lang='lat' dir='ltr'>Romanis</span> <span class='ocrx_word' id='word_1_94' title='bbox 280 1825 444 1863; x_wconf 83' lang='lat' dir='ltr'>foederis</span> <span class='ocrx_word' id='word_1_95' title='bbox 475 1826 747 1875; x_wconf 75' lang='lat' dir='ltr'>expiationem</span> <span class='ocrx_word' id='word_1_96' title='bbox 770 1830 957 1876; x_wconf 83' lang='lat' dir='ltr'>spretam.</span> <span class='ocrx_word' id='word_1_97' title='bbox 1010 1826 1119 1874; x_wconf 76' lang='lat' dir='ltr'>Quid</span> <span class='ocrx_word' id='word_1_98' title='bbox 1147 1827 1252 1866; x_wconf 89' lang='lat' dir='ltr'>enim</span> <span class='ocrx_word' id='word_1_99' title='bbox 1275 1827 1383 1864; x_wconf 86' lang='lat' dir='ltr'>ultra</span> <span class='ocrx_word' id='word_1_100' title='bbox 1413 1826 1500 1864; x_wconf 87' lang='lat' dir='ltr'>fieri</span> <span class='ocrx_word' id='word_1_101' title='bbox 1521 1827 1544 1862; x_wconf 69' lang='grc' dir='ltr'>ἵ)</span> 
     </span>
     <span class='ocr_line' id='line_1_14' title="bbox 58 1893 1502 1946; baseline 0 -14"><span class='ocrx_word' id='word_1_102' title='bbox 58 1893 110 1932; x_wconf 80' lang='lat' dir='ltr'>ad</span> <span class='ocrx_word' id='word_1_103' title='bbox 140 1893 359 1943; x_wconf 82' lang='lat' dir='ltr'>placandos</span> <span class='ocrx_word' id='word_1_104' title='bbox 391 1893 486 1931; x_wconf 83' lang='lat' dir='ltr'>deos</span> <span class='ocrx_word' id='word_1_105' title='bbox 517 1894 841 1945; x_wconf 83' lang='lat' dir='ltr'>mitigandosque</span> <span class='ocrx_word' id='word_1_106' title='bbox 871 1895 1052 1933; x_wconf 87' lang='lat' dir='ltr'>homines</span> <span class='ocrx_word' id='word_1_107' title='bbox 1083 1896 1228 1945; x_wconf 81' lang='lat' dir='ltr'>potuit,</span> <span class='ocrx_word' id='word_1_108' title='bbox 1259 1908 1377 1946; x_wconf 89' lang='lat' dir='ltr'>quam</span> <span class='ocrx_word' id='word_1_109' title='bbox 1394 1894 1502 1945; x_wconf 86' lang='lat' dir='ltr'>quod</span> 
     </span>
     <span class='ocr_line' id='line_1_15' title="bbox 58 1961 1502 2014; baseline 0.001 -15"><span class='ocrx_word' id='word_1_110' title='bbox 58 1975 129 2000; x_wconf 90' lang='lat' dir='ltr'>nos</span> <span class='ocrx_word' id='word_1_111' title='bbox 160 1962 357 1999; x_wconf 81' lang='lat' dir='ltr'>fecimus?</span> <span class='ocrx_word' id='word_1_112' title='bbox 415 1961 497 1999; x_wconf 83' lang='lat' dir='ltr'>Res</span> <span class='ocrx_word' id='word_1_113' title='bbox 529 1962 704 2000; x_wconf 86' lang='lat' dir='ltr'>hostium</span> <span class='ocrx_word' id='word_1_114' title='bbox 737 1964 777 2002; x_wconf 88' lang='lat' dir='ltr'>in</span> <span class='ocrx_word' id='word_1_115' title='bbox 808 1964 945 2014; x_wconf 83' lang='lat' dir='ltr'>praeda</span> <span class='ocrx_word' id='word_1_116' title='bbox 977 1967 1126 2014; x_wconf 60' lang='lat' dir='ltr'>captam,</span> <span class='ocrx_word' id='word_1_117' title='bbox 1169 1977 1255 2014; x_wconf 80' lang='lat' dir='ltr'>quae</span> <span class='ocrx_word' id='word_1_118' title='bbox 1286 1964 1383 2001; x_wconf 86' lang='lat' dir='ltr'>belli</span> <span class='ocrx_word' id='word_1_119' title='bbox 1416 1964 1502 2001; x_wconf 85' lang='lat' dir='ltr'>iure</span> 
     </span>
     <span class='ocr_line' id='line_1_16' title="bbox 57 2030 1541 2082; baseline 0 -14"><span class='ocrx_word' id='word_1_120' title='bbox 57 2034 204 2069; x_wconf 83' lang='lat' dir='ltr'>nostrae</span> <span class='ocrx_word' id='word_1_121' title='bbox 234 2030 488 2076; x_wconf 79' lang='lat' dir='ltr'>videbantur,</span> <span class='ocrx_word' id='word_1_122' title='bbox 518 2032 763 2079; x_wconf 74' lang='lat' dir='ltr'>remisimus3</span> <span class='ocrx_word' id='word_1_123' title='bbox 795 2037 978 2070; x_wconf 79' lang='lat' dir='ltr'>auctores</span> <span class='ocrx_word' id='word_1_124' title='bbox 1010 2032 1119 2079; x_wconf 87' lang='lat' dir='ltr'>belli,</span> <span class='ocrx_word' id='word_1_125' title='bbox 1150 2032 1246 2082; x_wconf 84' lang='lat' dir='ltr'>quia</span> <span class='ocrx_word' id='word_1_126' title='bbox 1276 2033 1390 2070; x_wconf 82' lang='lat' dir='ltr'>vivos</span> <span class='ocrx_word' id='word_1_127' title='bbox 1421 2046 1499 2071; x_wconf 89' lang='lat' dir='ltr'>non</span> <span class='ocrx_word' id='word_1_128' title='bbox 1519 2035 1541 2068; x_wconf 71' lang='lat'>(5</span> 
     </span>
     <span class='ocr_line' id='line_1_17' title="bbox 58 2099 1502 2150; baseline 0.001 -13"><span class='ocrx_word' id='word_1_129' title='bbox 58 2100 275 2149; x_wconf 87' lang='lat' dir='ltr'>potuimus,</span> <span class='ocrx_word' id='word_1_130' title='bbox 320 2099 551 2150; x_wconf 86' lang='lat' dir='ltr'>perfunctos</span> <span class='ocrx_word' id='word_1_131' title='bbox 592 2101 670 2138; x_wconf 87' lang='lat' dir='ltr'>iam</span> <span class='ocrx_word' id='word_1_132' title='bbox 709 2101 791 2138; x_wconf 85' lang='lat' dir='ltr'>fato</span> <span class='ocrx_word' id='word_1_133' title='bbox 830 2100 1079 2146; x_wconf 84' lang='lat' dir='ltr'>dedidimus;</span> <span class='ocrx_word' id='word_1_134' title='bbox 1124 2101 1230 2139; x_wconf 92' lang='lat' dir='ltr'>bona</span> <span class='ocrx_word' id='word_1_135' title='bbox 1261 2114 1408 2148; x_wconf 83' lang='lat' dir='ltr'>eorum,</span> <span class='ocrx_word' id='word_1_136' title='bbox 1453 2115 1502 2140; x_wconf 84' lang='lat' dir='ltr'>ne</span> 
     </span>
     <span class='ocr_line' id='line_1_18' title="bbox 58 2167 1501 2220; baseline 0.001 -15"><span class='ocrx_word' id='word_1_137' title='bbox 58 2168 158 2218; x_wconf 89' lang='lat' dir='ltr'>quid</span> <span class='ocrx_word' id='word_1_138' title='bbox 190 2181 236 2206; x_wconf 75' lang='lat' dir='ltr'>ex</span> <span class='ocrx_word' id='word_1_139' title='bbox 269 2167 508 2217; x_wconf 85' lang='lat' dir='ltr'>contagione</span> <span class='ocrx_word' id='word_1_140' title='bbox 539 2182 651 2206; x_wconf 85' lang='lat' dir='ltr'>noxae</span> <span class='ocrx_word' id='word_1_141' title='bbox 675 2174 900 2207; x_wconf 82' lang='lat' dir='ltr'>remaneret</span> <span class='ocrx_word' id='word_1_142' title='bbox 923 2183 1043 2220; x_wconf 85' lang='lat' dir='ltr'>penes</span> <span class='ocrx_word' id='word_1_143' title='bbox 1067 2182 1150 2216; x_wconf 84' lang='lat' dir='ltr'>nos,</span> <span class='ocrx_word' id='word_1_144' title='bbox 1180 2169 1351 2208; x_wconf 83' lang='lat' dir='ltr'>Romam</span> <span class='ocrx_word' id='word_1_145' title='bbox 1367 2174 1501 2220; x_wconf 83' lang='lat' dir='ltr'>porta-</span> 
     </span>
     <span class='ocr_line' id='line_1_19' title="bbox 57 2236 1542 2289; baseline 0.001 -15"><span class='ocrx_word' id='word_1_146' title='bbox 57 2236 196 2274; x_wconf 85' lang='lat' dir='ltr'>vimus.</span> <span class='ocrx_word' id='word_1_147' title='bbox 271 2236 381 2284; x_wconf 76' lang='lat' dir='ltr'>Quid</span> <span class='ocrx_word' id='word_1_148' title='bbox 426 2237 534 2275; x_wconf 88' lang='lat' dir='ltr'>ultra</span> <span class='ocrx_word' id='word_1_149' title='bbox 578 2237 670 2284; x_wconf 87' lang='lat' dir='ltr'>tibi,</span> <span class='ocrx_word' id='word_1_150' title='bbox 715 2237 908 2285; x_wconf 82' lang='lat' dir='ltr'>Romane,</span> <span class='ocrx_word' id='word_1_151' title='bbox 953 2237 1051 2288; x_wconf 85' lang='lat' dir='ltr'>quid</span> <span class='ocrx_word' id='word_1_152' title='bbox 1096 2237 1248 2285; x_wconf 83' lang='lat' dir='ltr'>foederi,</span> <span class='ocrx_word' id='word_1_153' title='bbox 1294 2238 1392 2289; x_wconf 84' lang='lat' dir='ltr'>quid</span> <span class='ocrx_word' id='word_1_154' title='bbox 1437 2239 1542 2276; x_wconf 80' lang='lat' dir='ltr'>dis7</span> 
     </span>
     <span class='ocr_line' id='line_1_20' title="bbox 58 2304 1502 2357; baseline 0.002 -15"><span class='ocrx_word' id='word_1_155' title='bbox 58 2304 227 2342; x_wconf 82' lang='lat' dir='ltr'>arbitris</span> <span class='ocrx_word' id='word_1_156' title='bbox 273 2305 434 2343; x_wconf 76' lang='lat' dir='ltr'>foederis</span> <span class='ocrx_word' id='word_1_157' title='bbox 471 2305 629 2344; x_wconf 69' lang='lat' dir='ltr'>debeo?</span> <span class='ocrx_word' id='word_1_158' title='bbox 690 2307 817 2354; x_wconf 79' lang='lat' dir='ltr'>Quem</span> <span class='ocrx_word' id='word_1_159' title='bbox 855 2306 933 2344; x_wconf 89' lang='lat' dir='ltr'>tibi</span> <span class='ocrx_word' id='word_1_160' title='bbox 969 2309 1130 2345; x_wconf 81' lang='lat' dir='ltr'>tuarum</span> <span class='ocrx_word' id='word_1_161' title='bbox 1169 2306 1339 2355; x_wconf 83' lang='lat' dir='ltr'>irarum,</span> <span class='ocrx_word' id='word_1_162' title='bbox 1385 2320 1502 2357; x_wconf 85' lang='lat' dir='ltr'>quem</span> 
     </span>
     <span class='ocr_line' id='line_1_21' title="bbox 58 2373 1500 2426; baseline 0.001 -15"><span class='ocrx_word' id='word_1_163' title='bbox 58 2387 236 2412; x_wconf 88' lang='lat' dir='ltr'>meorum</span> <span class='ocrx_word' id='word_1_164' title='bbox 267 2373 559 2424; x_wconf 85' lang='lat' dir='ltr'>suppliciorum</span> <span class='ocrx_word' id='word_1_165' title='bbox 603 2374 774 2412; x_wconf 85' lang='lat' dir='ltr'>iudicem</span> <span class='ocrx_word' id='word_1_166' title='bbox 814 2374 967 2413; x_wconf 77' lang='lat' dir='ltr'>feram?</span> <span class='ocrx_word' id='word_1_167' title='bbox 1026 2375 1235 2413; x_wconf 86' lang='lat' dir='ltr'>Neminem</span> <span class='ocrx_word' id='word_1_168' title='bbox 1274 2389 1400 2426; x_wconf 86' lang='lat' dir='ltr'>neque</span> <span class='ocrx_word' id='word_1_169' title='bbox 1431 2389 1500 2426; x_wconf 90' lang='lat' dir='ltr'>po-</span> 
     </span>
     <span class='ocr_line' id='line_1_22' title="bbox 58 2441 1542 2494; baseline 0.002 -16"><span class='ocrx_word' id='word_1_170' title='bbox 58 2441 196 2491; x_wconf 88' lang='lat' dir='ltr'>pulum</span> <span class='ocrx_word' id='word_1_171' title='bbox 227 2455 356 2492; x_wconf 88' lang='lat' dir='ltr'>neque</span> <span class='ocrx_word' id='word_1_172' title='bbox 385 2443 587 2492; x_wconf 85' lang='lat' dir='ltr'>privatum</span> <span class='ocrx_word' id='word_1_173' title='bbox 617 2444 742 2493; x_wconf 79' lang='lat' dir='ltr'>fugio.</span> <span class='ocrx_word' id='word_1_174' title='bbox 803 2443 920 2491; x_wconf 81' lang='lat' dir='ltr'>Quod</span> <span class='ocrx_word' id='word_1_175' title='bbox 951 2444 985 2481; x_wconf 79' lang='lat' dir='ltr'>si</span> <span class='ocrx_word' id='word_1_176' title='bbox 1016 2444 1122 2482; x_wconf 81' lang='lat' dir='ltr'>nihil</span> <span class='ocrx_word' id='word_1_177' title='bbox 1154 2457 1242 2482; x_wconf 90' lang='lat' dir='ltr'>cum</span> <span class='ocrx_word' id='word_1_178' title='bbox 1274 2445 1542 2494; x_wconf 76' lang='lat' dir='ltr'>potentiore8</span> 
     </span>
     <span class='ocr_line' id='line_1_23' title="bbox 60 2510 1500 2562; baseline 0.002 -15"><span class='ocrx_word' id='word_1_179' title='bbox 60 2510 159 2547; x_wconf 77' lang='lat' dir='ltr'>iuris</span> <span class='ocrx_word' id='word_1_180' title='bbox 190 2510 353 2548; x_wconf 85' lang='lat' dir='ltr'>humani</span> <span class='ocrx_word' id='word_1_181' title='bbox 384 2511 629 2562; x_wconf 74' lang='lat' dir='ltr'>relinquitur</span> <span class='ocrx_word' id='word_1_182' title='bbox 661 2512 785 2562; x_wconf 87' lang='lat' dir='ltr'>inopi,</span> <span class='ocrx_word' id='word_1_183' title='bbox 816 2516 856 2550; x_wconf 84' lang='lat' dir='ltr'>at</span> <span class='ocrx_word' id='word_1_184' title='bbox 888 2526 960 2561; x_wconf 81' lang='lat' dir='ltr'>ego</span> <span class='ocrx_word' id='word_1_185' title='bbox 991 2513 1042 2550; x_wconf 84' lang='lat' dir='ltr'>ad</span> <span class='ocrx_word' id='word_1_186' title='bbox 1074 2512 1169 2551; x_wconf 85' lang='lat' dir='ltr'>deos</span> <span class='ocrx_word' id='word_1_187' title='bbox 1194 2513 1374 2551; x_wconf 80' lang='lat' dir='ltr'>vindices</span> <span class='ocrx_word' id='word_1_188' title='bbox 1399 2513 1500 2551; x_wconf 80' lang='lat' dir='ltr'>into-</span> 
     </span>
     <span class='ocr_line' id='line_1_24' title="bbox 58 2578 1539 2632; baseline 0.002 -17"><span class='ocrx_word' id='word_1_189' title='bbox 58 2578 233 2616; x_wconf 80' lang='lat' dir='ltr'>lerandae</span> <span class='ocrx_word' id='word_1_190' title='bbox 265 2579 464 2630; x_wconf 73' lang='lat' dir='ltr'>superbiae</span> <span class='ocrx_word' id='word_1_191' title='bbox 495 2581 725 2630; x_wconf 81' lang='lat' dir='ltr'>confugiam</span> <span class='ocrx_word' id='word_1_192' title='bbox 752 2585 789 2618; x_wconf 83' lang='lat' dir='ltr'>et</span> <span class='ocrx_word' id='word_1_193' title='bbox 813 2581 1021 2632; x_wconf 85' lang='lat' dir='ltr'>precabor,</span> <span class='ocrx_word' id='word_1_194' title='bbox 1052 2585 1097 2619; x_wconf 92' lang='lat' dir='ltr'>ut</span> <span class='ocrx_word' id='word_1_195' title='bbox 1122 2581 1202 2619; x_wconf 81' lang='lat' dir='ltr'>iras</span> <span class='ocrx_word' id='word_1_196' title='bbox 1225 2595 1315 2620; x_wconf 82' lang='lat' dir='ltr'>suas</span> <span class='ocrx_word' id='word_1_197' title='bbox 1339 2585 1496 2620; x_wconf 78' lang='lat' dir='ltr'>vertant</span> <span class='ocrx_word' id='word_1_198' title='bbox 1517 2585 1539 2618; x_wconf 69' lang='grc'><strong>9</strong></span> 
     </span>
     <span class='ocr_line' id='line_1_25' title="bbox 60 2646 1500 2698; baseline 0.003 -14"><span class='ocrx_word' id='word_1_199' title='bbox 60 2646 101 2684; x_wconf 92' lang='lat' dir='ltr'>in</span> <span class='ocrx_word' id='word_1_200' title='bbox 133 2660 211 2694; x_wconf 85' lang='lat' dir='ltr'>eos,</span> <span class='ocrx_word' id='word_1_201' title='bbox 242 2648 388 2698; x_wconf 89' lang='lat' dir='ltr'>quibus</span> <span class='ocrx_word' id='word_1_202' title='bbox 419 2662 497 2686; x_wconf 91' lang='lat' dir='ltr'>non</span> <span class='ocrx_word' id='word_1_203' title='bbox 528 2661 608 2687; x_wconf 73' lang='lat' dir='ltr'>suae</span> <span class='ocrx_word' id='word_1_204' title='bbox 639 2649 809 2686; x_wconf 64' lang='lat' dir='ltr'>redditae</span> <span class='ocrx_word' id='word_1_205' title='bbox 840 2662 921 2695; x_wconf 85' lang='lat' dir='ltr'>res,</span> <span class='ocrx_word' id='word_1_206' title='bbox 959 2663 1036 2688; x_wconf 93' lang='lat' dir='ltr'>non</span> <span class='ocrx_word' id='word_1_207' title='bbox 1069 2651 1210 2689; x_wconf 83' lang='lat' dir='ltr'>alienae</span> <span class='ocrx_word' id='word_1_208' title='bbox 1241 2651 1500 2689; x_wconf 68' lang='lat' dir='ltr'>accumulatae</span> 
     </span>
    </p>
   </div>
  </div>
 </body>
</html>
