1821 2928
388 161 440 196 22
794 174 884 200 Liber
901 173 954 199 vr
991 174 1038 202 (A.
1058 182 1085 199 u.
1104 182 1129 200 ο.
1149 175 1303 204 370—372.)

332 289 534 334 citaretur,
565 291 603 325 et
634 302 722 326 reus
753 289 803 326 ad
828 289 1074 338 Capitolium
1098 303 1234 327 manus
1257 290 1423 328 tendens
1449 291 1498 328 ab
1529 291 1758 329 hominibus

331 357 380 393 ad
413 357 505 393 deos
537 369 672 406 preces
704 358 921 403 avertisset,
952 359 1141 407 apparuit
1169 359 1355 405 tribunis,
1386 359 1465 396 nisi
1497 360 1633 397 oculos
1663 372 1758 410 quo-

331 439 406 473 que
430 426 633 462 hominum
659 425 898 462 liberassent
919 427 1021 463 tanti
1047 427 1236 464 memoria
1254 428 1419 474 decoris,
1450 440 1653 477 nunquam
1675 428 1759 466 fore

264 494 310 530 ll
335 493 374 529 in
414 495 704 542 praeoccupatis
744 495 936 532 beneficio
977 495 1121 532 animis
1161 509 1252 533 vero
1294 497 1454 533 crimini
1496 496 1636 534 locum.
1694 496 1759 534 Ita

330 562 514 611 prodicta
546 562 622 601 die.
654 563 695 599 in
718 562 947 600 Petelinum
971 564 1104 600 lucum
1129 567 1239 601 extra
1269 568 1423 614 portam
1440 565 1759 611 Flumentanam,

332 630 435 667 unde
467 635 699 680 conspectus
742 632 781 668 in
815 631 1061 681 Capitolium
1101 646 1179 669 11011
1211 637 1321 679 esset,
1363 634 1579 670 concilium
1618 633 1758 683 populi

335 699 529 736 indictum
561 703 629 736 est.
690 700 753 737 lbi
793 701 941 737 crimen
972 701 1112 747 valuit,
1151 705 1189 738 et
1219 702 1431 739 obstinatis
1462 702 1607 739 animis
1643 701 1760 739 triste

265 768 312 803 1‘2
333 768 527 805 iudicium
561 769 811 818 invisumque
842 769 962 806 etiam
995 769 1197 806 iudicibus
1229 770 1387 807 factum.
1447 769 1559 816 Sunt,
1591 769 1660 819 qui
1690 783 1761 819 per

333 837 575 882 duumviros,
607 838 676 886 qui
709 838 756 874 de
786 837 1062 886 perduellione
1093 838 1361 886 anquirerent,
1399 842 1551 876 creatos
1581 841 1762 876 auctores

331 905 413 942 sint
443 905 683 942 damnatum.
729 905 900 942 Tribuni
925 905 973 943 de
997 919 1088 943 saxo
1106 905 1278 955 Tarpeio
1303 906 1542 953 deiecerunt,
1571 906 1760 956 locusque

334 973 437 1010 idem
470 974 511 1010 in
542 986 619 1010 11110
651 974 810 1011 1101111110
842 978 879 1011 et
904 975 1059 1011 eximiae
1083 975 1223 1022 gloriae
1246 978 1542 1012 monumentum
1573 977 1613 1011 et
1634 986 1760 1024 poenae

266 1042 315 1078 13
334 1042 485 1078 ultimae
515 1043 602 1079 fuit.
648 1042 833 1080 Adiectae.
864 1047 1020 1080 mortuo
1052 1047 1154 1080 notae
1187 1047 1288 1088 sunt,
1325 1042 1489 1093 publica
1519 1056 1610 1090 una,
1640 1043 1760 1092 quod,

333 1124 452 1159 quum
486 1111 624 1147 (lomus
656 1111 740 1147 eius
770 1112 922 1157 fuisset,
960 1111 1029 1147 ubi
1069 1124 1171 1148 nunc
1203 1111 1306 1148 aedes
1337 1115 1455 1161 atque
1487 1110 1646 1149 officina
1675 1110 1761 1148 Μο-

333 1182 432 1215 netae
464 1183 532 1225 est,
573 1180 697 1216 latum
729 1179 779 1217 ad
818 1180 1008 1229 populum
1041 1183 1109 1225 est,
1150 1193 1197 1217 110
1229 1180 1318 1229 quis
1357 1179 1553 1229 patricius
1594 1179 1636 1216 in
1673 1192 1762 1216 arce

266 1247 315 1283 14
333 1252 399 1284 aut
419 1247 620 1297 Capitolio
652 1248 864 1294 habitaret.
895 1248 1106 1296 gentilicia
1137 1249 1274 1294 altera,
1306 1248 1412 1296 quod
1443 1247 1574 1295 gentis
1597 1247 1762 1284 Manliae

335 1318 489 1354 decreto
533 1321 690 1354 cautum
732 1321 800 1363 est,
840 1330 888 1353 ne
929 1317 1018 1365 quis
1060 1317 1203 1353 deinde
1242 1316 1296 1353 M.
1326 1316 1504 1353 Manlius
1544 1318 1762 1354 vocaretur.

334 1386 453 1422 Hunc
484 1386 631 1422 exitum
669 1386 809 1423 habuit
840 1386 913 1432 vir,
950 1385 1030 1421 nisi
1069 1385 1110 1421 in
1149 1385 1279 1422 libera
1310 1385 1473 1421 civitate
1503 1387 1620 1421 natus
1651 1386 1763 1429 esset,

266 1454 316 1490 15
334 1455 615 1491 memorabilis.
684 1454 886 1504 Populum
931 1453 1056 1500 brevi,
1100 1457 1311 1502 postquam
1355 1452 1578 1502 periculum
1623 1451 1671 1489 ab
1717 1464 1762 1488 eo

334 1524 488 1560 nullum
521 1527 616 1560 erat.
661 1536 730 1572 per
771 1536 810 1559 se
853 1522 960 1572 ipsas
1000 1522 1276 1559 recordantem
1307 1521 1477 1558 virtutes
1519 1519 1763 1558 desiderium

334 1591 418 1628 eius
449 1591 589 1627 tenuit.
649 1591 889 1627 Pestilentia
921 1591 1041 1627 etiam
1072 1590 1185 1627 brevi
1219 1592 1437 1634 consecuta,
1473 1588 1598 1625 nullis
1629 1601 1762 1625 occur-

332 1659 512 1696 rentibus
555 1661 676 1695 tantae
708 1659 834 1696 cladis
874 1659 1015 1702 causis,
1048 1672 1093 1695 ex
1123 1658 1330 1695 Manliano
1371 1656 1570 1706 supplicio
1610 1668 1763 1704 magnae

267 1727 317 1762 16
335 1727 440 1776 parti
472 1726 602 1763 videri
636 1731 739 1764 orta:
784 1727 979 1763 violatum
1012 1726 1258 1775 Capitolium
1291 1739 1372 1762 esse
1410 1724 1602 1772 sanguine
1632 1736 1762 1760 serva-

332 1795 443 1841 toris,
474 1809 544 1832 nec
576 1795 637 1831 dis
669 1795 779 1832 cordi
811 1794 942 1841 fuisse,
973 1808 1129 1843 poenam
1161 1794 1245 1830 eius
1277 1793 1451 1831 oblatam
1481 1805 1605 1842 prope
1637 1791 1763 1828 oculis

335 1864 427 1910 suis,
459 1878 478 1900 a
512 1877 588 1913 quo
620 1877 690 1901 sua
721 1864 870 1913 templa
901 1866 1035 1912 erepta
1068 1877 1087 1898 e
1118 1862 1303 1898 manibus
1334 1861 1508 1899 hostium
1540 1862 1679 1897 essent.

209 1928 262 1974 21
451 1932 730 1969 Pestilentiam
763 1932 900 1981 inopia
936 1932 1095 1979 frugum
1127 1935 1163 1966 et
1194 1930 1398 1978 vulgatam
1428 1929 1637 1977 utriusque
1667 1927 1763 1964 mali

131 2003 314 2063 ἓ-ΰόὲἷξζξ·
334 2003 477 2038 samam
509 2014 610 2037 anno
644 2001 876 2049 insequente
906 1999 1120 2048 multiplex
1149 1998 1299 2035 bellum
1331 1998 1496 2047 excepit,
1527 1996 1573 2034 L.
1596 1995 1765 2034 Valerio

336 2073 532 2119 quartum,
551 2068 601 2105 A.
618 2068 772 2105 Manlio
789 2068 964 2114 tertium,
995 2065 1078 2103 Ser.
1097 2066 1279 2115 Sulpicio
1295 2066 1471 2112 tertium,
1501 2064 1547 2101 L.
1563 2062 1764 2109 Lucretio,

336 2138 381 2175 L.
413 2136 582 2173 AEmilio
612 2137 788 2182 tertium,
826 2136 881 2172 M.
912 2135 1113 2172 Trebonio
1150 2134 1326 2171 tribunis
1358 2133 1532 2170 militum
1563 2130 1764 2169 consulari

297 2208 319 2243 2
339 2210 545 2255 potestate.
605 2204 750 2241 Hostes
782 2205 886 2251 novi,
924 2207 1068 2253 praeter
1099 2201 1279 2248 Volscos,
1316 2201 1427 2239 velut
1456 2203 1562 2238 sorte
1592 2198 1765 2248 quadam

337 2288 460 2324 prope
484 2274 526 2310 in
551 2276 739 2310 aeternum
765 2272 980 2309 exercendo
997 2272 1178 2308 Romano
1201 2270 1326 2307 militi
1351 2270 1475 2315 datos,
1507 2266 1764 2315 Circeiosque

338 2347 375 2380 et
407 2343 585 2381 Velitras
618 2341 804 2386 colonias,
844 2340 920 2376 iam
962 2340 1032 2376 diu
1062 2338 1271 2376 molientes
1303 2337 1576 2382 defectionem,
1614 2338 1654 2372 et
1683 2347 1763 2371 sus-

336 2415 495 2461 pectum
518 2411 690 2455 Latium,
722 2408 924 2446 Lanuvini
957 2408 1088 2453 etiam,
1119 2419 1206 2456 quae
1236 2405 1470 2442 fidelissima
1499 2403 1594 2440 urbs
1621 2402 1764 2448 fuerat,

299 2484 320 2520 3
338 2481 469 2518 subito
502 2479 640 2517 exorti.
699 2478 749 2515 Id
780 2481 912 2527 patres
942 2476 1024 2513 rati
1047 2477 1275 2524 contemptu
1305 2473 1499 2518 accidere,
1529 2469 1635 2519 quod
1652 2468 1763 2507 Veli·

338 2548 464 2585 ternis
496 2548 650 2584 civibus
691 2546 771 2582 suis
810 2549 891 2581 tam
925 2544 993 2580 diu
1036 2542 1232 2591 impunita
1274 2540 1441 2578 defectio
1481 2541 1592 2584 esset,
1632 2536 1764 2573 decre-

339 2622 491 2653 verunt.
532 2621 573 2651 ut
606 2615 733 2664 primo
775 2625 930 2662 quoquoe¹
970 2616 1144 2659 tempore
1185 2609 1235 2645 ad
1276 2608 1467 2657 populum
1507 2606 1676 2643 ferretur
1716 2603 1764 2640 de
