1821 2928
540 105 654 141 Liber
679 105 751 142 111.
801 108 860 151 (A.
887 106 952 141 ch.
978 106 1070 149 449.)
1439 108 1518 146 183

71 251 169 289 pars
203 249 361 287 egressa
393 235 521 286 portis
561 237 646 272 erat
679 233 945 283 deincepsque
978 234 1048 272 alii
1080 232 1292 271 servabant
1324 234 1518 280 ordinem,

78 310 119 347 in
150 322 265 347 suum
295 309 465 358 quisque
492 307 624 344 locum
652 305 950 354 descendentes,
983 319 1104 355 quum
1138 305 1274 344 consul
1298 304 1516 352 Romanus,

79 381 325 432 priusquam·
342 380 437 418 totis
460 377 616 416 viribus
647 377 750 414 fulta
780 380 981 415 constaret
1012 378 1185 415 hostium
1219 377 1336 424 acies,
1380 377 1517 416 intulit

73 445 208 503 signa;
249 451 492 500 adortusque
530 463 601 487 nec
640 463 775 487 omnes
817 448 909 486 dum
941 449 1104 487 eductos
1142 462 1224 489 nec.
1273 449 1344 500 qui
1387 452 1512 500 erant,
1535 452 1585 490 10

74 526 170 563 satis
202 523 413 575 explicatis
444 521 666 571 ordinibus,
699 534 824 571 prope
847 521 1105 559 fluctuantem
1131 521 1291 558 turbam
1307 521 1514 572 trepidan-

74 597 177 634 tium
209 596 284 633 huc
317 600 436 646 atque
460 594 557 632 illuc
583 593 1081 643 circumspectantiumque
1106 607 1146 630 se
1170 607 1215 631 ac
1239 606 1342 643 suos,
1376 594 1515 633 addito

72 668 246 706 turbatis
279 667 478 705 mentibus
510 666 681 703 clamore
713 669 833 715 atque
864 665 1029 715 impetu,
1059 665 1226 703 invadit.
1300 666 1509 711 Rettulere
1532 667 1578 705 11

74 740 205 791 primo
250 740 391 790 pedem
438 738 591 784 hostes3
637 737 782 775 deinde
822 751 940 787 quum
980 737 1134 775 animos
1175 737 1431 786 collegissent
1475 742 1515 777 et

70 812 252 862 undique
276 811 409 857 duces,
439 811 608 848 victisne
635 810 785 847 cessuri
813 814 956 856 essent,
988 809 1253 859 increparent,
1286 810 1514 849 restituitur

71 897 219 934 pugna.
279 882 428 921 Consul
459 897 505 920 ex
536 882 664 919 altera
695 884 809 931 parte
840 881 1044 919 Romanos
1076 882 1302 920 meminisse
1335 881 1512 931 iubebat,
1589 880 1639 928 61

72 955 141 993 illo
173 955 237 992 die
268 956 441 1005 primum
483 954 633 992 liberos
680 966 754 1003 pro
796 953 925 991 libera
967 953 1065 991 urbe
1103 953 1285 992 Romana
1315 967 1513 1004 pugnare:
1583 995 1592 1005 ·

74 1027 236 1065 sibimet
268 1027 367 1077 ipsis
398 1027 589 1075 victuros,
622 1038 701 1063 non
718 1029 763 1063 ut
779 1024 1093 1063 decemvirorum
1112 1026 1286 1064 victores
1304 1027 1512 1076 praemium

72 1103 213 1136 essent.
273 1097 362 1136 Non
396 1098 536 1148 Appio
568 1097 667 1135 duce
698 1111 782 1135 rem
815 1098 914 1147 geri,
946 1097 1015 1136 sed
1047 1098 1208 1136 consule
1241 1097 1422 1148 Valerio,
1456 1098 1506 1136 ab
1526 1102 1549 1138 2

73 1170 363 1209 liberatoribus
403 1169 545 1221 populi
583 1169 757 1207 Romani
796 1173 896 1219 orto,
937 1170 1156 1208 liberatore
1188 1170 1288 1220 ipsa
1367 1169 1512 1209 Osten-

69 1242 222 1291 derent,
255 1242 460 1293 prioribus
490 1242 647 1292 proeliis
679 1255 750 1292 per
781 1241 913 1289 duces,
944 1255 1024 1279 non
1054 1255 1128 1292 per
1158 1241 1306 1280 milites
1338 1243 1507 1289 stetisse,

70 1327 121 1353 ne
152 1314 373 1353 vincerent.
443 1313 579 1363 Turpe
612 1327 695 1351 esse
728 1317 865 1351 contra
897 1313 1000 1351 cives
1031 1314 1121 1363 plus
1162 1313 1288 1351 animi
1320 1314 1508 1353 habuisse
1528 1317 1551 1355 3

73 1399 191 1436 quam
239 1390 377 1424 contra
422 1386 554 1423 hostes
594 1388 632 1422 et
671 1384 779 1423 domi
819 1398 936 1435 quam
978 1385 1075 1423 foris
1117 1386 1350 1423 servitutem
1383 1387 1509 1437 magis

70 1457 264 1496 timuisse.
335 1457 467 1495 Unam
501 1456 737 1506 Verginiam
768 1457 904 1503 fuisse,
946 1459 1056 1495 cuius
1095 1459 1302 1508 pudicitiae
1336 1459 1376 1496 in
1408 1463 1548 1509 pace4

69 1529 291 1580 periculum
319 1533 434 1579 esset,
466 1542 589 1567 unum
606 1529 787 1579 Appium
812 1529 938 1567 civem
965 1530 1200 1580 periculosae
1219 1530 1423 1577 libidinis;
1457 1534 1508 1578 at,

67 1601 103 1639 si
126 1601 286 1639 fortuna
311 1601 410 1638 belli
435 1601 611 1647 inclinet,
643 1602 816 1639 omnium
835 1601 975 1640 liberis
992 1601 1042 1639 ab
1059 1605 1120 1640 tot
1135 1602 1317 1642 millibus
1334 1603 1506 1642 hostium

66 1673 288 1724 periculum
320 1673 424 1719 fore3
470 1673 580 1711 nolle
611 1673 793 1719 ominari,
841 1687 928 1724 quae
960 1687 1033 1712 nec
1065 1674 1252 1725 Iuppiter
1290 1689 1360 1714 nec
1392 1675 1502 1715 Mars
1522 1680 1545 1718 5

64 1748 180 1796 pater
205 1746 361 1795 passuri
387 1745 466 1783 sint
492 1745 540 1783 iis
566 1745 756 1795 auspiciis
774 1745 946 1784 conditae
970 1746 1063 1784 urbi
1080 1747 1274 1786 accidere.
1307 1747 1506 1787 Aventini

67 1815 261 1867 Sacrique
307 1817 454 1855 montis
499 1816 749 1867 admonebat,
803 1822 860 1869 ut,
907 1818 977 1856 ubi
1027 1818 1194 1857 libertas
1239 1823 1355 1869 parta
1403 1825 1504 1859 esset

61 1889 202 1939 paucis
234 1892 324 1927 ante
350 1889 565 1935 mensibus,
596 1902 640 1926 eo
665 1890 875 1940 imperium
901 1890 1102 1928 illibatum
1129 1891 1339 1940 referrent,
1373 1896 1500 1931 osten·
1521 1897 1544 1934 6

64 1959 298 2011 derentque,
340 1961 706 2002 eandemindolem
748 1962 945 2000 militibus
976 1963 1171 2002 Romanis
1209 1969 1297 2014 post
1344 1968 1503 2004 exactos

64 2031 312 2071 decemviros
344 2046 440 2081 esse,
477 2046 565 2083 quae
597 2037 688 2071 ante
712 2038 866 2072 creatos
884 2035 1019 2084 fuerit,
1052 2049 1123 2074 nec
1152 2037 1321 2086 aequatis
1345 2037 1501 2087 legibus

66 2104 318 2142 imminutam
359 2105 548 2144 virtutem
591 2106 731 2157 populi
770 2107 944 2145 Romani
984 2121 1078 2146 esse.
1155 2107 1254 2146 Haec
1294 2109 1363 2147 ubi
1395 2109 1541 2155 inter7

59 2175 180 2226 signa
206 2176 387 2226 peditum
412 2177 522 2215 dicta
546 2178 666 2225 dedit,
698 2178 863 2218 advolat
888 2179 1032 2217 deinde
1056 2180 1106 2218 ad
1123 2180 1288 2230 equites.
1338 2212 1356 2230 ‚2
1364 2181 1501 2232 Agite,

64 2247 253 2286 iuvenes“
289 2249 432 2299 inquit,
468 2254 681 2300 „praestate
712 2251 862 2289 virtute
902 2251 1091 2302 peditem,
1123 2256 1167 2290 ut
1197 2252 1348 2291 honore
1380 2255 1500 2303 atque

61 2319 200 2358 ordine
244 2321 455 2370 praestatis.
546 2322 686 2361 Primo
742 2337 934 2362 concursu
986 2324 1108 2374 pedes
1153 2324 1277 2362 movit
1322 2324 1537 2370 hostem;8

58 2391 217 2442 pulsum
242 2406 311 2430 vos
336 2393 522 2432 immissis
549 2395 662 2444 equis
686 2395 836 2445 exigite
864 2409 884 2433 e
910 2409 1061 2447 campo.
1122 2396 1212 2435 Non
1244 2396 1498 2435 sustinebunt

61 2462 267 2514 impetum,
285 2468 325 2502 et
340 2478 444 2504 nunc
461 2470 700 2505 cunctantur
716 2468 842 2517 magis
870 2481 988 2518 quam
1005 2469 1238 2509 resistunt.“
1281 2467 1495 2506 Concitant
1512 2469 1536 2505 9

59 2547 181 2585 equos
212 2537 530 2588 permittuntque
559 2539 598 2576 in
623 2539 776 2577 hostem
804 2540 983 2590 pedestri
1010 2540 1089 2578 iam
1117 2541 1323 2578 turbatum
1349 2552 1496 2590 pugna,

58 2609 102 2643 et
131 2609 334 2659 perruptis
365 2609 587 2657 ordinibus,
619 2612 715 2649 elati
731 2611 781 2650 ad
798 2613 1053 2650 novissimam
1078 2612 1215 2660 aciem,
1248 2624 1340 2661 pars
1367 2611 1496 2650 libero

57 2678 188 2727 spatio
221 2679 488 2728 circumvecti,
523 2682 600 2721 iam
631 2683 765 2732 fugam
796 2683 976 2733 undique
1007 2687 1255 2733 capessentes
1282 2683 1498 2733 plerosque
