1821 2928
260 129 310 165 74
703 125 817 160 Liber
843 124 895 159 Π.
944 126 1006 168 (Α.
1030 136 1064 159 u.
1091 137 1119 160 c.
1146 126 1239 168 246.)

257 256 321 290 tus
361 253 600 291 circumdari
642 253 755 302 ignes
787 252 1089 290 minitabundus
1122 252 1288 299 iuberet,
1328 253 1406 291 nisi
1438 258 1689 303 expromeret

191 325 243 363 13
260 338 440 376 propere,
468 338 565 375 quas
594 324 829 362 insidiarum
852 323 929 361 sibi
955 324 1080 361 minas
1104 337 1174 374 per
1197 324 1382 373 ambages
1407 325 1567 374 iaceret,
1603 325 1688 372 „Eu

256 397 357 434 tibi⁶⁴
392 397 536 446 inquit,
572 399 641 446 „ut
672 396 830 443 sentias,
861 409 978 445 quam
1009 396 1089 433 vile
1122 409 1265 445 corpus
1297 396 1348 433 sit
1380 395 1444 442 iis,
1476 396 1548 445 qui
1580 409 1688 446 mag-

257 482 345 505 nam
377 469 546 517 gloriam
577 468 756 518 vident“,
791 468 1048 517 dextramque
1081 480 1245 505 accenso
1278 467 1328 504 ad
1359 467 1600 506 sacrificium
1631 469 1689 506 fo-

255 541 347 577 culo
366 540 507 580 iniicit.
556 540 684 587 Quam
701 552 822 589 quum
839 539 949 578 velut
965 539 1137 577 alienato
1155 539 1204 576 ab
1223 552 1340 577 sensu
1356 541 1530 577 torreret
1546 539 1689 586 animo,

256 624 380 661 prope
413 612 605 650 attonitus
637 611 829 649 miraculo
861 624 944 657 rex,
982 623 1102 660 quum
1133 611 1182 648 ab
1215 610 1308 648 sede
1339 624 1409 648 sua
1441 611 1689 661 prosiluisset

193 683 239 720 14
258 684 513 734 amoverique
545 683 595 721 ab
626 683 820 722 altaribus
844 683 1026 720 iuvenem
1051 681 1244 730 iussisset,
1281 681 1368 732 „Tu
1391 696 1484 720 vero
1511 683 1602 720 abi“
1631 683 1690 720 in-

256 755 355 805 quit,
384 756 452 805 „in
476 759 516 793 te
542 755 666 804 magis
692 768 810 805 quam
838 754 877 791 in
902 767 962 791 me
987 753 1151 791 hostilia
1178 766 1306 791 ausus.
1353 753 1540 792 Iuberem
1564 758 1689 793 macte

253 828 401 865 virtute
434 841 530 876 esse,
571 827 603 864 si
635 840 707 877 pro
740 839 825 863 mea
857 825 990 875 patria
1021 826 1099 862 ista
1129 825 1256 863 virtus
1288 829 1428 872 staret3
1468 839 1571 864 nunc
1602 826 1688 864 iure

192 897 242 935 15
260 898 358 936 belli
386 898 558 936 liberum
583 902 634 945 te,
660 899 850 936 intactum
879 897 1196 946 inviolatumque
1221 897 1312 935 hinc
1330 897 1527 935 dimitto.“
1576 897 1688 935 Tunc

254 970 423 1018 Mucius,
456 971 569 1020 quasi
600 983 855 1008 remunerans
879 969 1079 1018 meritum,
1114 968 1311 1017 „Quando
1340 969 1526 1018 quidem2‘
1555 969 1688 1019 inquit

259 1045 343 1089 „est
381 1042 488 1091 apud
518 1044 558 1079 te
589 1042 733 1081 virtuti
763 1041 898 1087 honos,
940 1043 986 1077 ut
1016 1040 1209 1078 beneficio
1240 1040 1382 1078 tuleris
1413 1054 1436 1078 a
1467 1054 1539 1091 me,
1582 1040 1688 1090 quod

254 1114 371 1151 minis
396 1114 582 1163 nequisti,
615 1113 786 1150 trecenti
812 1112 1104 1150 coniuravimus
1128 1112 1331 1162 principes
1355 1112 1576 1150 iuventutis
1602 1112 1688 1150 Ro-

189 1184 238 1221 16
257 1199 393 1233 manae,
430 1189 473 1223 ut
505 1187 546 1223 in
576 1188 615 1222 te
647 1185 721 1222 hac
751 1185 815 1223 via
845 1197 1130 1233 grassaremur.
1192 1183 1285 1222 Mea
1315 1185 1445 1234 prima
1476 1197 1561 1222 sors
1592 1184 1685 1231 fuit;

255 1257 388 1302 ceteri,
420 1260 464 1294 ut
496 1256 686 1306 cuiusque
711 1255 904 1294 ceciderit
927 1256 1061 1306 primi,
1095 1255 1226 1305 quoad
1251 1260 1290 1293 te
1315 1259 1583 1306 opportunum
1606 1256 1685 1294 for-

254 1332 350 1367 tuna
381 1328 548 1374 dederit,
581 1341 650 1366 suo
683 1328 851 1378 quisque
882 1331 1059 1377 tempore
1090 1327 1295 1365 aderunt.“

126 1394 170 1442 13
369 1401 547 1438 Mucium
575 1400 795 1450 dimissum,
822 1400 885 1438 cui
912 1403 1050 1450 postea
1063 1399 1250 1437 Scaevolae
1269 1413 1290 1436 a
1308 1399 1419 1437 clade
1438 1399 1589 1437 dextrae
1606 1412 1685 1437 ma-

255 1486 327 1511 nus
359 1485 576 1522 cognomen
602 1473 786 1521 inditum,
820 1471 945 1520 legati
969 1485 992 1509 a
1017 1471 1216 1509 Porsinna
1232 1471 1400 1508 Romam
1427 1471 1552 1509 secuti
1578 1474 1687 1518 sunt;

214 1543 236 1579 2
256 1545 353 1583 adeo
381 1549 560 1582 moverat
586 1557 674 1581 eum
701 1548 739 1580 et
764 1544 885 1593 primi
909 1543 1078 1593 periculi
1104 1556 1230 1591 casus,
1263 1556 1341 1593 quo
1368 1542 1471 1580 nihil
1488 1556 1527 1581 se
1543 1546 1688 1593 praeter

255 1629 427 1654 errorem
473 1615 721 1653 insidiatoris
767 1614 942 1661 texisset,
990 1617 1029 1652 et
1068 1614 1276 1652 subeunda
1319 1614 1525 1652 dimicatio
1556 1615 1687 1662 toties,

255 1691 352 1738 quot
391 1686 589 1725 coniurati
620 1690 886 1736 superessent,
925 1690 970 1724 ut
999 1687 1109 1736 pacis
1141 1686 1393 1724 condiciones
1424 1685 1532 1723 ultro
1564 1686 1687 1724 ferret

212 1758 235 1795 3
254 1759 458 1797 Romanis.
505 1759 704 1795 Iactatum
735 1758 776 1795 in
810 1758 1110 1796 condicionibus
1141 1757 1403 1807 nequicquam
1436 1757 1484 1794 de
1515 1757 1688 1807 Tarqui-

252 1831 329 1868 niis
361 1832 400 1868 in
431 1843 596 1879 regnum
623 1830 892 1876 restituendis,
926 1830 1054 1878 magis
1078 1829 1172 1879 quia
1197 1829 1239 1866 id
1267 1842 1413 1878 negare
1438 1829 1522 1879 ipse
1546 1829 1686 1879 nequi-

253 1906 364 1940 verat
395 1901 637 1952 Tarquiniis,
678 1915 795 1952 quam
838 1902 944 1951 quod
983 1905 1168 1950 negatum
1208 1901 1258 1938 iri
1297 1900 1375 1938 sibi
1415 1901 1463 1938 ab
1494 1900 1686 1938 Romanis

212 1973 237 2009 4
253 1975 467 2022 ignoraret.
514 1973 578 2011 De
596 1986 690 2022 agro
710 1973 949 2011 Veientibus
966 1972 1214 2010 restituendo
1232 1973 1497 2022 impetratum,
1525 1984 1684 2022 expres-

255 2058 376 2095 saque
402 2046 616 2083 necessitas
641 2045 801 2083 obsides
827 2044 949 2082 dandi
968 2044 1170 2090 Romanis,
1203 2044 1237 2082 si
1254 2044 1438 2081 Ianiculo
1454 2043 1685 2094 praesidium

254 2116 396 2153 deduci
413 2116 575 2154 vellent.
622 2117 701 2154 His
719 2116 1021 2154 condicionibus
1039 2116 1256 2165 composita
1272 2128 1380 2165 pace,
1405 2115 1619 2152 exercitum
1636 2115 1685 2152 ab

215 2187 238 2224 5
256 2187 435 2225 Ianiculo
463 2187 630 2225 deduxit
647 2188 844 2225 Porsinna
871 2191 910 2225 et
935 2201 1034 2237 agro
1051 2187 1232 2224 Romano
1258 2187 1438 2225 excessit.
1483 2186 1625 2224 Patres
1642 2185 1684 2224 G.

253 2258 389 2296 Mucio
407 2259 567 2297 virtutis
586 2273 703 2297 causa
718 2263 829 2298 trans
840 2259 1020 2297 Tiberim
1037 2272 1177 2308 agrum
1198 2259 1300 2297 dono
1313 2257 1471 2304 dedere,
1481 2269 1569 2306 quae
1578 2259 1685 2307 post-

213 2331 236 2368 6
255 2344 300 2367 ea
325 2333 418 2367 sunt
442 2329 578 2367 Mucia
601 2335 717 2380 prata
743 2331 956 2381 appellata.
1002 2330 1123 2379 Ergo,
1149 2331 1205 2367 ita
1230 2331 1425 2368 honorata
1446 2329 1607 2376 virtute,
1629 2329 1682 2366 fe-

254 2402 368 2439 minae
402 2414 559 2451 quoque
590 2402 639 2438 ad
663 2403 827 2451 publica
852 2403 996 2440 decora
1023 2401 1218 2448 excitatae,
1250 2405 1289 2438 et
1306 2401 1450 2438 Oloelia
1466 2401 1580 2449 virgo
1605 2413 1684 2438 una

253 2486 301 2510 ex
334 2473 555 2522 obsidibus,
588 2486 705 2522 quum
740 2477 869 2511 castra
886 2473 1146 2510 Etruscorum
1169 2473 1272 2510 forte
1294 2472 1401 2510 haud
1428 2472 1570 2522 procul
1595 2471 1683 2521 ripa

253 2543 410 2582 Tiberis
435 2544 564 2582 locata
589 2548 727 2591 essent,
757 2544 946 2581 frustrata
972 2543 1166 2593 custodes,
1196 2543 1276 2581 dux
1293 2543 1463 2592 agminis
1479 2542 1682 2592 virginum

253 2616 358 2652 inter
382 2616 462 2653 tela
489 2615 662 2653 hostium
679 2614 857 2652 Tiberim
881 2615 1056 2652 tranavit
1082 2614 1330 2664 sospitesque
1358 2627 1491 2652 omnes
1509 2613 1682 2652 Romam

213 2687 234 2723 7
255 2686 304 2725 ad
335 2687 581 2736 propinquos
612 2686 800 2724 restituit.
847 2685 963 2733 Quod
989 2685 1060 2723 ubi
1084 2685 1171 2734 regi
1196 2685 1423 2723 nuntiatum
1449 2688 1521 2734 est,
1553 2685 1681 2735 primo
