1821 2928
640 219 732 244 Liber
750 219 787 244 x.
825 218 873 248 (A.
893 218 945 245 cn.
965 219 1036 249 302.)
1437 209 1516 246 201

130 320 262 373 terror
291 348 371 372 non
403 347 448 372 eo
479 337 636 372 tantum
674 349 697 373 a
727 334 857 372 Fabio
895 334 1104 382 abhorret,
1151 335 1276 384 quod,
1324 334 1358 372 si
1389 347 1468 384 qua
1498 334 1580 373 alia

131 407 228 451 arte,
259 416 476 452 cognomen
507 416 622 440 suum
653 404 830 453 aequavit
860 403 974 453 [tum]
1006 404 1177 441 maxime
1199 403 1358 441 bellicis
1381 403 1579 451 laudibus,

131 473 202 510 sed
233 472 352 511 etiam
384 471 492 522 quod
522 485 671 509 memor
702 471 934 522 Papirianae
965 473 1128 510 saevitiae
1159 486 1382 522 nunquam,
1419 476 1465 510 ut
1495 471 1577 511 dic·
1595 472 1620 509 8

130 541 274 579 tatoris
304 541 458 578 iniussu
481 539 701 587 dimicaret,
732 540 879 579 adduci
900 542 1107 591 potuisset.
1153 541 1350 580 Nuntiata
1376 555 1421 579 ea
1444 540 1577 579 clades
1671 537 1701 583 4

133 609 303 647 Romam
333 609 546 655 maiorem,
592 623 711 658 quam
742 623 804 646 res
836 613 941 658 erat,
985 614 1180 648 terrorem
1210 611 1376 658 excivit;
1413 624 1506 648 nam
1536 613 1583 647 ut

134 678 312 716 exercitu
350 677 501 725 deleto,
540 678 596 715 ita
634 678 836 715 iustitium
876 678 1090 726 indictum;
1130 680 1324 717 custodiae
1363 679 1405 716 in
1444 679 1622 729 portis,2

131 746 288 798 vigiliae
317 746 483 784 vicatim
515 750 675 794 exaetae,
707 761 828 794 arma,
857 749 940 786 tela
971 749 1014 785 in
1038 761 1171 785 muros
1195 751 1394 797 congesta.
1441 746 1576 785 Omni·
1595 748 1619 786 3

133 814 207 853 bus
237 813 467 852 iunioribus
499 819 746 853 sacramento
770 817 936 865 adactis,
967 817 1139 854 dictator
1163 817 1214 854 ad
1237 817 1458 854 exercitum
1489 816 1580 853 mis-

132 896 198 921 sus
236 883 370 921 omnia
407 897 476 933 spe
512 885 796 934 tranquilliora
835 887 876 922 et
913 885 1135 935 composita
1179 885 1363 934 magistri
1403 885 1582 935 equitum

133 965 238 1000 cura,
269 955 400 990 castra
431 952 473 990 in
504 953 693 991 tutiorem
723 955 853 991 locum
883 955 1066 1001 redacta,
1107 955 1308 1002 cohortes,
1347 967 1435 1004 quae
1466 954 1625 1003 signa4

133 1021 360 1068 amiserant,
393 1025 504 1059 extra
533 1023 682 1060 vallum
714 1023 798 1060 sine
828 1024 1014 1061 tentoriis
1038 1023 1252 1061 destitutas
1274 1023 1441 1070 invenit,
1472 1036 1581 1060 exer-

134 1090 258 1127 citum
298 1090 458 1128 avidum
502 1104 665 1141 pugnae,
712 1105 791 1141 quo
830 1092 1026 1129 maturius
1072 1092 1298 1142 ignominia
1343 1092 1582 1130 aboleretur.

132 1158 278 1209 Itaque
310 1159 519 1197 confestim
552 1164 682 1198 castra
713 1161 808 1198 inde
839 1161 880 1198 in
912 1174 1053 1210 agrum
1083 1161 1349 1198 Rusellanum
1372 1161 1584 1211 promovit.
1602 1160 1625 1197 5

132 1227 194 1265 Eo
225 1231 267 1265 et
295 1228 429 1266 hostes
461 1229 599 1276 secuti,
630 1243 859 1280 quanquam
891 1243 939 1267 ex
970 1230 1071 1267 bene
1102 1233 1215 1279 gesta
1244 1243 1287 1267 re
1319 1244 1512 1267 summam
1543 1231 1623 1267 et6

133 1297 176 1334 in
213 1300 354 1347 aperto
386 1298 604 1335 certamine
636 1299 781 1336 virium
821 1313 930 1349 spem
974 1298 1194 1345 habebant,
1239 1302 1374 1336 tamen
1419 1299 1584 1336 insidiis

134 1379 305 1416 quoque,
336 1379 436 1417 quas
473 1367 648 1405 feliciter
685 1369 839 1418 experti
870 1372 1000 1416 erant,
1038 1368 1193 1406 hostem
1229 1371 1398 1406 tentant.
1458 1367 1582 1405 Tecta
1603 1368 1624 1404 7

131 1434 324 1473 semiruta
359 1435 440 1473 vici
480 1449 550 1486 per
587 1437 851 1474 vastationem
889 1450 1074 1486 agrorum
1117 1437 1253 1474 deusti
1292 1437 1401 1474 haud
1438 1436 1580 1486 procul

133 1502 274 1540 castris
312 1503 585 1542 Romanorum
625 1504 804 1543 aberant.
870 1505 937 1543 Ibi
975 1506 1122 1543 abditis
1161 1506 1341 1553 armatis,
1386 1519 1508 1556 pecus
1539 1506 1581 1542 in

133 1574 387 1621 conspectum
418 1573 599 1623 praesidii
621 1573 807 1621 Romani,
839 1575 902 1611 cui
925 1578 1098 1625 praeerat
1122 1574 1192 1612 Cn.
1216 1575 1388 1613 Fulvius
1412 1575 1580 1624 legatus,

131 1640 376 1689 propulsum.
437 1641 508 1679 Ad
539 1655 658 1692 quam
697 1642 927 1680 illecebram
966 1658 1088 1693 quum
1126 1647 1351 1681 moveretur
1381 1657 1497 1681 nemo
1529 1642 1620 1682 ab8

131 1707 315 1746 Romana
345 1710 531 1757 statione,
562 1714 768 1760 pastorum
799 1725 901 1749 unus
932 1726 1166 1762 progressus
1205 1712 1279 1750 sub
1311 1713 1420 1762 ipsas
1452 1713 1580 1750 muni-

129 1775 261 1815 tiones
290 1778 483 1816 inclamat
513 1779 627 1826 alios,
659 1783 894 1817 cunctanter
924 1781 974 1818 ab
1006 1781 1136 1819 ruinis
1166 1781 1247 1819 vici
1277 1795 1398 1831 pecus
1421 1782 1580 1831 propel-

130 1845 267 1894 lentes,
298 1847 398 1896 quid
430 1852 647 1895 cessarent,
688 1862 810 1898 quum
848 1862 921 1898 per
951 1849 1083 1887 media
1114 1854 1246 1887 castra
1276 1849 1460 1887 Romana
1489 1853 1578 1888 tuto

131 1927 250 1963 agere
280 1919 454 1965 possent.
514 1916 614 1953 Haec
653 1931 775 1967 quum
812 1918 944 1966 legato
977 1918 1144 1955 Caerites
1185 1917 1350 1967 quidam
1382 1919 1575 1969 interpre-
1595 1917 1618 1953 9

128 1986 332 2030 tax-entur,
370 1987 409 2020 et
438 1997 510 2033 per
541 1998 676 2022 omnes
714 1986 942 2035 manipulos
972 1986 1146 2023 militum
1179 1986 1405 2035 indignatio
1437 1988 1579 2037 ingens

131 2055 244 2098 esset,
274 2064 346 2089 nec
369 2055 502 2089 tamen
528 2053 683 2090 iniussu
707 2054 858 2091 moveri
883 2054 1087 2101 auderent,
1120 2055 1233 2093 iubet
1254 2057 1405 2106 peritos
1428 2056 1577 2106 linguae

131 2119 337 2158 attendere
369 2121 557 2168 animum,
589 2126 793 2171 pastorum
825 2136 953 2160 sermo
985 2123 1135 2171 agresti
1159 2137 1209 2160 an
1232 2125 1386 2163 urbano
1411 2126 1578 2176 propior

131 2194 246 2227 esset.
306 2190 438 2237 Quum
471 2190 684 2238 referrent,
727 2205 867 2228 sonum
904 2191 1052 2240 linguae
1084 2195 1123 2229 et
1152 2205 1362 2243 corporum
1393 2194 1575 2232 habitum
1596 2192 1648 2229 10

133 2261 172 2295 et
193 2258 365 2296 nitorem
397 2258 568 2296 cultiora
594 2272 714 2308 quam
745 2260 965 2310 pastoralia
997 2274 1099 2308 esse,
1135 2260 1223 2310 „Ite
1252 2263 1398 2312 igitur,
1429 2263 1575 2301 dieite“

131 2326 284 2376 inquit,
325 2326 541 2376 „detegant
570 2328 836 2378 nequicquam
869 2328 1049 2367 conditas
1088 2329 1273 2368 insidias:
1312 2332 1446 2369 omnia
1476 2332 1577 2369 scire

131 2394 370 2442 Romanum,
401 2409 473 2432 nec
504 2396 632 2444 magis
663 2396 741 2433 iam
769 2396 862 2434 dolo
890 2398 978 2447 capi
1003 2411 1123 2448 quam
1146 2400 1267 2436 armis
1288 2400 1396 2437 vinci
1420 2405 1572 2450 posse.‘⁴

132 2463 232 2501 Haec
258 2463 328 2501 ubi
352 2463 491 2502 audita
515 2468 608 2501 sunt
631 2468 669 2502 et
693 2465 743 2502 ad
762 2478 838 2511 eos,
866 2466 935 2515 qui
957 2468 1222 2505 consederant
1236 2468 1276 2505 in
1293 2469 1463 2516 insidiis,
1486 2483 1574 2518 per·
1596 2467 1643 2503 11

133 2531 227 2579 lata,
258 2537 558 2570 consurrectum
588 2537 753 2582 repente
785 2548 831 2571 ex
862 2534 1026 2572 latebris
1058 2541 1118 2572 est
1148 2540 1188 2572 et
1219 2537 1260 2574 in
1292 2541 1493 2586 patentem
1526 2537 1576 2575 ad

131 2604 389 2651 conspectum
433 2601 613 2652 undique
659 2615 840 2652 campum
891 2604 1050 2653 prolata
1094 2604 1219 2652 signa.
1294 2605 1394 2643 Visa
1440 2605 1573 2655 legato
1594 2604 1642 2640 12

132 2669 259 2707 maior
303 2670 426 2717 acies,
471 2682 592 2719 quam
630 2682 718 2719 quae
759 2671 808 2708 ab
855 2684 926 2709 suo
970 2671 1162 2722 praesidio
1203 2673 1392 2710 sustineri
1428 2677 1574 2723 posset.
