1821 2928
287 124 337 158 62

846 821 1038 874 Libet·
1095 819 1156 874 ΙΙ.

279 1015 432 1075 Liberi
466 1037 542 1073 iam
573 1036 665 1073 hinc
699 1036 838 1086 populi
869 1036 1042 1074 Romani
1073 1049 1136 1073 res
1152 1049 1249 1086 pace
1266 1036 1454 1086 belloque
1470 1039 1614 1085 gest-as,
1644 1050 1712 1074 an-

277 1121 377 1145 nuos
406 1108 675 1158 magistratus,
707 1108 953 1158 imperiaque
978 1108 1109 1157 legum
1127 1108 1354 1157 potentiora
1371 1120 1487 1157 quam
1511 1108 1711 1146 hominum

236 1181 258 1216 2
276 1192 474 1229 peragam.
523 1178 621 1225 Quae
646 1179 812 1217 libertas
835 1183 879 1216 ut
902 1179 1030 1217 laetior
1058 1183 1170 1229 esset,
1204 1179 1377 1229 proximi
1393 1179 1500 1229 regis
1517 1179 1708 1230 superbia

276 1251 437 1289 fecerat.
483 1250 585 1288 Nam
616 1250 773 1300 priores
804 1251 861 1288 ita
886 1255 1114 1300 regnarunt,
1147 1254 1192 1289 ut
1217 1250 1325 1288 haud
1356 1250 1555 1289 immerito
1572 1263 1706 1288 omnes

278 1322 466 1372 deinceps
498 1321 725 1359 conditores
750 1322 924 1372 partium
951 1326 1058 1360 certe
1082 1322 1207 1369 urbis,
1238 1335 1336 1372 quas
1362 1335 1484 1360 novas
1501 1321 1581 1372 ipsi
1597 1321 1710 1360 sedes

235 1396 258 1430 ὅ
278 1395 327 1432 ab
360 1408 399 1431 se
431 1397 555 1432 auctae
574 1393 846 1431 multitudinis
863 1393 1117 1441 addiderunt,
1147 1397 1426 1442 numerentur3
1457 1406 1587 1443 neque
1603 1393 1709 1431 amb-

277 1466 415 1514 igitur,
448 1465 544 1514 quin
576 1465 728 1502 Brutus
760 1465 876 1512 idem,
908 1466 978 1514 qui
1009 1468 1165 1503 tantum
1196 1465 1334 1515 gloriae
1365 1464 1538 1514 superbo
1569 1467 1709 1503 exacto

275 1550 367 1585 rege
398 1537 554 1586 meruit,
595 1537 766 1586 pessimo
802 1537 964 1586 publico
996 1537 1037 1575 id
1069 1538 1246 1575 facturus
1277 1537 1411 1583 fuerit,
1449 1536 1482 1574 si
1513 1535 1714 1574 libertatis
1764 1522 1769 1524 -

277 1608 499 1645 immaturae
532 1607 717 1657 cupidine
748 1608 926 1657 priorum
957 1622 1098 1658 regum
1129 1609 1249 1646 alicui
1281 1621 1449 1657 regnum
1467 1607 1713 1647 extorsisset.

231 1680 257 1716 4
277 1679 387 1726 Quid
415 1679 519 1717 enim
543 1672 718 1717 futurum
738 1679 826 1728 fuit,
854 1680 886 1716 si
915 1679 984 1717 illa
1002 1683 1202 1729 pastorum
1222 1691 1569 1728 convenarumque
1584 1678 1711 1728 plebs,

274 1751 485 1800 transfuga
512 1764 559 1788 ex
585 1751 665 1788 suis
692 1751 863 1800 populis,
894 1751 966 1788 sub
991 1752 1119 1789 tutela
1143 1751 1327 1789 inviolati
1343 1750 1487 1800 templi
1504 1752 1573 1787 aut
1590 1749 1710 1787 liber-

275 1826 399 1860 tatem
426 1826 493 1860 aut
519 1825 625 1860 certe
650 1821 929 1872 impunitatem
954 1822 1113 1872 adepta,
1145 1823 1275 1860 soluta
1299 1822 1414 1871 regio
1441 1824 1548 1859 metu
1565 1820 1712 1870 agitari

277 1897 405 1943 coepta
438 1896 537 1931 esset
568 1893 802 1931 tribuniciis
832 1894 1020 1944 procellis
1052 1897 1091 1931 et
1122 1895 1164 1931 in
1196 1894 1328 1932 aliena
1353 1893 1451 1931 urbe
1477 1905 1564 1930 cum
1587 1892 1712 1942 patri-

229 1968 254 2003 ὃ
274 1965 348 2002 bus
381 1978 510 2003 serere
541 1966 766 2011 certamina,
797 1966 1029 2015 priusquam
1061 1966 1227 2015 pignera
1251 1965 1464 2014 coniugum
1492 1977 1538 2002 ac
1562 1964 1712 2002 libero-

274 2049 361 2073 rum
393 2037 618 2087 caritasque
649 2037 775 2086 ipsius
806 2037 894 2083 soli,
925 2038 988 2074 cui
1007 2038 1125 2086 longo
1142 2040 1320 2086 tempore
1337 2036 1589 2083 assuescitur,
1620 2035 1705 2072 ani-

240 2111 262 2147 6
286 2121 368 2145 mos
401 2121 535 2145 eorum
567 2107 862 2147 consociasset?
907 2108 1127 2158 Dissipatae
1158 2121 1220 2147 res
1252 2107 1428 2146 nondum
1459 2106 1606 2145 adultae
1632 2105 1711 2144 dis-

275 2179 413 2217 cordia
445 2181 584 2226 forent,
627 2193 724 2229 quas
754 2180 855 2217 fovit
884 2180 1107 2229 tranquilla
1137 2179 1358 2217 moderatio
1392 2178 1553 2228 imperii
1584 2190 1709 2228 eoque

276 2251 488 2288 nutriendo
519 2242 718 2300 perduxit,
754 2255 799 2289 ut
829 2251 972 2288 bonam
1004 2252 1160 2301 frugem
1192 2250 1396 2288 libertatis
1427 2248 1593 2287 maturis
1625 2248 1704 2286 iam

274 2321 428 2359 viribus
459 2322 562 2359 ferre
593 2326 767 2372 possent.

233 2395 253 2404 ,-

236 2409 247 2429 ι
391 2393 610 2430 Libertatis
641 2397 771 2430 autem
804 2393 996 2442 originem
1025 2393 1119 2431 inde
1143 2393 1281 2442 magis,
1314 2392 1410 2442 quia
1435 2404 1610 2429 annuum
1637 2390 1709 2428 im-

277 2465 430 2514 perium
462 2465 670 2502 consulare
685 2465 833 2501 factum
851 2467 921 2510 est,
951 2477 1069 2513 quam
1094 2464 1201 2514 quod
1227 2464 1475 2502 deminutum
1493 2462 1707 2512 quicquam

232 2535 256 2571 8
277 2537 327 2573 sit
359 2549 404 2573 ex
436 2536 548 2585 regia
578 2538 788 2586 potestate,
821 2547 1015 2572 numeres.
1065 2534 1210 2573 Omnia
1242 2535 1342 2582 iura,
1373 2534 1504 2572 omnia
1529 2532 1708 2582 insignia
1766 2580 1770 2584 Δ

279 2607 398 2656 primi
438 2608 618 2645 consules
656 2610 837 2651 tenuere;
879 2593 920 2641 id
961 2605 1077 2643 modo
1119 2608 1278 2643 cautum
1318 2607 1388 2651 est,
1429 2617 1490 2650 ne,
1528 2604 1562 2642 si
1593 2604 1708 2642 ambo

274 2678 398 2716 fasces
430 2678 636 2721 haberent,
679 2676 906 2727 duplicatus
945 2679 1076 2714 terror
1113 2675 1329 2715 videretur.
1389 2674 1538 2713 Brutus
1582 2675 1707 2725 prior,
