1821 2928
319 151 401 187 276
776 144 890 180 Liber
914 145 962 179 V.
999 147 1056 188 (A.
1081 158 1118 180 u.
1144 157 1173 181 c.
1199 146 1293 190 358.)

318 274 396 312 alia
428 287 530 323 spes.
564 273 666 309 alius
698 273 853 310 animus
893 273 1106 318 hominum,
1146 275 1306 311 fortuna
1337 273 1607 324 quoque‘alia
1636 273 1751 311 urbis

278 345 461 382 4videri.
522 343 707 381 Omnium
739 345 909 393 primum
941 345 979 381 in
1013 357 1091 390 eos,
1133 345 1200 394 qui
1232 359 1254 381 a
1290 344 1398 382 Veiis
1431 345 1472 381 in
1503 345 1573 382 illo
1605 358 1751 395 pavore

319 417 514 464 fugerant,
532 430 638 452 more
656 416 821 453 militari
840 416 1132 461 animadvertit,
1144 416 1362 466 effecitque,
1378 430 1426 453 ne
1443 415 1567 454 hostis
1581 417 1751 454 maxime

317 488 517 526 timendus
550 488 669 525 militi
697 492 807 525 esset.
855 488 1013 525 Deinde
1040 488 1189 525 indicto
1216 487 1365 525 dilectu
1392 488 1431 524 in
1463 487 1568 525 diem
1594 491 1752 535 certam,

319 560 402 609 ipse
443 560 601 596 interim
644 560 766 597 Veios
807 559 858 596 ad
900 559 1188 598 confirmandos
1227 560 1399 597 militum
1438 560 1590 597 animos
1630 560 1750 597 inter-

279 632 301 667 5
322 633 466 677 currit3
500 631 592 668 inde
624 631 791 668 Romam
824 632 870 668 ad
905 632 1160 669 scribendum
1200 646 1346 668 novum
1384 632 1603 669 exercitum
1634 631 1751 677 redit,

320 703 430 740 nullo
463 703 712 740 detrectante
744 703 942 741 militiam.
997 703 1219 751 Peregrina
1243 704 1360 740 etiam
1386 704 1580 749 iuventus,
1612 702 1750 740 Latini

320 774 580 824 Hernicique,
612 788 773 824 operam
806 788 914 811 suam
947 775 1182 824 pollicentes
1228 775 1278 812 ad
1326 776 1368 812 id
1409 775 1558 812 bellum
1588 787 1751 820 venere;

282 850 304 881 (Β
324 847 469 895 quibus
487 860 606 896 quum
625 847 774 894 gratias
800 847 840 882 in
866 850 1004 883 senatu
1031 847 1178 894 egisset
1203 847 1386 896 dictator,
1419 846 1515 884 satis
1533 847 1608 883 iam
1627 846 1750 884 omni·

318 917 390 954 bus
423 918 472 954 ad
505 917 543 954 id
576 918 726 955 bellum
757 919 921 967 paratis,
952 917 1067 955 ludos
1098 932 1262 968 magnos
1294 932 1342 955 ex
1371 921 1530 956 senatus
1561 918 1744 955 consulto

315 990 423 1026 vovit
456 989 571 1026 Veiis
605 990 731 1039 captis
772 1003 812 1026 se
843 989 1039 1026 facturum
1080 990 1282 1040 aedemque
1314 990 1481 1027 Matutae
1511 990 1656 1026 Matris
1688 1003 1747 1027 re-

316 1061 457 1097 fectam
492 1061 781 1106 dedicaturum,
814 1061 890 1098 iam
924 1066 1014 1098 ante
1045 1061 1094 1098 ab
1121 1075 1214 1110 rege
1240 1061 1322 1099 Ser.
1349 1061 1484 1099 Tullio
1515 1061 1750 1099 dedicatam.

276 1133 297 1166 7
318 1132 529 1169 Profectus
556 1146 642 1169 eum
670 1133 846 1169 exercitu
864 1133 912 1169 ab
940 1133 1038 1169 urbe
1063 1134 1358 1183 exspectatione
1374 1134 1576 1171 hominum
1602 1133 1751 1171 maiore

316 1216 434 1253 quam
467 1217 548 1252 spe,
583 1205 622 1240 in
656 1217 751 1252 agro
783 1204 954 1253 primum
972 1203 1174 1254 Nepesino
1200 1218 1286 1242 cum
1314 1205 1484 1242 Faliscis
1510 1207 1550 1242 et
1574 1204 1749 1254 Capena-

275 1274 424 1311 Stibus
457 1275 570 1323 signa
601 1275 766 1312 confert.
827 1274 972 1312 Omnia
1011 1276 1071 1313 ibi
1112 1290 1262 1314 summa
1307 1277 1461 1314 ratione
1507 1276 1750 1326 consilioque

317 1351 405 1382 acta
437 1346 596 1383 fortuna
628 1348 761 1392 etiam,
795 1350 839 1383 ut
869 1346 931 1393 fit,
965 1351 1098 1384 secuta
1136 1352 1206 1385 est.
1282 1347 1372 1386 Non
1410 1349 1554 1398 proelio
1592 1351 1749 1385 tantum

316 1416 422 1453 fudit
452 1417 595 1463 hostes,
627 1418 696 1455 sed
728 1419 867 1455 castris
907 1432 1064 1468 quoque
1103 1420 1215 1456 exuit
1256 1420 1489 1469 ingentique
1521 1419 1658 1469 praeda
1689 1423 1749 1457 est

319 1489 490 1537 potitus3
523 1490 634 1526 cuius
665 1503 757 1539 pars
789 1490 959 1527 maxima
990 1490 1038 1527 ad
1072 1496 1308 1540 quaestorem
1347 1491 1510 1528 redacta
1542 1495 1610 1538 est,
1643 1490 1750 1528 haud

276 1560 374 1597 9ita
407 1560 572 1596 multum
606 1562 723 1598 militi
756 1562 902 1599 datum.
961 1562 1061 1600 Inde
1108 1562 1156 1598 ad
1190 1562 1312 1600 Veios
1360 1563 1556 1600 exercitus
1597 1562 1751 1608 ductus,

317 1630 580 1680 densioraque
613 1634 775 1671 castella
806 1634 920 1679 facta,
953 1638 991 1670 et
1031 1648 1053 1670 a
1085 1634 1468 1683 procursationibus,
1498 1647 1586 1684 quae
1617 1635 1751 1672 multae

319 1706 466 1738 temere
499 1702 602 1739 inter
628 1716 783 1739 murum
807 1717 852 1740 ac
878 1705 1028 1741 vallum
1045 1705 1206 1754 fiebant,
1241 1706 1384 1753 edicto,
1416 1720 1465 1742 ne
1493 1706 1581 1755 quis
1598 1706 1751 1743 iniussu

247 1775 297 1811 10
315 1779 532 1822 pugnaret,
579 1774 628 1811 ad
660 1787 758 1824 opus
782 1776 940 1813 'milites
971 1776 1156 1814 traducti.
1233 1775 1407 1826 Operum
1449 1777 1528 1813 fuit
1573 1777 1750 1814 omnium

316 1845 433 1893 longe
489 1847 705 1883 maximum
758 1860 801 1883 ac
855 1847 1208 1884 laboriosissimum
1264 1848 1469 1885 cuniculus
1522 1849 1562 1886 in
1619 1862 1748 1886 arcem

250 1917 296 1952 11
318 1917 491 1953 hostium
524 1919 589 1964 agi
621 1922 786 1967 coeptus.
843 1918 955 1965 Quod
991 1933 1038 1956 ne
1071 1919 1402 1957 intermitteretur
1433 1934 1542 1969 opus,
1572 1934 1647 1958 neu
1679 1921 1752 1959 sub

268 1993 271 1999 ‘
318 1991 425 2025 terra
457 1991 667 2026 continuus
701 1991 812 2027 labor
844 1991 999 2027 eosdem
1031 1990 1254 2039 conficeret,
1288 1991 1329 2028 in
1360 1995 1492 2041 partes
1523 2005 1591 2029 sex
1622 1992 1750 2030 muni-

318 2063 451 2096 torum
484 2073 687 2098 numerum
719 2062 874 2108 divisit3
907 2075 1010 2099 senae
1035 2063 1141 2099 horae
1168 2063 1208 2099 in
1236 2063 1372 2100 orbem
1403 2063 1515 2113 operi
1546 2063 1752 2102 attributae

319 2135 431 2176 sunt;
478 2139 591 2169 nocte
624 2147 668 2170 ac
700 2133 766 2170 die
798 2147 998 2183 nunquam
1031 2138 1121 2170 ante
1153 2135 1350 2179 omissum,
1396 2148 1516 2184 quam
1548 2135 1590 2172 in
1621 2148 1751 2173 arcem

318 2201 425 2238 viam
459 2204 644 2240 facerent.

181 2269 241 2318 20
441 2275 627 2312 Dictator
673 2289 791 2325 quum
840 2278 917 2314 iam
950 2277 991 2313 in
1018 2277 1202 2314 manibus
1232 2277 1386 2315 videret
1415 2278 1623 2316 victoriam
1655 2292 1748 2326 esse,

320 2347 459 2383 urbem
492 2347 830 2396 opulentissimam
863 2349 963 2397 capi,
994 2352 1227 2397 tantumque
1259 2348 1402 2398 praedae
1433 2350 1528 2397 fore,
1559 2354 1751 2400 quantum

275 2418 395 2455 Qnon
428 2419 608 2455 omnibus
642 2419 680 2455 in
711 2432 831 2455 unum
871 2420 1027 2457 collatis
1073 2424 1164 2457 ante
1202 2420 1318 2458 bellis
1357 2421 1508 2468 fuisset,
1546 2435 1594 2459 ne
1632 2435 1750 2472 quam

316 2490 408 2526 inde
440 2496 507 2526 aut
539 2490 710 2526 militum
743 2490 839 2527 iram
859 2505 906 2527 ex
931 2491 1179 2540 malignitate
1205 2492 1350 2540 praedae
1373 2493 1533 2542 partitae
1556 2497 1625 2530 aut
1646 2493 1747 2532 invi-

322 2562 426 2598 diam
460 2561 566 2610 apud
597 2567 729 2610 patres
777 2575 823 2598 ex
854 2563 1027 2611 prodiga
1065 2563 1278 2610 largitione
1311 2567 1481 2613 caperet,
1511 2564 1667 2602 litteras
1697 2565 1750 2603 ad

272 2631 495 2669 3senatum
526 2633 646 2679 misit,
678 2633 793 2669 deum
823 2634 1107 2670 immortalium
1148 2634 1404 2682 benignitate,
1443 2635 1524 2672 suis
1556 2636 1746 2688 consiliis,

320 2705 513 2752 patientia
547 2697 718 2741 militum
738 2704 860 2741 Veios
892 2705 969 2742 iam
997 2705 1080 2741 fore
1106 2705 1145 2741 in
1172 2709 1368 2755 potestate
1392 2707 1531 2756 populi
1555 2707 1750 2756 Romani3

268 2773 414 2822 4quid
448 2775 495 2812 de
526 2775 663 2824 praeda
694 2775 918 2813 faciendum
952 2775 1188 2813 censerent?
1241 2777 1345 2814 Duae
1376 2782 1553 2815 senatum
1585 2778 1750 2817 distine-
