1821 2928
308 88 389 155 250
687 112 800 147 Liber
824 111 894 146 IV.
944 113 1003 155 (A.
1029 123 1065 145 u.
1092 123 1121 146 c.
1147 111 1354 154 346—348.)

242 243 289 280 12
308 244 455 287 essent;
487 241 520 278 si
548 239 706 290 quando
728 238 945 289 promiscui
969 239 1148 284 honores,
1181 238 1467 276 communicata
1491 250 1555 276 res
1571 237 1737 288 publica

308 316 420 360 esset,
449 316 534 350 tum
566 325 606 349 se
637 311 991 357 animadversuros,
1023 324 1072 348 ne
1104 323 1183 359 qua
1213 308 1403 359 superbia
1434 310 1736 359 magistratuum

241 384 423 423 l3irrita
454 387 613 421 senatus
653 382 833 420 consulta
872 385 1019 428 essent;
1061 381 1221 418 interim
1262 381 1424 430 patricii
1453 381 1574 419 soluti
1603 381 1735 430 legum

308 456 689 505 magistratuumque
732 454 972 492 verecundia
1016 466 1087 502 per
1132 464 1172 490 se
1210 454 1526 503 potestatemque
1563 452 1734 490 tribuni-

184 525 232 574 57
313 527 415 565 ciam
476 529 651 575 agerent.
728 525 825 563 Haec
880 524 1079 563 contentio
1134 523 1294 562 minime
1346 524 1490 563 idoneo
1543 527 1738 574 tempore,

309 611 429 649 quum
460 601 615 635 tantum
647 597 744 635 belli
777 597 816 634 in
849 597 1031 634 manibus
1055 599 1167 642 esset,
1199 599 1462 646 occupaverat
1478 595 1740 645 cogitationes

270 669 525 717 2hominum‚
557 668 693 715 donec,
724 669 792 706 ubi
825 669 892 706 diu
923 667 1090 706 alternis
1120 667 1250 705 Iulius
1283 667 1586 717 Corneliusque,
1618 679 1739 717 quum

309 741 359 778 ad
389 740 430 778 id
462 741 612 778 bellum
644 741 721 790 ipsi
751 741 848 778 satis
880 739 1015 778 idonei
1047 738 1166 777 duces
1198 743 1339 786 essent,
1370 753 1449 778 non
1473 752 1557 777 esse
1573 751 1741 789 aequum,

270 816 293 852 3
311 812 538 850 mandatum
563 812 641 850 sibi
665 826 687 850 a
712 812 858 862 populo
883 812 986 861 eripi
1011 811 1210 858 honorem,
1239 812 1473 859 disseruere,
1495 814 1579 848 tum
1605 808 1740 848 Ahala

311 884 518 930 Servilius,
548 885 734 921 tribunus
765 884 947 929 militum,
979 883 1149 920 tacuisse
1181 897 1221 921 se
1251 887 1332 922 tam
1357 883 1426 921 diu
1452 883 1518 930 ait,
1548 895 1628 919 non
1644 880 1739 931 quia

310 957 484 993 incertus
516 956 721 993 sententiae
752 955 872 993 fuerit
903 955 1037 1005 (quem
1069 956 1171 992 enim
1202 954 1347 993 bonum
1379 955 1507 992 civem
1537 965 1741 992 secernere

311 1040 381 1065 sua
407 1040 429 1064 a
453 1026 626 1077 publicis
643 1027 812 1065 consilia
825 1026 870 1077 ?)‚
903 1027 972 1064 sed
989 1027 1085 1076 quia
1102 1026 1298 1073 maluerit,
1324 1026 1498 1075 collegas
1514 1038 1584 1064 sua
1601 1027 1740 1075 sponte

312 1099 450 1136 cedere
481 1099 713 1136 auctoritati
737 1102 906 1145 senatus,
938 1112 1055 1148 quam
1078 1099 1334 1136 tribuniciam
1351 1100 1590 1148 potestatem
1606 1096 1741 1134 adver-

271 1174 377 1210 4sus
424 1184 464 1208 se
511 1170 719 1220 implorari
766 1173 1006 1220 paterentur.
1068 1170 1169 1207 Tum
1209 1183 1378 1219 quoque,
1423 1170 1457 1207 si
1488 1182 1551 1207 res
1582 1168 1743 1213 sineret,

313 1242 487 1280 libenter
518 1255 558 1279 se
590 1242 775 1279 daturum
806 1244 962 1292 tempus
994 1242 1043 1279 iis
1075 1242 1196 1279 fuisse
1228 1241 1279 1278 ad
1302 1243 1506 1291 receptum
1522 1240 1638 1278 nimis
1653 1252 1742 1290 per-

313 1314 457 1351 tinacis
488 1314 714 1359 sententiae3
748 1313 815 1351 sed
846 1327 966 1363 quum
998 1313 1098 1350 belli
1128 1313 1383 1351 necessitates
1413 1326 1493 1351 non
1516 1314 1745 1362 exspectent

313 1385 484 1423 humana
509 1386 686 1432 consilia,
713 1386 907 1435 potiorem
934 1385 1012 1422 sibi
1037 1384 1279 1434 collegarum
1295 1384 1427 1433 gratia
1443 1397 1526 1421 rem
1542 1382 1743 1433 publicam

273 1457 408 1504 5f0re,
453 1460 503 1504 et,
548 1457 582 1494 si
628 1461 785 1495 maneat
830 1457 870 1494 in
908 1456 1107 1495 sententia
1145 1459 1316 1503 senatus,
1361 1455 1598 1494 dictatorem
1628 1456 1744 1492 nocte

314 1528 496 1578 proxima
541 1528 758 1575 dicturum;
805 1541 848 1566 ac
894 1529 927 1566 si
968 1529 1058 1578 quis
1100 1528 1324 1566 intercedat
1363 1531 1522 1566 senatus
1554 1525 1746 1571 consulto,

275 1604 297 1640 6
313 1600 551 1637 auctoritate
585 1613 625 1637 se
652 1601 735 1637 fore
760 1603 998 1638 contentum.
1053 1600 1142 1647 Quo
1166 1600 1271 1637 facto
1297 1612 1418 1649 quum
1439 1598 1548 1636 haud
1573 1596 1744 1635 immeri-

313 1674 394 1708 tam
440 1670 600 1709 laudem
645 1671 894 1721 gratiamque
939 1672 1045 1721 apud
1087 1684 1220 1708 omnes
1260 1671 1429 1717 tulisset,
1475 1670 1670 1707 dictatore
1700 1667 1746 1705 P.

316 1742 503 1781 Cornelio
535 1742 655 1790 dicto,
688 1743 772 1792 ipse
803 1743 854 1780 ab
887 1756 931 1780 eo
964 1743 1153 1791 magister
1179 1742 1356 1791 equitum
1383 1745 1537 1779 creatus
1564 1739 1746 1789 exemplo

314 1814 391 1852 fuit
421 1814 587 1863 collegis
619 1825 659 1853 se
691 1827 858 1864 eumque
890 1814 1149 1860 intuentibus,
1183 1826 1299 1863 quam
1322 1813 1454 1862 gratia
1477 1816 1597 1863 atque
1619 1811 1746 1850 honos

278 1892 297 1927 7
318 1886 605 1936 opportuniora
643 1885 841 1924 interdum
872 1900 950 1924 non
982 1886 1235 1936 cupientibus
1266 1888 1406 1923 essent.
1449 1885 1612 1923 Bellum
1640 1881 1748 1922 haud

320 1958 576 1996 memorabile
605 1958 693 1997 fuit.
740 1958 831 1996 Uno
863 1961 983 2008 atque
1015 1971 1058 1996 eo
1089 1957 1202 1995 facili
1225 1957 1368 2008 proelio
1393 1957 1484 1995 caesi
1509 1956 1562 1994 ad
1577 1954 1748 1993 Antium

319 2029 466 2076 hostes;
497 2030 626 2068 victor
657 2031 855 2068 exercitus
886 2030 1152 2080 depopulatus
1179 2029 1371 2068 Volscum
1402 2041 1552 2078 agrum.
1597 2025 1747 2065 Castel-

320 2101 398 2137 lum
432 2100 482 2138 ad
513 2101 643 2140 lacum
659 2102 855 2140 Fucinum
885 2101 926 2139 vi
957 2104 1241 2151 expugnatum,
1273 2104 1392 2151 atque
1423 2101 1467 2139 in
1498 2114 1543 2139 eo
1565 2099 1645 2137 tria
1660 2097 1747 2136 mil-

321 2172 375 2209 lia
405 2172 610 2210 hominum
641 2176 767 2223 capta,
799 2172 941 2211 ceteris
957 2172 1120 2212 Volscis
1145 2173 1253 2211 intra
1277 2173 1422 2211 moenia
1447 2170 1660 2221 compulsis
1675 2181 1748 2207 nec

279 2244 304 2280 8
322 2242 626 2282 defendentibus
657 2257 785 2293 agros.
829 2244 1029 2292 Dictator,
1058 2245 1166 2283 bello
1197 2244 1254 2282 ita
1277 2247 1401 2295 gesto,
1431 2247 1478 2281 ut
1500 2245 1656 2281 tantum
1670 2253 1750 2279 non

321 2314 491 2353 defuisse
535 2316 704 2353 fortunae
748 2316 966 2363 videretur,
1011 2316 1204 2354 felicitate
1243 2329 1360 2366 quam
1391 2315 1522 2366 gloria
1550 2312 1678 2351 maior
1708 2311 1749 2348 in

283 2389 305 2424 9
322 2388 459 2425 urbem
497 2387 629 2434 rediit,
668 2387 984 2437 magistratuque
1021 2401 1062 2426 se
1092 2387 1305 2426 abdicavit.
1365 2386 1540 2425 Tribuni
1568 2383 1750 2429 militum,

323 2460 521 2497 mentione
545 2458 658 2496 nulla
682 2458 934 2496 comitiorum
962 2459 1229 2497 consularium
1245 2459 1393 2506 habita,
1424 2457 1553 2504 credo,
1583 2455 1633 2494 ob
1650 2454 1750 2491 iram

259 2531 306 2568 10
325 2532 532 2569 dictatoris
558 2530 692 2577 creati,
715 2529 968 2567 tribunorum
992 2530 1164 2568 militum
1190 2530 1351 2568 comitia
1367 2529 1589 2568 edixerunt.
1648 2524 1751 2562 Tum

323 2615 414 2640 vero
445 2603 606 2651 gravior
636 2613 730 2639 cura
759 2600 942 2651 patribus
973 2601 1148 2648 incessit,
1181 2602 1331 2651 quippe
1362 2613 1482 2650 quum
1512 2597 1631 2649 prodi
1661 2608 1749 2634 cau-

260 2676 302 2710 ll
325 2687 405 2711 sam
438 2674 487 2711 ab
520 2674 602 2711 suis
633 2675 848 2712 cernerent.
908 2671 1051 2721 Itaque
1088 2672 1193 2710 sicut
1223 2672 1358 2722 priore
1387 2684 1489 2709 anno
1521 2682 1593 2721 per
1623 2667 1750 2717 indig-
