1821 2928
621 178 712 204 Liber
731 178 799 204 vn.
837 178 885 207 (A.
905 178 958 204 ch.
978 178 1049 207 342.)
1438 164 1486 201 91

108 291 391 328 immemorem.
436 291 626 330 Patriciae
658 293 722 330 hic
753 293 816 331 vir
847 293 978 343 gentis
1010 296 1105 340 erat,
1137 292 1202 330 cui
1234 305 1355 342 quum
1387 293 1546 330 militiae
1570 290 1615 326 12

107 373 252 409 magna
283 373 371 397 cum
412 361 544 409 gloria
576 365 674 399 actae
715 362 834 400 finem
873 375 943 412 pes
975 362 1076 400 alter
1109 376 1156 400 ex
1187 361 1350 399 vulnere
1383 361 1548 398 claudus

106 429 276 476 fecisset,
307 429 392 466 ruri
416 443 534 478 agere
557 430 683 468 vitam
713 431 854 481 procul
878 431 1100 470 ambitione
1133 444 1177 468 ac
1209 430 1295 467 foro
1327 430 1549 468 constituit.

107 497 280 535 Nomine
311 498 450 536 audito
483 500 681 550 extemplo
713 514 910 549 agnovere
942 500 1074 538 virum
1107 502 1156 545 et,
1189 498 1296 549 quod
1327 499 1428 536 benc
1460 512 1546 536 ver·
1569 494 1618 531 13

107 569 220 613 teret,
251 567 374 604 acciri
406 567 618 606 iusserunt.
672 567 753 606 Sed
783 583 925 619 parum
956 569 1042 619 spei
1074 571 1171 615 erat,
1202 568 1409 605 voluntate
1441 569 1549 617 quic-

108 648 226 684 quam
257 635 474 683 facturum
506 638 585 675 vim
603 637 791 675 adhiberi
809 652 853 676 ac
879 642 1025 676 metum
1042 637 1206 688 placuit.
1252 636 1396 686 Itaque
1428 638 1548 675 silen-
1571 631 1620 667 14

104 704 165 741 tio
198 705 326 742 noctis
359 719 480 755 quum
511 710 661 744 tectum
692 707 812 753 villae,
844 707 914 757 qui
945 706 996 745 ad
1030 706 1072 744 id
1103 706 1216 743 missi
1248 709 1372 751 erant,
1406 706 1549 744 intras-

105 777 205 820 sent,
236 787 372 812 somno
406 787 565 823 gravem
583 775 822 822 Quinctium
854 789 1095 826 oppressum,
1125 774 1232 812 nihil
1264 774 1451 821 medium,
1483 780 1551 813 aut

107 842 322 892 imperium
353 846 472 893 atque
503 843 696 881 honorem
728 849 808 891 aut,
849 845 919 882 ubi
951 844 1168 889 restitaret,
1210 847 1389 890 mortem,
1420 843 1461 880 ui
1493 858 1549 881 se-

107 914 306 960 queretur,
332 911 625 959 denuntiantes,
650 913 692 950 in
719 917 850 951 castra
872 915 1167 963 pertraxerunt.
1227 911 1455 962 Imperator
1480 926 1545 950 ex·
1568 905 1616 941 15

104 980 255 1030 templo
273 979 491 1018 adveniens
508 981 745 1031 appellatus,
777 982 1034 1031 insigniaque
1058 981 1222 1019 honoris
1247 981 1441 1018 exterrito
1459 981 1548 1018 sub-

108 1049 175 1086 itae
206 1050 264 1087 rei
296 1050 491 1087 miraculo
525 1050 730 1097 deferunt,
762 1054 801 1088 et
832 1050 883 1088 ad
913 1051 1053 1088 urbem
1085 1049 1229 1087 ducere
1261 1050 1411 1087 iubent.
1467 1049 1548 1088 Suo
1570 1044 1618 1080 16

107 1118 237 1167 magis
270 1118 362 1155 inde
396 1119 550 1168 impetu
581 1132 699 1168 quam
732 1119 902 1157 consilio
936 1118 1050 1156 ducis
1089 1119 1290 1156 convulsis
1322 1119 1459 1168 signis,
1492 1119 1550 1156 in-

105 1187 208 1225 festo
240 1188 396 1236 agmine
429 1187 480 1225 ad
512 1187 690 1237 lapidem
722 1191 905 1225 octavum
937 1188 1022 1234 viae,
1055 1201 1142 1238 quae
1174 1201 1278 1225 nunc
1310 1187 1449 1237 Appia
1481 1191 1550 1234 est,

106 1256 366 1306 perveniunt3
409 1256 613 1306 issentque
645 1256 854 1294 confestim
885 1257 936 1294 ad
977 1257 1127 1303 urbem,
1167 1257 1210 1294 ni
1239 1256 1378 1293 venire
1410 1260 1550 1293 contra
1572 1251 1620 1287 17

106 1325 327 1362 exercitum
368 1325 688 1375 dictatoremque
729 1326 918 1364 adversus
961 1339 1000 1363 se
1041 1325 1095 1362 M.
1128 1325 1337 1363 Valerium
1377 1324 1550 1363 Corvum

108 1393 263 1432 dictum
295 1394 511 1441 audissent,
543 1398 581 1432 et
612 1395 847 1443 magistrum
879 1394 1058 1444 equitum
1076 1394 1121 1431 L.
1139 1394 1356 1431 AEmilium
1379 1393 1549 1431 Mamer-

109 1463 255 1500 cinum.
302 1463 387 1501 Ubi
419 1464 591 1512 primum
623 1464 664 1500 in
689 1468 944 1513 conspectum
960 1466 1124 1501 ventum
1142 1467 1202 1501 est
1225 1464 1265 1503 et
1287 1476 1396 1501 arma
1414 1462 1545 1510 signa·
1619 1452 1677 1499 40

108 1546 186 1582 que
217 1545 428 1581 agnovere,
459 1532 658 1582 extemplo
677 1532 862 1569 omnibus
879 1532 1071 1570 memoria
1102 1532 1243 1582 patriae
1275 1532 1354 1569 iras
1378 1531 1550 1581 permul-

107 1601 172 1639 sit.
231 1601 422 1639 Nondum
463 1605 574 1638 erant
615 1604 697 1638 tam
738 1601 861 1639 fortes
893 1601 944 1639 ad
986 1601 1221 1650 sanguinem
1262 1601 1432 1646 civilem,
1479 1598 1590 1637 nec?

107 1672 255 1720 praeter
287 1674 451 1707 externa
482 1673 676 1707 noverant
716 1669 825 1707 bella
866 1670 1088 1720 ultimaque
1129 1669 1262 1707 rabies
1300 1668 1468 1706 secessio
1501 1666 1549 1704 ab

108 1740 192 1777 suis
223 1739 463 1785 habebatur3
503 1738 640 1788 itaque
672 1739 752 1776 iam
785 1739 916 1785 duces,
948 1739 1028 1776 iam
1059 1738 1210 1776 milites
1241 1738 1429 1787 utrinque
1461 1750 1550 1774 con-

109 1822 267 1858 gressus
285 1821 462 1858 quaerere
479 1820 523 1845 ac
556 1807 770 1856 colloquia,
788 1807 1016 1855 Quinctius,
1049 1820 1165 1857 quem
1198 1819 1399 1844 armorum
1430 1805 1551 1843 etiam
1570 1804 1592 1840 3

109 1891 182 1928 pro
214 1877 346 1927 patria
377 1876 542 1914 satietas
573 1880 738 1923 teneret,
770 1876 917 1913 nedum
949 1876 1139 1913 adversus
1171 1875 1357 1925 patriam,
1400 1873 1553 1911 Corvus

111 1960 246 1985 omnes
289 1947 454 1984 caritate
496 1945 612 1992 cives,
658 1946 861 1995 praecipue
902 1944 1054 1981 milites
1095 1948 1133 1981 et
1174 1947 1266 1982 ante
1298 1943 1399 1981 alios
1439 1955 1553 1979 suum

111 2016 331 2054 exercitum
364 2014 604 2063 complexus.
666 2010 716 2052 IS
747 2013 797 2051 ad
830 2013 1077 2062 colloquium
1109 2012 1316 2062 processit.
1378 2010 1551 2059 Cognito
1571 2009 1596 2045 4

111 2085 148 2123 ei
179 2084 379 2134 extemplo
410 2083 519 2121 haud
550 2083 704 2120 minore
736 2083 785 2119 ab
817 2083 1060 2120 adversariis
1076 2081 1321 2120 verecundia
1351 2094 1471 2130 quam
1502 2079 1552 2117 ab

110 2154 195 2192 suis
226 2153 432 2191 silentium
464 2153 613 2190 datum.
683 2151 843 2190 ,.De0s·-
889 2151 1021 2201 inquit
1066 2150 1349 2198 „immol-tales,
1390 2149 1553 2189 milites,

109 2225 264 2262 vestros
305 2222 489 2272 publicos
521 2234 720 2270 meosque,
761 2220 810 2257 ab
851 2219 951 2256 urbe
992 2219 1249 2270 proficiscens
1291 2219 1349 2256 ita
1387 2217 1553 2256 adoravi

110 2292 349 2341 veniamque
380 2290 547 2340 supplex
577 2289 754 2340 poposci,
786 2293 828 2326 ut
861 2289 959 2326 mihi
978 2288 1027 2326 de
1043 2288 1159 2327 vobis
1179 2287 1403 2326 concordiae
1427 2289 1552 2336 parta>

112 2361 292 2411 gloriam,
323 2373 403 2397 non
433 2359 647 2397 victoriam
673 2358 826 2395 darent.
872 2356 980 2395 Satis
1011 2358 1086 2395 fuit
1119 2357 1288 2407 eritque,
1318 2355 1423 2393 unde
1455 2353 1552 2391 belli
1573 2353 1595 2389 5

113 2430 233 2468 decus
265 2429 463 2480 pariatur;
496 2428 587 2465 hinc
621 2440 698 2477 pax
728 2427 901 2477 petenda
917 2430 986 2464 est.
1032 2426 1151 2474 Quod
1184 2425 1279 2463 deos
1311 2422 1555 2461 immortales

114 2498 219 2536 iuter
250 2496 518 2547 nuncupanda
547 2500 639 2533 vota
673 2495 900 2545 expoposci,
932 2495 1018 2532 eius
1050 2508 1110 2532 me
1143 2497 1366 2543 compotem
1383 2491 1468 2529 voti
1485 2504 1554 2528 vos

112 2566 244 2605 facere
276 2567 456 2616 potestis,
497 2566 530 2603 si
570 2565 796 2603 meminisse
826 2564 963 2610 vultis,
1004 2577 1082 2602 non
1113 2576 1183 2600 vos
1215 2562 1255 2599 in
1287 2559 1450 2598 Samnio
1482 2559 1595 2597 necss

115 2635 157 2672 in
174 2634 346 2681 Volscis,
378 2635 447 2672 sed
480 2635 520 2672 in
545 2634 728 2672 Romano
763 2633 846 2671 solo
880 2636 1011 2670 castra
1042 2631 1201 2676 habere,
1233 2630 1266 2667 si
1298 2629 1390 2666 illos
1422 2627 1555 2675 colles,
