1821 2928
537 100 654 135 Liber
679 100 725 136 V.
774 100 836 146 (A.
863 99 927 134 Oh.
951 100 1045 143 403.)
1428 102 1509 140 259

67 231 186 279 atque
203 228 398 279 obsequio
414 229 546 280 plebis
563 227 770 279 oportuit?
802 227 900 275 Quae
918 228 952 266 si
977 231 1174 278 perpetua
1198 227 1413 266 concordia
1439 228 1503 274 sit,
1535 228 1581 265 10

67 301 158 350 quis
189 314 269 339 non
301 301 496 352 spondere
528 301 646 350 ausit,
679 301 898 338 maximum
923 300 998 338 hoc
1016 300 1230 350 imperium
1257 301 1360 338 inter
1385 300 1509 338 finiti-

66 386 150 411 mos
181 373 294 412 brevi
325 375 503 411 futurum
535 372 648 410 esse?
723 372 861 423 Atque
893 385 978 422 ego,
1027 386 1144 422 quam
1192 373 1265 409 hoc
1297 373 1508 411 consilium
1606 368 1635 415 4

67 445 312 495 collegarum
344 459 532 494 meorum,
565 458 644 495 quo
677 445 874 482 abducere
907 444 1056 482 infecta
1087 458 1128 481 re
1165 459 1187 482 a
1216 444 1331 482 Veiis
1365 446 1514 483 exerci-

68 520 154 555 tum
181 518 408 566 noluerunt,
434 531 512 556 non
543 517 644 555 utile
669 518 810 567 solum,
844 517 913 555 sed
940 517 1059 554 etiam
1085 517 1350 555 necessarium
1376 518 1512 566 fuerit,

67 594 206 640 postea
236 590 446 637 disseram;
478 604 583 628 nunc
616 589 664 627 de
698 590 784 640 ipsa
817 589 1049 627 condicione
1083 589 1217 626 dicere
1249 589 1508 627 militantium

68 661 186 709 libet;
235 676 352 712 quam
401 663 621 701 orationem
654 675 732 700 non
765 663 870 712 apud
903 675 972 700 vos
1011 661 1151 708 solum,
1198 661 1266 699 sed
1312 661 1434 698 etiam
1473 662 1555 699 in2

70 735 210 772 castris
241 735 276 772 si
307 735 516 784 habeatur,
549 735 636 785 ipso
662 734 844 771 exercitu
869 733 1127 783 disceptante,
1160 746 1313 784 aequam
1339 734 1514 772 arbitror

68 806 200 845 videri
229 820 357 857 posse.
432 807 483 844 In
528 821 607 857 qua
639 807 671 844 si
717 807 817 844 mihi
858 806 936 856 ipsi
967 806 1081 854 nihil,
1115 807 1224 856 quod
1255 806 1440 853 dicerem,
1470 807 1513 844 in

71 882 242 917 mentem
273 879 413 917 venire
444 884 590 929 posset,
633 879 956 917 adversariorum
999 883 1107 916 certe
1140 879 1390 917 orationibus
1422 892 1511 916 con-

69 954 202 989 tentus
229 965 363 989 essem.
408 951 623 1000 Negabant
639 965 778 1002 nuper,
812 951 945 988 danda
962 964 1044 989 esse
1071 965 1151 989 aera
1176 951 1384 996 militibus,
1419 951 1514 1001 quia
1533 951 1556 989 3
1592 1004 1595 1005 γ

71 1036 276 1073 nunquam
308 1023 401 1061 data
432 1028 576 1070 essent.
637 1023 818 1071 Quonam
859 1024 976 1061 modo
1013 1023 1141 1073 igitur
1171 1037 1275 1061 nunc
1308 1024 1516 1073 indignari

72 1099 252 1145 possunt,
287 1096 431 1146 quibus
463 1096 618 1146 aliquid
650 1097 744 1134 novi
776 1096 974 1135 adiectum
1007 1097 1206 1134 commodi
1232 1096 1296 1147 sit,
1323 1097 1378 1134 eis
1410 1097 1518 1134 labo-

71 1180 155 1204 rem
187 1167 305 1205 etiam
336 1181 483 1206 novum
514 1182 587 1219 pro
619 1169 803 1219 portione
833 1168 1020 1218 iniungi?
1052 1169 1259 1219 Nusquam
1290 1183 1361 1206 nec
1395 1169 1559 1219 opera4

73 1239 157 1277 sine
189 1240 455 1278 emolumento
486 1254 559 1278 nec
590 1242 897 1279 emolumentum
929 1242 1051 1279 ferme
1077 1241 1162 1279 sine
1192 1242 1372 1291 impensa
1400 1255 1520 1291 opera

73 1314 143 1351 est.
189 1312 325 1350 Labor
340 1314 620 1364 voluptasque,
652 1314 922 1352 dissimillima
949 1317 1105 1363 natura,
1139 1313 1327 1351 societate
1346 1314 1517 1363 quadam

73 1384 178 1422 inter
208 1398 250 1422 se
282 1386 459 1423 naturali
490 1391 582 1424 sunt
613 1386 760 1424 iuncta.
806 1385 976 1423 Moleste
1003 1389 1120 1423 antea
1144 1386 1298 1423 ferebat
1315 1386 1441 1435 miles,
1474 1399 1514 1424 se
1535 1385 1557 1421 5

75 1469 145 1494 suo
177 1460 339 1507 sumptu
365 1471 523 1508 operam
552 1457 802 1508 reipublicae
820 1458 1019 1508 praebere;
1051 1458 1253 1507 gaudebat
1277 1458 1396 1501 idem,
1424 1472 1517 1508 pat-

75 1532 156 1566 tem
173 1529 269 1566 anni
287 1543 327 1567 se
345 1543 485 1578 agrum
504 1544 617 1568 suum
636 1530 779 1578 colere,
807 1543 999 1580 quaerere,
1025 1530 1130 1568 unde
1157 1530 1265 1568 domi
1283 1530 1519 1581 militiaeque

75 1614 116 1639 se
146 1615 191 1639 ac
222 1615 314 1639 suos
344 1603 448 1639 tueri
480 1606 632 1652 posset-;
664 1602 813 1651 gaudet
843 1616 960 1652 nunc,
994 1603 1141 1640 fructui
1167 1603 1246 1640 sibi
1269 1616 1353 1640 rem
1385 1603 1518 1653 publi·
1537 1604 1560 1640 6

77 1686 164 1711 cam
196 1687 294 1724 esse,
341 1678 379 1712 et
410 1675 524 1713 laetus
563 1675 810 1726 stipendium
842 1676 1009 1726 accipit;
1058 1688 1171 1725 aequo
1219 1675 1342 1724 igitur
1388 1676 1521 1713 animo

75 1745 275 1796 patiatur,
321 1760 362 1784 se
393 1746 444 1784 ab
477 1747 592 1785 domo
639 1761 683 1786 ac
730 1761 772 1785 re
818 1747 1021 1794 familiari,
1066 1748 1131 1785 cui
1161 1747 1297 1797 gravis
1344 1747 1521 1798 impensa

78 1831 157 1856 non
189 1821 261 1868 est,
293 1819 415 1869 paulo
447 1819 600 1857 diutius
631 1821 783 1858 abesse.
855 1821 936 1870 An,
979 1821 1012 1858 si
1045 1819 1095 1857 ad
1127 1820 1302 1858 calculos
1335 1833 1424 1857 eum
1454 1834 1517 1858 res
1541 1821 1562 1855 7

76 1891 240 1941 publica
270 1895 396 1941 vocet,
429 1905 510 1929 non
542 1893 686 1930 merito
712 1893 837 1930 dicat:
876 1892 1052 1940 „Annua
1076 1906 1155 1930 aera
1182 1892 1317 1942 habes,
1351 1906 1519 1930 annuam

77 1975 241 2012 operam
273 1963 367 2009 ede;
400 1977 450 2001 an
481 1967 526 2001 tu
558 1977 714 2014 aequum
733 1978 881 2014 censes,
907 1965 1054 2002 militia
1079 1964 1261 2002 semestri
1285 1964 1458 2002 solidum
1482 1968 1522 2003 te

77 2035 322 2085 stipendium
347 2035 584 2086 accipereP“
620 2037 779 2075 Invitus
804 2037 844 2074 in
862 2037 934 2074 hac
960 2040 1074 2087 parte
1099 2037 1305 2086 orationis,
1325 2037 1518 2085 Quirites,
1538 2038 1563 2074 8

80 2120 231 2153 moror;
265 2108 322 2145 sic
340 2109 443 2145 enim
462 2121 580 2157 agere
613 2108 772 2158 debent,
806 2109 876 2159 qui
908 2109 1151 2147 mercenario
1178 2109 1306 2147 milite
1334 2113 1521 2156 utuntur3

80 2192 151 2232 nos
181 2183 372 2230 tanquam
415 2194 502 2218 cum
549 2182 704 2219 civibus
749 2195 868 2232 agere
900 2182 1095 2228 volumus,
1143 2183 1287 2231 agique
1332 2185 1524 2232 tanquam

81 2264 169 2289 cum
206 2253 339 2302 patria
376 2253 585 2291 nobiscum
633 2267 790 2304 aequum
837 2267 1052 2293 censemus.
1114 2254 1201 2292 Aut
1246 2267 1326 2292 non
1371 2255 1563 2305 suscipi9

80 2322 230 2362 bellum
263 2326 458 2375 oportuit,
505 2330 574 2363 aut
620 2327 707 2376 geri
745 2339 818 2376 pro
851 2326 1048 2375 dignitate
1093 2327 1235 2377 populi
1267 2326 1442 2365 Romani
1487 2331 1526 2364 et

81 2395 221 2446 perfici
254 2411 370 2447 quam
402 2399 574 2448 primum
608 2403 776 2449 oportet.
821 2399 1060 2437 Perficietur
1092 2402 1236 2449 autem,
1269 2399 1304 2437 si
1336 2412 1522 2448 urgemus
1544 2398 1595 2435 10

83 2467 276 2519 obsessos,
310 2470 342 2507 si
374 2483 452 2508 non
485 2474 577 2508 ante
616 2471 876 2518 abscedimus,
919 2485 1037 2522 quam
1083 2471 1169 2522 spei
1216 2474 1361 2508 nostrae
1406 2469 1524 2508 finem

85 2541 214 2591 captis
245 2541 359 2580 Veiis
391 2543 708 2594 imposuerimus.
756 2542 800 2580 Si
826 2544 1007 2582 hercules
1032 2544 1142 2582 nulla
1169 2543 1251 2581 alia
1274 2555 1407 2591 causa,
1439 2542 1527 2592 ipsa

85 2610 306 2663 indignitas
335 2616 675 2666 perseverantiam
707 2615 911 2666 imponere
942 2616 1094 2655 debuit.
1141 2615 1292 2654 Decem
1324 2613 1523 2664 quondam
1544 2613 1591 2651 11

85 2697 209 2723 annos
240 2686 334 2725 urbs
365 2691 600 2739 oppugnata
646 2691 705 2726 est
751 2687 800 2726 ob
846 2701 964 2726 unam
1011 2687 1218 2725 mulierem
1260 2686 1309 2724 ab
1342 2685 1529 2725 universa

1185 2755 1249 2789 17*
