1821 2928
509 144 623 180 Liber
646 143 721 179 III.
771 146 832 187 (A.
859 143 923 179 Ch.
949 144 1044 188 449.)
1427 147 1501 184 181

69 275 166 321 eius,
195 287 268 324 pro
301 286 378 323 quo
411 273 566 323 agebat,
597 285 733 319 causa3
764 271 833 310 sed
851 271 1087 321 Verginius,
1119 271 1180 309 sui
1205 271 1338 322 potius
1361 274 1408 308 ut
1431 271 1506 308 mi-

69 349 308 395 sererentur,
341 345 493 394 orabat,
534 344 720 394 filiaeque,
761 357 832 381 nec
865 344 996 393 gentis
1029 343 1221 390 Claudiae,
1265 356 1433 393 regnum
1465 343 1506 380 in

69 418 226 469 plebem
243 417 410 466 sortitae,
437 416 504 455 sed
521 417 833 454 necessariorum
852 414 1072 465 Verginiae,
1098 415 1222 453 trium
1237 414 1505 461 tribunorum,

69 503 207 540 preces
224 489 421 539 audirent,
448 489 530 539 qui,
556 489 607 526 ad
625 488 819 526 auxilium
837 487 968 538 plebis
987 487 1124 538 creati,
1146 487 1223 537 ipsi
1241 487 1371 537 plebis
1387 486 1505 524 fidem

68 565 190 612 atque
215 561 408 599 auxilium
435 561 709 611 implorarent.
768 559 962 598 Iustiores
990 558 1051 597 hae
1069 559 1242 596 lacrimae
1260 558 1508 597 videbantur.
1529 557 1552 594 6

69 633 214 683 Itaque
245 647 314 683 spe
346 633 484 679 incisa,
523 633 756 683 priusquam
794 631 982 682 prodicta
1022 631 1106 669 dies
1138 631 1307 678 adesset,
1345 631 1507 681 Appius

70 709 238 744 mortem
268 705 347 743 sibi
378 705 586 745 conscivit.

184 776 366 814 Subinde
397 780 583 827 arreptus
615 790 638 814 a
668 775 715 814 P.
749 775 977 814 Numitorio
1004 773 1071 826 Sp.
1100 774 1267 825 Oppius,
1300 774 1506 824 proximus
1525 775 1547 810 7

70 848 247 897 invidiae,
281 848 388 898 quod
420 849 461 886 in
491 849 590 886 urbe
621 849 762 895 fuerat,
795 861 916 898 quum
933 848 1091 885 iniustae
1107 847 1293 885 vindiciae
1312 847 1505 895 acollega

71 920 310 960 dicerentur.
372 920 472 958 Plus
503 924 636 958 tamen
666 921 772 958 facta
803 920 954 957 iniuria
985 918 1117 970 Oppio
1150 932 1267 969 quam
1299 932 1377 957 non
1408 932 1498 968 pro·
1517 919 1542 956 8

69 991 203 1030 hibita
229 992 395 1030 invidiae
421 992 528 1032 fecit.
590 992 722 1030 Testis
740 991 972 1042 productus,
1006 992 1089 1041 qui,
1122 994 1271 1041 septem
1297 994 1337 1029 et
1362 990 1507 1039 viginti

71 1064 313 1102 enumeratis
346 1064 571 1114 stipendiis,
603 1065 725 1102 octies
757 1067 872 1102 extra
903 1063 1086 1102 ordinem
1119 1063 1289 1102 donatus
1322 1062 1506 1113 donaque

71 1149 117 1174 ea
147 1148 289 1185 gerens
319 1136 360 1173 in
392 1140 607 1186 conspectu
630 1137 783 1187 populi,
817 1137 939 1175 scissa
955 1139 1076 1183 veste,
1108 1139 1265 1186 tergum
1289 1136 1505 1172 laceratum

67 1207 199 1257 virgis
227 1207 415 1255 ostendit,
447 1208 624 1252 nihilum,
648 1209 876 1259 deprecans,
908 1209 1017 1258 quin,
1048 1208 1081 1245 si
1099 1221 1218 1257 quam
1235 1220 1344 1245 suam
1363 1219 1507 1244 noxam

71 1292 163 1317 reus
194 1279 326 1317 dicere
366 1285 510 1330 possety
550 1281 732 1330 privatus
773 1281 917 1318 iterum
958 1281 998 1318 in
1030 1294 1070 1318 se
1101 1280 1273 1319 saeviret.
1349 1278 1548 1328 Oppius9

70 1364 228 1402 quoque
261 1352 403 1389 ductus
434 1352 474 1389 in
508 1352 667 1390 vincula
699 1356 768 1398 est,
802 1357 840 1389 et
871 1356 962 1389 ante
996 1351 1138 1389 iudicii
1170 1351 1275 1389 diem
1302 1351 1419 1388 finem
1450 1350 1507 1387 ibi

69 1424 162 1461 vitae
194 1423 300 1461 fecit.
360 1423 475 1462 Bona
503 1423 664 1461 Claudii
682 1423 889 1474 Oppiique
914 1424 1066 1462 tribuni
1084 1423 1352 1474 publicavere.
1415 1421 1505 1460 Col-

71 1495 171 1544 legae
214 1508 349 1532 eorum
381 1496 514 1533 exsilii
558 1508 677 1533 causa
717 1497 845 1533 solum
876 1499 1106 1542 verterunt;
1151 1496 1255 1534 bona
1299 1494 1507 1545 publicata

71 1570 172 1604 sunt.
231 1566 287 1604 Et
316 1567 372 1606 M.
393 1566 598 1614 Claudius,
630 1571 804 1605 assertor
822 1567 1042 1617 Verginiae,
1073 1567 1138 1606 die
1156 1567 1265 1606 dicta
1281 1566 1503 1612 damnatus,
1526 1565 1577 1603 10

69 1640 156 1689 ipso
199 1640 427 1677 remittente
461 1639 658 1688 Verginio
699 1640 882 1678 ultimam
927 1653 1100 1690 poenam,
1146 1640 1333 1677 dimissus
1379 1639 1507 1676 Tibur

69 1711 293 1748 exsulatum
339 1711 451 1758 abiit,
496 1725 709 1762 manesque
751 1711 978 1761 Verginiae,
1027 1716 1193 1750 mortuae
1240 1725 1358 1762 quam
1404 1711 1504 1750 vivae
1525 1709 1574 1746 11

70 1783 277 1829 felicioris,
323 1797 394 1834 per
432 1786 491 1821 tot
531 1783 668 1821 domos
710 1784 759 1821 ad
799 1784 991 1834 petendas
1031 1798 1169 1835 poenas
1200 1784 1348 1833 vagati,
1396 1783 1506 1820 nullo

74 1854 214 1892 relicto
247 1858 371 1904 sonte,
404 1855 564 1894 tandem
598 1856 847 1905 quieverunt.

182 1927 332 1976 Ingens
363 1932 488 1965 metus
521 1928 737 1965 incesserat
761 1932 906 1978 patres,
939 1929 1154 1978 vultusque
1178 1929 1257 1967 iam
1282 1928 1405 1966 iidem
1432 1927 1502 1965 tri·
1571 1922 1626 1972 59

69 1999 266 2037 bunorum
291 2003 415 2045 erant,
447 2000 516 2049 qui
545 2000 857 2037 decemvirorum
886 2002 1055 2050 fuerant,
1089 2014 1209 2051 quum
1235 2000 1292 2040 M.
1325 2000 1506 2038 Duillius

68 2071 256 2109 tribunus
273 2071 414 2121 plebis,
447 2071 619 2109 inhibito
647 2071 866 2110 salubriter
891 2072 1008 2111 modo
1036 2073 1168 2110 nimiae
1181 2073 1389 2123 potestati,
1425 2071 1503 2120 „Et
1521 2069 1545 2104 2

69 2143 296 2181 libertatis“
334 2143 466 2193 inquit
502 2147 674 2190 „nostrae
707 2148 746 2182 et
778 2157 991 2194 poenarum
1025 2157 1071 2183 ex
1106 2145 1280 2182 inimicis
1312 2145 1409 2182 satis
1441 2148 1501 2182 est

68 2215 203 2265 itaque
234 2214 309 2253 hoc
341 2229 444 2253 anno
477 2228 549 2252 neo
581 2215 685 2253 diem
718 2215 798 2254 dici
830 2217 1014 2267 cuiquam
1056 2230 1127 2254 nec
1167 2217 1208 2254 in
1239 2217 1372 2255 vincla
1412 2216 1502 2254 duci

27 2282 30 2286 ’
69 2299 306 2337 quemquam
338 2300 423 2325 sum
455 2300 656 2336 passurus.
718 2287 822 2326 Nam
855 2302 984 2339 neque
1015 2292 1152 2326 vetera
1182 2293 1345 2338 peccata
1377 2289 1502 2338 repeti
1522 2283 1545 2319 3

69 2357 148 2396 iam
179 2359 412 2396 oblitterata
444 2359 588 2408 placet,
622 2372 742 2409 quum
776 2373 877 2398 nova
903 2361 1065 2411 expiata
1091 2361 1174 2398 sint
1190 2360 1503 2399 decemvirorum

69 2430 293 2480 suppliciis,
325 2434 364 2468 et
396 2431 498 2468 nihil
529 2431 744 2469 admissum
778 2432 841 2478 iri,
874 2433 981 2482 quod
1012 2433 1091 2470 vim
1115 2433 1375 2471 tribuniciam
1401 2430 1503 2468 desi-

69 2499 193 2547 deret,
225 2502 394 2552 spondet
412 2507 608 2553 perpetua
635 2503 838 2540 consulum
867 2504 1074 2542 amborum
1104 2505 1145 2542 in
1169 2505 1355 2542 libertate
1372 2505 1504 2540 vestra

68 2573 218 2611 tuenda
248 2578 382 2614 cura.“
447 2574 507 2612 Ea
537 2575 708 2625 primum
733 2575 952 2615 moderatio
976 2577 1128 2614 tribuni
1146 2581 1292 2613 metum
1319 2567 1543 2624 patribus4

70 2642 254 2694 dempsit,
287 2645 504 2696 eademque
536 2647 648 2684 auxit
679 2647 886 2685 consulum
919 2647 1124 2695 invidiam,
1158 2645 1265 2695 quod
1297 2645 1396 2684 adeo
1426 2646 1502 2684 toti

67 2714 203 2764 plebis
234 2717 416 2764 fuissent,
446 2722 492 2756 ut
522 2722 681 2768 patrum
713 2719 853 2756 salutis
885 2719 1167 2766 libertatisque
1199 2717 1310 2767 prior
1340 2716 1501 2768 plebeio
