1821 2928
515 123 630 159 Liber
653 123 727 159 III.
777 127 838 168 (A.
866 124 930 160 Ch.
956 126 1051 169 460.)
1440 129 1518 166 143

71 267 161 304 gam
207 253 285 291 sibi
332 253 601 303 subrogasset,
650 267 796 303 negare
843 267 1052 304 passurum
1093 254 1157 303 agi
1199 254 1247 291 de
1279 253 1378 303 lege.
1443 254 1558 292 Hae2

70 330 235 364 tenuere
282 326 560 364 contentiones
606 339 734 376 usque
779 325 829 364 ad
863 327 1023 365 comitia
1055 326 1230 364 consulis
1262 326 1519 376 subrogandi·

71 398 291 437 Decembri
321 411 455 436 mense
488 411 639 436 summo
671 402 831 448 patrum
863 398 996 436 studio
1030 399 1076 438 L.
1112 399 1326 447 Quinctius
1359 398 1518 438 Cincin-

72 475 200 517 natus,
230 474 346 521 pater
376 470 563 518 Caesonis,
597 471 734 509 consul
767 474 937 517 creatur,
969 471 1037 521 qui
1070 472 1351 521 magistratum
1384 474 1519 511 statim

71 543 284 593 occiperet.
345 543 540 581 Perculsa
585 547 671 580 erat
716 543 854 593 plebes
900 544 1104 582 consulem
1135 543 1327 581 habitura
1359 545 1558 590 iratum‚3

70 618 276 666 potentem
307 615 443 653 favore
474 619 646 666 patrum,
686 615 834 653 virtute
866 629 949 663 sua,
991 616 1122 654 tribus
1152 616 1305 665 liberis,
1351 631 1519 667 quorum

70 701 185 726 nemo
217 687 374 725 Caesoni
408 687 577 726 cedebat
607 687 885 735 magnitudine
903 689 1039 736 animi,
1072 688 1284 727 consilium
1304 693 1342 726 et
1359 691 1518 728 modum

71 758 312 807 adhibendo,
343 759 415 797 ubi
446 773 510 798 res
539 764 737 810 posceret,
769 761 926 811 priores
944 765 1070 801 erant.
1118 761 1160 799 Is
1175 765 1222 799 ut
1237 762 1515 811 magistratum
1534 764 1558 800 4

71 832 177 882 iniit,
210 832 381 870 assiduis
415 833 673 872 contionibus
696 847 769 884 pro
794 834 991 872 tribunali
1008 847 1089 871 non
1107 835 1148 871 in
1165 834 1284 884 plebe
1303 836 1520 874 coercenda

71 918 190 955 quam
208 909 349 943 senatu
367 906 603 954 castigando
620 906 898 945 vehementior
913 907 1002 954 fuit,
1024 907 1136 944 cuius
1154 906 1310 945 ordinis
1326 908 1520 956 languore

71 979 256 1028 perpetui
272 979 351 1016 iam
367 977 524 1016 tribuni
541 978 687 1028 plebis,
715 993 794 1017 non
811 982 857 1017 ut
874 979 915 1016 in
931 993 974 1017 re
991 979 1155 1029 publica
1172 980 1313 1029 populi
1329 980 1517 1031 Romani,

70 1050 139 1088 sed
171 1054 216 1088 ut
246 1051 287 1088 in
319 1050 477 1101 perdita
508 1051 626 1089 domo
658 1051 798 1101 lingua
822 1051 1137 1102 criminibusque
1164 1057 1394 1100 regnarent:
1429 1066 1516 1091 cum
1536 1054 1558 1091 5

72 1121 237 1161 Caesone
269 1122 355 1161 filio
387 1137 458 1162 suo
490 1124 693 1171 virtutem,
725 1125 1004 1171 constantiam,
1036 1125 1168 1162 omnia
1186 1125 1406 1164 iuventutis
1423 1126 1518 1164 belli

70 1194 257 1246 domique
282 1195 426 1233 decora
449 1196 565 1246 pulsa
590 1210 639 1234 ex
663 1196 762 1234 urbe
780 1196 965 1235 Romana
983 1201 1020 1235 et
1036 1198 1174 1246 fugata
1190 1210 1294 1245 esse3
1319 1199 1519 1249 loquaces,

70 1267 293 1318 seditiosos,
334 1269 486 1306 semina
517 1268 826 1318 discordiarum,
866 1269 1012 1306 iterum
1053 1283 1096 1306 ac
1135 1269 1301 1307 tertium
1332 1271 1518 1310 tribunos

69 1341 252 1391 pessimis
285 1341 453 1388 artibus,
483 1341 597 1390 regia
627 1341 791 1379 licentia
820 1342 969 1380 vivere.
1029 1341 1216 1390 „Aulus⁴‘
1252 1342 1387 1393 inquit
1422 1344 1516 1390 „ille
1535 1345 1557 1381 6

70 1412 308 1463 Verginius,
340 1414 436 1462 quia
468 1413 509 1450 in
541 1412 745 1462 Capitolio
777 1427 855 1451 non
887 1414 975 1460 fuit,
1010 1414 1142 1452 minus
1174 1415 1368 1464 supplicii
1400 1430 1517 1466 quain

71 1483 234 1535 Appius
246 1485 480 1522 Herdonius
497 1485 673 1523 meruit?
704 1485 804 1523 Plus
822 1486 982 1524 hercule
999 1486 1221 1536 aliquanto,
1241 1488 1310 1537 qui
1326 1502 1417 1526 vere
1434 1503 1515 1526 rem

72 1557 270 1595 aestimare
301 1558 412 1595 velit.
471 1557 718 1607 Herdonius,
751 1559 785 1596 si
816 1558 916 1596 nihil
949 1559 1072 1609 aliud,
1105 1559 1258 1597 hostem
1290 1573 1330 1598 se
1354 1560 1516 1600 fatendo

70 1642 198 1680 prope
225 1628 490 1678 denuntiavit,
514 1634 560 1668 ut
583 1644 692 1668 arma
720 1631 932 1681 caperet-is,
964 1631 1031 1669 hic
1058 1632 1241 1682 negando
1266 1633 1414 1671 bellum
1433 1648 1516 1672 esse

70 1714 180 1740 arma
210 1702 326 1740 vobis
358 1702 509 1740 ademit
527 1703 735 1754 nudosque
761 1704 887 1742 servis
910 1705 1055 1742 vestris
1073 1708 1112 1743 et
1128 1705 1335 1743 exsulibus
1353 1706 1515 1746 obiecit.

69 1773 122 1813 Et
153 1788 222 1812 vos
253 1774 314 1825 (O.
335 1774 496 1813 Claudii
525 1789 624 1826 pace
656 1779 697 1813 et
723 1776 770 1815 P.
799 1776 957 1814 Valerii
988 1777 1135 1815 mortui
1167 1778 1323 1830 loquar)
1342 1779 1455 1829 prius
1473 1781 1512 1817 in
1535 1780 1555 1815 7

70 1846 217 1885 clivum
243 1846 518 1898 Capitolinum
549 1848 665 1898 signa
695 1849 904 1899 intulistis,
937 1862 1055 1900 quam
1087 1850 1158 1888 hos
1190 1850 1324 1888 hostes
1357 1850 1406 1888 de
1430 1852 1516 1890 foro

69 1919 297 1958 tolleretis?
342 1920 477 1958 Pudet
507 1921 671 1959 deorum
701 1921 999 1972 hominumque.
1049 1922 1180 1970 Quum
1206 1922 1339 1961 hostes
1356 1924 1394 1961 in
1415 1938 1517 1971 arce,

72 1991 113 2029 in
153 1991 356 2043 Capitolio
403 1998 546 2040 essent,
593 1994 777 2032 exsulum
823 1998 863 2032 et
907 2008 1113 2033 servorum
1153 1994 1245 2046 dux,
1293 1996 1516 2046 profanatis

71 2064 267 2113 omnibus,
298 2066 339 2103 in
371 2066 472 2104 cella
488 2066 598 2104 Iovis
630 2066 774 2116 optimi
799 2067 965 2105 maximi
993 2067 1207 2117 habitaret,
1239 2067 1407 2107 Tusculi
1426 2074 1516 2107 ante

70 2149 187 2187 quam
218 2137 358 2176 Romae
404 2142 562 2188 sumpta
607 2142 701 2176 sunt
741 2153 860 2177 arma.
922 2139 972 2177 In
1005 2140 1130 2178 dubio
1161 2141 1252 2187 fuit,
1298 2145 1432 2179 utrum
1466 2142 1510 2180 L.
1531 2142 1555 2178 8

68 2207 286 2257 Mamilius,
331 2210 585 2248 Tusculanus
633 2210 725 2261 dux,
773 2226 823 2250 an
864 2211 910 2249 P.
943 2211 1132 2251 Valerius
1171 2217 1210 2252 et
1241 2212 1284 2252 C.
1319 2213 1514 2252 Claudius

71 2282 252 2320 consules
283 2282 507 2320 Romanam
539 2296 670 2321 arcem
702 2284 943 2331 liberarent3
975 2289 1015 2323 et
1046 2286 1116 2336 qui
1149 2289 1240 2324 ante
1266 2286 1434 2324 Latinos
1467 2300 1514 2324 ne

69 2365 142 2403 pro
159 2367 200 2392 se
217 2355 381 2405 quidem
405 2356 520 2406 ipsis,
553 2369 674 2406 quum
696 2357 737 2394 in
754 2356 900 2394 finibus
916 2357 1072 2395 hostem
1089 2358 1295 2405 haberent,
1318 2359 1513 2408 attingere

71 2437 182 2464 arma
210 2428 319 2478 passi
350 2441 496 2475 summ,
528 2442 645 2478 nunc,
688 2429 767 2467 nisi
798 2429 936 2467 Latini
967 2443 1039 2468 sua
1068 2433 1210 2480 sponte
1242 2444 1351 2468 arma
1383 2444 1512 2480 sump-

71 2497 226 2545 sissent,
274 2502 381 2550 capti
423 2504 462 2538 et
495 2501 618 2538 deleti
649 2515 817 2541 eramus,
879 2501 969 2539 Hoc
1001 2505 1072 2550 est,
1110 2503 1278 2550 tribuni,
1318 2502 1552 2540 auxiliume

71 2569 180 2620 plebi
197 2571 311 2619 ferre,
343 2572 536 2611 inermem
565 2587 650 2611 eam
676 2574 784 2612 hosti
798 2573 1080 2612 trucidandam
1097 2574 1303 2613 obiicere?
1350 2573 1514 2611 Scilicet

71 2641 107 2679 si
138 2643 226 2692 quis
257 2645 370 2683 vobis
401 2645 647 2684 humillimus
678 2646 794 2685 homo
828 2646 877 2684 de
907 2649 1042 2685 vestra
1058 2647 1186 2696 plebe,
1220 2659 1336 2696 quam
1353 2649 1509 2696 partem

70 2714 184 2752 velut
206 2716 416 2767 abruptam
442 2732 465 2756 a
490 2722 622 2756 cetero
638 2719 789 2769 populo
805 2723 980 2757 vestram
995 2718 1169 2769 patriam
1186 2717 1507 2768 peculiaremque
