1821 2928
312 117 388 154 174
745 111 860 146 Liber
885 112 960 148 III.
1012 115 1072 158 (A.
1097 126 1131 149 u.
1157 126 1187 150 c.
1211 115 1307 159 305.)

312 243 416 279 facta
447 241 573 290 plebs,
607 240 933 279 contentionibus
965 242 1137 279 assiduis
1168 241 1270 278 nihil
1301 241 1483 290 transigi,
1514 241 1556 279 in
1573 240 1737 280 Sacrum

269 317 292 352 2
312 318 483 350 montem
502 326 550 349 ex
568 311 772 350 Aventino
789 313 944 360 transit,
962 313 1183 351 affirmante
1195 312 1368 360 Duillio,
1386 326 1463 350 non
1480 313 1604 363 prius,
1620 327 1739 364 quam

310 384 439 422 deseri
469 383 609 421 urbem
639 384 814 432 videant,
845 398 977 422 curam
1013 386 1053 422 in
1088 385 1238 422 animos
1269 387 1428 434 patrum
1446 384 1742 433 descensuram;

309 456 604 493 admoniturum
636 454 801 493 Sacrum
832 459 1003 494 montem
1038 456 1272 494 constantiae
1303 456 1445 506 plebis,
1477 457 1737 507 sciturosque,

310 541 388 577 qua
419 528 502 565 sine
532 528 717 565 restituta
747 531 944 577 potestate
970 528 1099 576 redigi
1124 529 1164 566 in
1183 513 1436 566 concordiam
1453 541 1515 565 res
1531 533 1742 579 nequeant.

270 603 292 638 3
313 599 393 637 Via
424 599 686 648 Nomentana,
721 600 784 637 cui
815 603 898 637 tum
916 600 1121 637 Ficulensi
1152 613 1293 637 nomen
1310 600 1398 646 fuit,
1427 600 1593 649 profecti
1611 604 1742 638 castra

310 671 349 708 in
397 676 528 709 monte
560 670 682 708 Sacro
729 672 922 719 locavere,
972 672 1206 709 modestiam
1253 675 1411 721 patrum
1448 684 1608 708 suorum
1638 672 1741 709 nihil

269 744 497 781 4violando
543 744 699 781 imitati.
778 743 923 781 Secuta
969 744 1187 781 exercitum
1227 743 1355 793 plebs,
1401 743 1524 789 nullo,
1571 743 1640 793 qui
1670 757 1741 794 per

310 819 465 853 aetatem
484 816 541 852 ire
558 819 703 865 posset,
720 819 974 854 retractante.
1008 815 1314 865 Prosequuntur
1332 815 1521 864 coniuges
1532 815 1741 866 liberique,

310 888 466 925 cuinam
498 901 538 925 se
569 888 844 937 relinquerent
875 888 916 925 in
948 902 993 925 ea
1023 888 1133 934 urbe,
1165 888 1206 924 in
1238 901 1316 937 qua
1346 900 1417 924 nec
1446 887 1641 937 pudicitia
1671 901 1742 925 nec

310 959 477 997 libertas
509 964 643 997 sancta
675 963 789 1005 esset,
821 960 1105 997 miserabiliter
1135 960 1369 1008 rogitantes.

273 1039 295 1076 5
429 1031 557 1078 Quum
588 1036 702 1069 vasta
718 1031 856 1069 Romae
889 1031 1022 1069 omnia
1054 1032 1210 1069 insueta
1234 1030 1407 1069 solitudo
1423 1030 1593 1078 fecisset,
1624 1031 1664 1068 in
1680 1031 1737 1069 fo-

310 1117 355 1140 ro
372 1108 519 1153 praeter
535 1117 681 1153 paucos
699 1104 897 1141 seniorum
916 1117 1030 1140 nemo
1050 1107 1163 1150 esset,
1187 1103 1338 1140 vocatis
1354 1103 1492 1152 utique
1508 1103 1549 1140 in
1565 1106 1742 1140 senatum

310 1176 490 1225 patribus
524 1175 722 1212 desertum
754 1176 1006 1225 apparuisset
1036 1176 1176 1221 forum,
1208 1176 1340 1224 plures
1371 1176 1448 1212 iam
1480 1188 1598 1225 quam
1613 1174 1743 1213 Hora-

273 1248 392 1284 sstius
424 1260 469 1283 ac
487 1246 675 1284 Valerius
706 1247 1049 1285 vociferabantur:
1113 1246 1246 1294 „Quid
1278 1247 1577 1296 exspectabitiS,
1605 1250 1741 1297 patres

312 1318 561 1369 conscripti?
620 1317 665 1355 Si
696 1318 911 1356 decemviri
941 1319 1057 1356 finem
1089 1319 1321 1371 pertinaciae
1338 1332 1417 1355 non
1434 1319 1596 1365 faciunt,
1628 1332 1743 1356 ruere

310 1405 356 1428 ac
389 1391 609 1439 deflagrare
642 1391 774 1428 omnia
792 1376 950 1440 passuri
967 1391 1094 1428 estis?
1126 1391 1242 1438 Quod
1260 1394 1390 1428 autem
1408 1390 1516 1428 istud
1533 1390 1741 1440 imperium

312 1467 381 1508 est,
413 1462 641 1508 decemviri,
673 1463 779 1512 quod
797 1463 971 1512 amplexi
988 1463 1132 1500 tenetis
1144 1463 1162 1499 ‘?
1203 1462 1337 1500 Tectis
1354 1476 1400 1500 ac
1416 1462 1636 1512 parietibus
1653 1463 1743 1500 iura

275 1538 295 1572 7
316 1536 463 1573 dicturi
496 1536 617 1574 estis?
649 1534 739 1571 Non
770 1534 904 1584 pudet,
937 1534 1124 1572 lictorum
1155 1539 1377 1572 vestrorum
1407 1535 1597 1572 maiorem
1614 1548 1740 1585 prope

310 1620 518 1644 numerum
552 1607 593 1643 in
625 1607 710 1643 foro
743 1606 921 1655 conspici
952 1620 1070 1655 quam
1086 1609 1312 1655 togatorum
1328 1606 1528 1644 aliorum?
1559 1607 1678 1654 Quid,
1711 1607 1744 1644 si

309 1680 443 1717 hostes
474 1678 525 1714 ad
555 1679 695 1715 urbem
725 1679 898 1724 veniant,
928 1678 1075 1714 facturi
1107 1678 1229 1715 estis‘?
1290 1678 1409 1724 Quid,
1440 1678 1475 1714 si
1504 1678 1619 1727 plebs
1643 1691 1746 1725 mox,

310 1751 379 1788 ubi
410 1764 550 1800 parum
582 1750 800 1787 secessione
831 1762 1068 1797 moveamur,
1116 1751 1269 1786 armata
1299 1748 1465 1787 veniat?
1539 1748 1743 1786 Occasune

274 1823 425 1867 gurbis
455 1822 579 1859 vultis
610 1821 725 1858 finire
757 1820 1002 1870 imperium?
1033 1819 1162 1870 Atqui
1180 1824 1249 1857 aut
1263 1821 1375 1870 plebs
1391 1834 1471 1858 non
1488 1824 1548 1858 est
1562 1820 1747 1859 habenda

314 1898 382 1931 aut
412 1893 588 1931 habendi
620 1896 712 1930 sunt
726 1893 1039 1943 tribuniplebis.
1071 1893 1154 1930 Nos
1172 1886 1290 1930 citius
1308 1893 1550 1932 caruerimus
1564 1892 1748 1942 patriciis

276 1972 298 2008 9
317 1965 615 2014 magistratibus
648 1978 766 2015 quam
798 1965 862 2002 illi
894 1965 1073 2014 plebeiis.
1134 1963 1288 2002 Novam
1319 1965 1645 2014 inexpertamque
1663 1978 1748 2002 eam

315 2041 554 2087 potestatem
586 2037 769 2087 eripuere
799 2037 979 2086 patribus
1010 2037 1171 2085 nostris,
1203 2050 1251 2073 ne
1277 2050 1383 2073 nunc
1401 2036 1610 2074 dulcedine
1627 2036 1747 2074 semel

317 2110 423 2159 capti
453 2110 583 2146 ferant
614 2109 865 2158 desiderium,
899 2122 1019 2157 quum
1051 2108 1270 2158 praesertim
1300 2120 1373 2145 nec
1397 2120 1467 2146 nos
1482 2111 1747 2157 temperemus

250 2184 300 2220 10
319 2181 512 2231 imperiis,
544 2194 621 2230 quo
654 2181 783 2218 minus
816 2180 879 2217 illi
911 2180 1053 2217 auxilii
1085 2183 1263 2229 egeant.“
1328 2180 1460 2227 Quum
1476 2180 1560 2216 haec
1577 2193 1624 2216 ex
1641 2179 1748 2216 omni

313 2256 429 2302 parte
461 2253 714 2298 iactarentur‚
744 2252 841 2289 victi
859 2265 1052 2288 consensu
1068 2251 1293 2298 decemviri,
1325 2252 1480 2289 futuros
1505 2265 1558 2299 se,
1589 2251 1748 2301 quando

249 2326 296 2362 11
318 2325 374 2361 ita
403 2323 599 2370 videatur,
633 2324 673 2360 in
704 2327 902 2373 potestate
932 2327 1102 2373 patrum,
1133 2323 1344 2361 affirmant.
1403 2323 1454 2360 Id
1484 2322 1600 2360 modo
1631 2321 1749 2359 simul

319 2399 434 2433 orant
479 2409 523 2432 ac
554 2398 726 2441 monent,
772 2399 817 2432 ut
847 2395 943 2444 ipsis
975 2395 1024 2432 ab
1055 2395 1210 2433 invidia
1241 2397 1427 2432 caveatur
1457 2407 1529 2432 nec
1559 2407 1630 2431 suo
1661 2407 1749 2430 san-

171 2512 188 2525 „
321 2468 441 2517 guine
473 2467 523 2504 ad
554 2466 753 2516 supplicia
783 2469 942 2515 patrum
972 2467 1131 2517 plebem
1162 2466 1437 2504 assuefaciant,

166 2515 220 2561 33
433 2538 534 2575 Tum
551 2538 739 2575 Valerius
757 2537 1030 2587 Horatiusque
1062 2539 1170 2575 missi
1195 2538 1246 2576 ad
1262 2538 1420 2588 plebem
1437 2535 1749 2582 condicionibus,

319 2610 463 2659 quibus
494 2610 708 2655 videretur,
738 2609 1002 2646 revocandam
1020 2608 1389 2659 componendasque
1411 2621 1486 2655 res,
1516 2607 1749 2645 decemviris

317 2694 475 2731 quoque
521 2681 571 2719 ab
613 2681 674 2718 ira
718 2683 757 2718 et
801 2680 952 2731 impetu
992 2680 1262 2717 multitudinis
1292 2692 1516 2729 praecavere
1547 2679 1747 2718 iubentur.
