1821 2928
1225 159 1236 171 .

383 185 436 222 20
820 192 909 217 Liber
928 192 980 217 vi.
1017 192 1065 219 (A.
1085 199 1112 217 u.
1133 199 1156 216 e.
1177 193 1247 221 370.)

326 308 534 353 habuistis,
581 307 875 356 qualescunque
916 307 995 356 ipsi
1041 307 1186 354 fuistis,
1232 307 1365 344 omnia
1405 307 1545 354 adhuc,
1590 311 1755 357 quanta·

326 389 479 425 cunque
511 375 681 425 petistis,
719 375 952 412 obtinuistis
983 388 1050 412 seu
1080 376 1121 412 vi
1153 389 1218 412 seu
1249 376 1408 412 fortuna
1438 378 1581 413 vestra.
1640 375 1753 413 Tem-

257 447 306 483 123
325 458 397 494 pus
428 448 487 481 est
517 443 669 493 [et]iam
700 443 851 480 maiora
883 444 1029 480 conari.
1081 443 1334 493 Experimini
1366 444 1482 481 modo
1514 447 1553 481 et
1581 447 1754 482 vestram

324 513 559 550 felicitatem
590 516 629 549 et
659 526 730 558 me,
775 515 819 548 ut
850 525 975 561 spero,
1021 512 1193 549 feliciter
1225 515 1446 561 expertum3
1492 512 1644 550 minore
1689 526 1754 550 ne—

323 583 444 631 gotio,
476 581 546 631 qui
579 581 758 630 imperet,
796 581 978 630 patribus
1012 581 1225 630 imponetis
1257 594 1386 630 quam,
1424 580 1493 629 qui
1523 580 1756 618 resisterent

258 650 627 699 l4i1nperantibus,
674 650 934 699 imposuistis.
1015 648 1109 687 Solo
1157 649 1360 699 aequandae
1406 652 1498 686 sunt
1543 649 1754 686 dictaturae

325 719 649 767 consulatusque,
708 722 753 754 ut
806 721 926 767 caput
971 718 1153 755 attollere
1198 717 1379 755 Romana
1431 717 1566 766 plebes
1617 718 1754 767 possit.

324 787 502 824 Proinde
548 787 699 832 adeste3
746 786 955 835 prohibete
1001 786 1063 823 ius
1110 786 1158 823 de
1204 786 1385 835 pecuniis
1431 785 1531 831 dici;
1576 799 1649 835 ego
1694 799 1755 823 me

323 860 534 905 patronum
580 854 768 904 profiteor
813 854 962 903 plebis,
1007 855 1113 904 quod
1158 855 1258 891 mihi
1305 868 1398 891 cura
1443 868 1529 892 mea
1574 858 1613 891 et
1655 853 1755 892 fides

258 924 467 961 15110111611
498 923 649 968 induit;
694 936 762 959 vos
804 923 837 959 si
881 936 956 971 quo
1000 923 1151 971 insigni
1182 923 1309 971 magis
1350 923 1511 972 imperii
1542 923 1754 960 honorisve

325 993 483 1030 nomine
522 996 696 1028 vestrum
738 991 997 1040 appellabitis
1040 992 1190 1038 ducem,
1236 1005 1280 1028 eo
1321 991 1489 1028 utemini
1530 991 1754 1041 potentiore

257 1062 305 1097 16
325 1061 374 1098 ad
406 1060 625 1098 obtinenda
657 1073 712 1106 ea,
743 1072 829 1109 quae
861 1060 1020 1096 vultisst‘
1083 1059 1184 1096 lnde
1216 1059 1263 1096 de
1294 1072 1416 1108 regno
1448 1059 1594 1108 agendi
1624 1062 1754 1097 ortum

323 1129 486 1166 initium
529 1128 696 1174 dicitur3
742 1128 810 1165 sed
851 1142 921 1165 nec
964 1141 1051 1164 cum
1093 1128 1237 1176 quibus
1278 1141 1349 1165 nec
1389 1141 1505 1177 quem
1545 1127 1596 1165 ad
1636 1127 1754 1165 finem

323 1197 492 1235 consilia
524 1196 790 1246 pervenerint,
822 1196 918 1233 satis
949 1196 1113 1245 planum
1143 1196 1330 1232 traditur.

193 1264 242 1310 19
438 1265 497 1303 At
530 1265 570 1301 in
602 1268 716 1314 parte
748 1265 874 1302 altera
904 1267 1061 1301 senatus
1086 1265 1134 1301 de
1165 1264 1384 1301 secessione
1415 1264 1458 1301 in
1483 1264 1642 1301 domum
1672 1264 1753 1313 pri-

322 1338 455 1372 vatam
479 1333 619 1383 plebis,
650 1334 751 1371 forte
782 1334 903 1370 etiam
927 1333 969 1370 in
993 1346 1081 1370 arce
1112 1333 1294 1382 positam,
1326 1335 1364 1369 et
1395 1332 1620 1370 imminenti
1650 1333 1753 1370 mole

283 1403 505 1440 2libertati
547 1403 686 1450 agitat.
745 1401 894 1450 Magna
939 1415 1033 1451 pars
1078 1401 1359 1446 vociferantur,
1405 1399 1577 1439 Servilio
1617 1400 1754 1438 Ahala

324 1485 422 1520 opus
455 1484 548 1517 esse,
589 1471 657 1520 qui
697 1484 775 1507 non
808 1470 850 1506 in
880 1470 1014 1508 vincla
1046 1470 1137 1507 duci
1176 1469 1350 1506 iubendo
1383 1469 1518 1506 irritet
1546 1469 1752 1519 publicum

324 1540 486 1585 hostem,
534 1538 601 1576 sed
647 1539 764 1575 unius
812 1539 965 1576 iactura
1010 1538 1110 1575 civis
1155 1537 1270 1575 finiat
1314 1537 1549 1575 intestinum
1593 1537 1752 1575 bellum.

284 1608 306 1644 3
324 1607 566 1644 Decurritur
597 1607 648 1643 ad
679 1607 869 1644 leniorem
892 1607 1025 1644 verbis
1049 1606 1297 1652 sententiam,
1327 1606 1409 1643 vim
1432 1609 1565 1643 tamen
1589 1605 1752 1643 eandem

322 1676 544 1720 habentem,
575 1678 619 1710 ut
633 1675 799 1712 videant
830 1675 1099 1723 magistratus,
1129 1688 1177 1711 116
1201 1674 1300 1722 quid
1325 1687 1370 1710 ex
1400 1673 1638 1722 perniciosis
1662 1686 1751 1711 con-

284 1744 428 1781 4siliis
459 1744 513 1780 M.
543 1743 690 1780 Manlii
721 1756 782 1779 res
814 1743 976 1791 publica
1007 1742 1237 1779 detrimenti
1269 1742 1412 1791 capiat.
1464 1741 1565 1778 Tum
1595 1741 1752 1778 tribuni

324 1812 522 1850 consulari
555 1814 751 1861 potestate
779 1811 1014 1860 tribunique
1045 1810 1155 1860 plebi
1189 1810 1295 1858 (nam
1319 1812 1358 1846 et
1381 1808 1433 1859 ei,
1465 1809 1560 1859 quia
1584 1809 1751 1846 eundem

323 1885 361 1917 et
391 1894 470 1917 suae
508 1879 728 1929 potestatis.
770 1892 885 1928 quem
916 1879 1116 1916 libertatis
1155 1877 1342 1924 omnium,
1380 1877 1498 1915 finem
1528 1878 1751 1924 cernebant,

322 1953 479 1998 patrum
511 1948 743 1986 auctoritati
776 1961 815 1984 se
847 1947 1100 1996 dediderant)
1139 1946 1182 1983 hi
1218 1949 1303 1983 tum
1341 1959 1485 1993 omnes,
1523 1946 1622 1995 quid
1652 1958 1750 1995 opus

284 2016 306 2052 5
324 2017 429 2053 facto
460 2017 525 2062 sit,
557 2017 791 2054 consultant.
837 2016 969 2063 Quum
1001 2018 1144 2066 praeter
1173 2014 1255 2052 vim
1288 2017 1326 2051 et
1357 2015 1503 2052 caedem
1532 2014 1638 2052 nihil
1669 2014 1749 2051 cui-

323 2099 440 2134 quam
473 2088 710 2131 occurreret,
740 2098 825 2122 eam
857 2087 987 2122 autem
1019 2083 1193 2132 ingentis
1217 2083 1492 2121 dimicationis
1522 2083 1606 2121 fore
1628 2095 1750 2132 appa·

285 2154 439 2199 6reret,
469 2157 553 2189 tum
570 2153 625 2190 M.
641 2153 852 2190 Menenius
884 2156 922 2190 et
952 2153 998 2199 Q.
1015 2151 1219 2189 Publilius
1248 2151 1404 2188 tribuni
1435 2151 1579 2201 plebis:
1614 2149 1749 2198 „Quid

323 2226 481 2271 patrum
506 2225 543 2257 et
566 2221 695 2269 plebis
713 2224 911 2258 certamen
933 2221 1111 2266 facimus,
1143 2221 1250 2270 quod
1267 2220 1445 2257 civitatis
1462 2233 1544 2258 esse
1560 2220 1749 2257 adversus

324 2303 445 2326 unum
476 2289 709 2338 pestiferum
741 2289 865 2326 civem
897 2289 1043 2326 debet?
1103 2288 1213 2334 Quid
1237 2302 1324 2325 cum
1355 2289 1470 2338 plebe
1493 2288 1749 2337 aggredimur

324 2371 423 2404 eum,
455 2370 571 2406 quem
596 2369 665 2405 per
697 2356 823 2405 ipsam
848 2357 1004 2405 plebem
1026 2357 1154 2393 tutius
1178 2357 1345 2405 aggredi
1377 2359 1446 2404 est,
1476 2360 1520 2393 ut
1550 2356 1632 2393 suis
1662 2355 1748 2405 ipse

286 2427 307 2461 7
327 2428 511 2463 oneratus
541 2424 695 2461 viribus
726 2424 843 2461 ruat?
902 2425 1023 2463 Diem
1056 2425 1188 2462 dicere
1228 2425 1263 2461 ei
1294 2425 1409 2462 nobis
1441 2424 1483 2461 in
1514 2424 1646 2462 animo
1678 2426 1747 2460 est.

323 2493 437 2531 Nihil
469 2493 600 2529 minus
623 2492 816 2542 populare
840 2506 957 2541 quam
980 2506 1144 2541 regnum
1169 2496 1235 2530 est.
1282 2491 1412 2529 Simul
1435 2491 1652 2529 multitudo
1676 2491 1748 2528 illa

322 2575 402 2599 non
446 2574 576 2598 secum
622 2561 766 2597 certari
811 2560 988 2597 viderint
1036 2564 1075 2598 et
1115 2575 1160 2597 ex
1205 2560 1408 2597 advocatis
1453 2559 1606 2596 iudices
1650 2559 1747 2596 facti

323 2632 440 2665 erunt
469 2632 508 2665 et
536 2632 783 2667 accusatores
826 2628 873 2665 de
913 2628 1039 2677 plebe,
1079 2627 1293 2677 patricium
1334 2640 1444 2664 reum
1485 2627 1746 2664 intuebuntur
