1821 2928
512 139 629 176 Liber
653 139 700 175 v.
750 143 811 186 (A.
839 142 903 177 Oh.
929 143 1139 186 393—391.)
1465 148 1548 187 289

95 268 181 305 rius
212 267 462 306 Medullinus
494 269 717 319 septimum,
758 269 950 321 Agrippa
983 271 1143 319 Furius,
1176 271 1218 310 C.
1250 272 1442 311 AEmilius
1475 274 1550 312 ite-

95 353 195 378 rum.
256 340 318 378 Ex
349 339 410 378 his
442 340 488 378 L.
519 341 711 380 Lucretio
744 346 783 379 et
815 341 858 380 C.
881 343 1051 382 AEmilio
1070 343 1352 382 Vulsinienses
1383 346 1545 396 provin·
1564 347 1589 383 2

96 413 161 450 cia
192 413 335 459 evenit,
367 411 598 463 Salpinates
626 414 825 464 Agrippae
853 415 978 453 Furio
1011 420 1050 454 et
1076 414 1161 454 Ser.
1186 415 1380 467 Sulpicio.
1427 417 1549 456 Prius

95 497 185 522 cum
219 484 546 523 Vulsiniensibus
584 490 806 535 pugnatum
849 491 919 525 est.
978 487 1140 526 Bellum
1174 503 1337 527 numero
1369 489 1544 528 hostium
1564 490 1588 528 3

96 556 253 606 ingens,
285 558 506 595 certamine.
534 558 641 596 haud
674 572 769 597 sane
801 573 987 609 asperum
1018 560 1106 598 fuit.
1154 561 1262 598 Fusa
1292 562 1424 612 primo
1457 576 1548 600 con-

94 642 215 666 cursu
240 630 366 677 acies;
399 630 441 667 in
467 630 602 679 fugam
629 644 744 669 versa
761 632 888 669 millia
904 636 993 671 octo
1011 637 1255 671 armatorum
1272 634 1322 671 ab
1341 635 1548 684 equitibus

95 701 326 749 interclusa,
358 702 501 752 positis
533 702 668 749 armis,
702 704 742 740 in
774 703 1015 742 deditionem
1046 710 1252 744 venerunt.
1313 706 1414 744 Eius
1447 707 1588 745 belli4

96 773 202 811 fama
233 773 374 821 effecit,
407 789 456 812 ne
488 788 530 812 se
560 788 705 825 pugnae
738 777 1034 815 committerent
1066 776 1316 827 Salpinates3
1350 779 1548 818 moenibus

94 847 240 884 armati
273 859 313 884 se
345 847 594 885 tutabantur.
641 847 814 886 Romani
846 849 1003 899 praedas
1034 850 1181 900 passim
1210 854 1250 888 et
1274 864 1322 888 ex
1341 849 1547 901 Salpinati

93 932 194 969 agro
227 924 266 957 et
297 933 342 958 ex
362 919 625 967 Vulsiniensi,
656 920 770 958 nullo'
792 935 877 958 eam
901 922 981 959 vim
999 926 1171 968 arcente,
1205 926 1386 972 egerunt,
1419 914 1544 962 donec
1563 924 1587 961 5

95 990 429 1030 Vulsiniensibus
460 992 573 1030 fessis
606 992 713 1030 bello
747 1007 792 1030 ea
823 993 1067 1040 condicione,
1107 1001 1151 1032 ut
1189 1008 1252 1032 res
1283 996 1434 1045 populo
1466 996 1546 1033 Ro-

94 1077 211 1102 mano
243 1064 462 1101 redderent
493 1065 819 1116 stipendiumque
852 1066 937 1105 eius
965 1067 1059 1104 anni
1085 1068 1281 1104 exercitui
1295 1072 1547 1118 praestarent,

93 1136 134 1174 in
167 1136 318 1184 viginti
351 1150 476 1174 annos
508 1137 676 1175 indutiae
708 1137 824 1175 datae.

210 1209 362 1247 Eodem
394 1223 498 1248 anno
514 1209 570 1247 M.
589 1209 789 1248 Caedicius
820 1210 868 1248 de
899 1211 1018 1261 plebe
1050 1212 1255 1250 nuntiavit
1280 1213 1471 1260 tribunis,
1503 1227 1543 1252 se
1562 1214 1585 1250 6

93 1280 136 1318 in
167 1281 283 1319 Nova
313 1281 391 1328 via,
432 1281 504 1319 ubi
534 1296 638 1319 nunc
671 1282 863 1320 sacellum
894 1287 954 1321 est
984 1298 1106 1334 supra
1138 1285 1263 1322 aedem
1296 1285 1444 1332 Vestae,
1477 1299 1545 1324 vo-

91 1366 178 1392 cem
210 1354 340 1392 noctis
371 1354 532 1392 silentio
565 1354 726 1392 audisse
758 1355 966 1393 clariorem
998 1357 1182 1404 humana,
1214 1370 1302 1407 quae
1334 1358 1545 1407 magistra-

93 1425 204 1463 tibus
237 1426 316 1464 dici
348 1426 520 1474 iuberet,
553 1425 692 1465 Gallos
724 1427 951 1466 adventare.
1008 1429 1069 1476 Id,
1100 1433 1146 1466 ut
1175 1429 1230 1477 fit,
1263 1435 1429 1480 propter
1453 1444 1543 1468 auc·
1562 1431 1586 1467 7

93 1498 194 1536 toris
236 1498 505 1536 humilitatem
537 1503 715 1549 spretum
748 1503 787 1537 et
819 1500 926 1550 quod
957 1502 1179 1552 longinqua
1211 1516 1335 1552 eoque
1368 1503 1545 1552 ignotior

93 1584 191 1620 gens
224 1574 319 1609 erat.
365 1570 504 1621 Neque
537 1571 702 1609 deorum
734 1573 850 1611 modo
875 1574 1027 1612 monita
1050 1574 1262 1623 ingruente
1287 1575 1369 1612 fato
1397 1579 1545 1625 spreta,

93 1643 162 1681 sed
208 1644 421 1680 humanam
467 1657 628 1694 quoque
675 1658 811 1695 opem,
862 1659 950 1696 quae
996 1659 1076 1683 una
1122 1650 1226 1693 erat,
1271 1646 1326 1684 M.
1374 1646 1544 1685 Furium

94 1715 146 1754 ab
192 1716 294 1753 urbe
341 1729 536 1754 amovere.
597 1717 691 1765 Qui,
737 1717 804 1755 die
851 1718 960 1756 dicta
1001 1718 1052 1756 ab
1085 1718 1130 1757 L.
1162 1719 1341 1769 Apuleio
1380 1720 1588 1758 tribun08

94 1788 224 1838 plebis
255 1793 420 1839 propter
451 1789 629 1839 praedam
660 1789 941 1839 Veientanam,
980 1790 1066 1829 filio
1098 1804 1259 1842 quoque
1290 1791 1544 1830 adolescente

92 1874 164 1911 per
196 1861 302 1898 idem
333 1865 490 1911 tempus
522 1862 697 1909 orbatus,
729 1875 863 1912 quum,
896 1863 1037 1901 accitis
1068 1863 1229 1902 domum
1260 1864 1480 1902 tribulibus
1505 1868 1544 1902 et

91 1932 322 1980 clientibus,
368 1946 456 1982 quae
488 1936 758 1984 magna'pars
789 1934 920 1985 plebis
960 1938 1058 1983 erat,
1099 1940 1358 1985 percontatus
1389 1937 1542 1975 animos

92 2018 227 2043 eorum
261 2018 494 2054 responsum
519 2006 688 2053 tulisset,
720 2020 760 2044 se
779 2007 1011 2055 collaturos,
1042 2008 1183 2058 quanti
1200 2007 1411 2046 damnatus
1428 2013 1541 2057 esset,

92 2077 303 2116 absolvere
335 2091 425 2115 eum
457 2091 537 2114 non
569 2091 697 2128 posse,
736 2079 778 2116 in
811 2079 995 2117 exsilium
1027 2080 1142 2127 abiit,
1182 2085 1368 2131 precatus
1400 2082 1450 2119 ab
1478 2081 1539 2120 dis
1558 2082 1581 2119 9

90 2150 400 2195 immortalibus,
431 2150 464 2187 si
497 2150 658 2188 innoxio
690 2151 770 2188 sibi
802 2165 847 2189 ea
878 2151 1028 2189 iniuria
1057 2151 1181 2200 fieret,
1218 2153 1348 2203 primo
1381 2167 1541 2204 quoque

89 2226 270 2273 tempore
317 2221 559 2260 desiderium
606 2223 669 2260 sui
715 2223 872 2261 civitati
919 2223 1088 2273 ingratae
1127 2225 1317 2263 facerent.
1378 2227 1541 2265 Absens

89 2294 323 2345 quindecim
356 2294 537 2332 millibus
568 2295 703 2344 gravis
734 2296 825 2333 aeris
857 2296 1081 2336 damnatur.

205 2367 387 2417 Expulso
434 2366 532 2414 cive,
578 2381 656 2417 quo
698 2371 893 2416 manente,
938 2369 972 2407 si
1018 2370 1232 2420 quicquam
1273 2371 1536 2408 humanorum
1610 2367 1664 2416 33

90 2439 193 2477 certi
226 2442 296 2486 est,
328 2439 417 2489 capi
433 2438 562 2477 Roma
590 2453 667 2477 non
685 2443 883 2490 potuerat,
916 2441 1157 2480 adventante
1174 2443 1395 2480 fataliurbi
1413 2442 1538 2490 clade,

89 2511 214 2561 legati
246 2512 296 2549 ab
322 2511 500 2549 Clusinis
531 2513 708 2560 veniunt,
740 2513 936 2551 auxilium
969 2514 1160 2552 adversus
1178 2513 1318 2552 Gallos
1345 2518 1538 2564 petentes.

88 2582 189 2622 Eam
245 2587 403 2633 gentem
448 2584 622 2622 traditur
667 2585 773 2623 fama
819 2585 1029 2625 dulcedine
1075 2587 1235 2636 frugum
1282 2587 1575 2636 maximeque2

86 2656 186 2703 'vini‚
229 2669 333 2695 nova
371 2661 455 2694 tum
494 2657 714 2707 voluptate,
757 2661 913 2708 captam
945 2659 1074 2709 Alpes
1116 2660 1308 2696 transisse
1339 2671 1537 2708 agrosque

89 2727 141 2766 ab
173 2728 355 2766 Etruscis
386 2733 477 2766 ante
510 2729 638 2767 cultos
669 2730 913 2780 possedisse;
952 2730 1022 2782 [et]
1055 2731 1255 2769 invexisse
1288 2731 1329 2767 in
1361 2728 1578 2770 Galliam3

157 2798 266 2825 Livius
285 2806 323 2824 ex
341 2806 401 2825 rec.
419 2799 573 2832 Madvigii.
611 2800 637 2826 1.
1259 2800 1302 2833 19
