1821 2928
275 138 326 175 60
904 132 1018 166 Liber
1042 132 1071 166 1.

234 263 258 299 3
276 261 436 299 Elatum
469 261 584 298 domo
602 259 801 297 Lucretiae
829 272 970 309 corpus
995 259 1035 296 in
1061 260 1187 296 forum
1215 257 1411 308 deferunt,
1444 258 1703 308 concientque

276 333 478 379 miraculo,
509 335 553 368 ut
584 330 640 379 fit,
673 331 730 368 rei
762 344 873 368 novae
905 335 1023 380 atque
1049 330 1290 379 indignitate
1317 330 1508 370 homines.
1553 329 1638 369 Pro
1663 342 1704 368 se

232 403 255 438 4
275 405 443 453 quisque
474 403 602 440 scelus
635 402 787 451 regium
820 415 863 439 ac
894 402 973 441 vim
1006 404 1240 452 queruntur.
1286 401 1423 440 Movet
1439 414 1559 451 quum
1577 402 1704 452 patris

274 475 471 524 maestitia,
511 477 595 511 tum
626 473 776 511 Brutus
816 474 1036 523 castigator
1077 473 1332 511 lacrimarum
1363 476 1483 523 atque
1514 473 1704 511 inertium

275 546 528 595 querelarum
560 549 789 595 auctorque,
823 546 929 595 quod
947 545 1067 593 viros,
1100 544 1206 594 quod
1224 545 1426 583 Romanos
1443 544 1610 595 deceret,
1643 557 1702 583 ar·

232 618 256 654 5
274 630 336 654 ma
367 617 552 668 capiendi
584 616 772 655 adversus
797 617 959 654 hostilia
978 629 1104 656 ausos.
1152 616 1441 654 Ferocissimus
1458 617 1626 666 quisque
1642 616 1703 654 iu-

272 701 414 726 venum
433 701 520 726 cum
541 690 659 727 armis
677 689 925 728 voluntarius
942 689 1075 734 adest3
1108 688 1286 737 sequitur
1303 690 1344 725 et
1360 691 1489 726 cetera
1505 688 1702 727 iuventus.

271 759 371 798 Inde
404 764 519 810 parte
550 761 736 810 praesidio
768 761 910 799 relicta
928 759 1111 797 Collatiae
1142 759 1193 797 ad
1223 763 1360 809 portas
1391 759 1702 809 custodibusque

274 831 392 879 datis,
439 845 486 869 ne
526 832 615 882 quis
648 846 735 870 eum
767 837 917 870 motum
949 832 1111 880 regibus
1142 832 1358 880 nuntiaret,
1405 831 1529 869 ceteri
1561 832 1702 869 armati

230 903 253 939 6
272 903 372 941 duce
403 903 532 941 Bruto
549 903 716 942 Romam
747 904 931 954 profecti.
979 903 1063 941 Ubi
1094 916 1139 940 eo
1171 906 1334 941 ventum
1365 906 1435 950 est,
1467 915 1703 953 quacunque

271 974 419 1012 incedit
451 979 602 1012 armata
633 975 862 1022 multitudo,
893 988 1078 1025 pavorem
1111 988 1155 1012 ac
1173 974 1386 1012 tumultum
1402 974 1520 1020 facit;
1550 987 1700 1024 rursus,

269 1046 338 1083 ubi
364 1047 513 1084 anteire
536 1047 730 1096 primores
748 1047 923 1085 civitatis
940 1047 1090 1095 vident,
1124 1046 1320 1096 quicquid
1337 1046 1401 1093 sit,
1432 1045 1539 1084 haud
1555 1047 1700 1083 temere

226 1119 248 1154 7
268 1130 350 1155 esse
382 1121 531 1155 rentur.
578 1117 660 1155 Nec
687 1119 877 1156 minorem
904 1122 1052 1155 motum
1077 1118 1299 1156 animorum
1316 1118 1454 1155 Romae
1479 1119 1561 1155 tam
1587 1119 1701 1155 atrox

269 1202 331 1226 res
362 1190 466 1235 facit,
498 1202 614 1238 quam
635 1190 817 1228 Collatiae
849 1191 1015 1236 fecerat3
1047 1202 1141 1237 ergo
1173 1203 1221 1227 ex
1253 1190 1434 1227 omnibus
1465 1189 1563 1226 locis
1589 1188 1700 1226 urbis

268 1261 309 1297 in
339 1260 467 1297 forum
500 1261 686 1299 curritur.
748 1262 837 1308 Quo
877 1261 995 1298 simul
1026 1265 1188 1298 ventum
1222 1264 1289 1307 est,
1330 1253 1460 1310 praeco
1492 1260 1543 1298 ad
1571 1259 1700 1297 tribu·

268 1344 361 1368 num
394 1331 578 1378 celerum,
610 1333 652 1369 in
685 1345 761 1381 quo
792 1336 878 1370 tum
908 1333 1147 1381 magistratu
1177 1333 1278 1369 forte
1309 1331 1460 1369 Brutus
1492 1334 1590 1378 erat,
1628 1344 1699 1381 po-

225 1402 404 1453 8pulum
437 1403 658 1442 advocavit.
703 1404 771 1441 Ibi
801 1404 928 1442 oratio
959 1404 1097 1442 habita
1128 1417 1379 1453 nequaquam
1410 1403 1494 1441 eius
1524 1403 1697 1452 pectoris

267 1474 510 1524 ingeniique,
558 1476 663 1524 quod
709 1476 936 1513 simulatum
978 1475 1028 1513 ad
1059 1489 1146 1513 eam
1178 1475 1282 1512 diem
1313 1475 1454 1521 fuerat,
1500 1473 1548 1511 de
1579 1475 1619 1512 vi
1651 1487 1695 1511 ac

265 1546 433 1584 libidine
466 1545 553 1584 Sex.
587 1546 811 1596 Tarquinii,
842 1547 889 1585 de
920 1551 1059 1597 stupro
1091 1547 1254 1585 infando
1286 1545 1483 1586 Lucretiae
1512 1548 1553 1584 et
1582 1546 1696 1583 mise-

266 1618 387 1655 rabili
405 1617 522 1665 caede,
549 1617 597 1654 de
625 1618 796 1656 orbitate
814 1618 1058 1669 Tricipitini,
1092 1619 1155 1656 cui
1172 1621 1298 1655 morte
1314 1617 1407 1655 filiae
1425 1630 1542 1655 causa
1558 1617 1696 1655 mortis

228 1689 250 1726 9
269 1689 473 1737 indignior
505 1702 549 1726 ac
581 1689 851 1727 miserabilior
868 1693 983 1729 esset.
1031 1690 1185 1727 Addita
1216 1689 1404 1738 superbia
1434 1688 1560 1739 ipsius
1576 1688 1696 1737 regis,

267 1760 515 1810 miseriaeque
541 1763 579 1798 et
606 1759 764 1798 labores
791 1761 923 1810 plebis
951 1762 993 1798 in
1017 1762 1142 1799 fossas
1158 1761 1390 1810 cloacasque
1408 1759 1696 1798 exhauriendas

269 1832 475 1878 demersae3
508 1831 709 1870 Romanos
726 1832 920 1877 homines,
937 1833 1110 1870 victores
1127 1832 1303 1869 omnium
1321 1831 1427 1869 circa
1440 1831 1693 1881 populorum,

197 1905 249 1944 10
268 1902 431 1952 opifices
476 1916 521 1941 ac
567 1903 761 1953 lapicidas
807 1917 879 1954 pro
911 1904 1176 1942 bellatoribus
1207 1904 1345 1942 factos.
1406 1903 1581 1951 Indigna
1611 1900 1695 1939 Ser.

263 1972 385 2011 Tullii
416 1975 521 2023 regis
553 1980 768 2014 memorata
793 1976 917 2014 caedes
945 1980 982 2014 et
1010 1977 1167 2014 invecta
1190 1975 1348 2025 corpori
1373 1974 1499 2024 patris
1523 1972 1693 2011 nefando

197 2045 243 2081 11
266 2045 446 2082 vehiculo
478 2045 573 2092 filia,
606 2047 857 2096 invocatique
887 2048 1038 2085 ultores
1068 2049 1278 2097 parentum
1310 2046 1362 2084 di.
1423 2045 1500 2084 His
1523 2045 1692 2084 atrocio-

263 2116 465 2166 ribusque,
499 2118 629 2165 credo,
660 2118 761 2166 aliis,
795 2132 882 2168 quae
906 2131 1081 2169 praesens
1104 2131 1236 2156 rerum
1253 2117 1471 2166 indignitas
1487 2116 1692 2166 haudqua-

263 2200 378 2236 quam
412 2189 542 2226 relatu
574 2189 835 2239 scriptoribus
866 2191 1001 2228 facilia
1032 2190 1204 2239 subiicit,
1237 2189 1464 2226 memoratis
1494 2188 1692 2226 incensam

262 2258 558 2297 multitudinem
585 2261 774 2310 perpulit,
805 2265 849 2298 ut
874 2261 1083 2311 imperium
1110 2261 1196 2309 regi
1222 2261 1434 2309 abrogaret
1457 2260 1691 2309 exsulesque

195 2330 246 2367 12
265 2342 349 2368 esse
394 2331 548 2368 iuberet
580 2331 625 2368 L.
658 2332 923 2382 Tarquinium
971 2346 1058 2370 cum
1099 2332 1266 2382 coniuge
1303 2344 1348 2369 ac
1387 2330 1537 2369 liberis.
1596 2330 1690 2381 Ipse

262 2401 499 2448 iunioribus⁷
531 2402 601 2451 qui
618 2403 721 2440 ultro
740 2404 901 2441 nomina
920 2403 1080 2451 dabant,
1113 2403 1228 2441 lectis
1245 2403 1499 2453 armatisque,
1532 2402 1582 2440 ad
1599 2415 1689 2440 con-

262 2472 466 2510 citandum
504 2473 597 2510 inde
637 2473 824 2511 adversus
864 2487 997 2523 regem
1029 2476 1249 2513 exercitum
1278 2473 1457 2512 Ardeam
1489 2474 1530 2511 in
1560 2476 1690 2512 castra

261 2547 319 2581 est
349 2544 568 2593 profectus;
600 2544 808 2594 imperium
842 2545 882 2582 in
908 2546 1005 2583 urbe
1030 2545 1232 2595 Lucretio,
1262 2546 1453 2595 praefecto
1476 2544 1588 2582 urbis
1611 2544 1690 2582 iam

192 2614 243 2651 13
261 2618 351 2652 ante
383 2615 432 2652 ab
463 2628 556 2664 rege
583 2615 776 2660 instituto,
809 2616 1011 2665 relinquit.
1059 2616 1171 2653 Inter
1196 2617 1302 2653 hunc
1325 2615 1539 2653 tumultum
1555 2614 1690 2654 Tullia
