1821 2928
541 197 631 223 Liber
649 198 736 222 vlu.
774 196 821 224 (Α.
841 196 893 223 ch.
913 197 1072 226 325—322.)
1390 187 1466 224 137

87 313 317 351 consulibus
347 313 397 350 ad
429 312 694 350 defectionem
719 310 962 349 Samnitium
985 311 1167 362 Apulum
1198 325 1344 349 novum
1376 311 1525 349 bellum

86 381 262 420 accessit.
322 380 506 430 Utroque
539 380 737 417 exercitus
769 380 890 417 missi.
951 379 1136 430 Sulpicio
1156 379 1367 427 Samnites,
1398 380 1527 430 Apuli

88 451 254 489 AEmilio
287 452 393 487 sorte
424 452 651 487 evenerunt.
713 448 827 495 Sunt>⁷
859 448 928 497 qui
960 462 1039 486 non
1071 449 1169 499 ipsis
1196 449 1345 499 Apulis
1376 449 1525 486 bellum
1544 448 1568 484 4

86 520 255 564 illatum,
286 517 355 556 sed
386 517 516 555 socios
547 517 632 554 eius
663 516 796 566 gentis
822 517 991 567 populos
1016 517 1065 554 ab
1084 516 1327 554 Samnitium
1343 517 1384 554 vi
1407 520 1526 567 atque

87 587 247 626 iniuriis
279 586 463 624 defensos
502 586 694 631 scribant-3
740 588 915 622 ceterum
953 586 1115 623 fortuna
1146 584 1408 632 Samnitium,
1453 586 1521 623 vix
1545 584 1567 621 5

87 670 110 694 a
140 670 180 694 se
211 655 310 706 ipsis
342 669 387 692 eo
424 658 604 704 tempore
644 654 967 704 propulsantium
998 654 1160 701 bellum,
1189 654 1357 704 propius
1395 657 1440 691 ut
1475 653 1528 691 sit

87 737 193 771 vero,
225 724 334 771 facit,
365 736 445 760 non
476 722 628 772 Apulis
659 723 708 759 ab
741 721 994 760 Samnitibus
1025 736 1136 760 arma
1167 722 1306 769 illata,
1338 722 1406 759 sed
1439 736 1525 759 cum

85 797 255 843 utraque
286 791 404 829 simul
435 795 553 840 gente
585 791 735 828 bellum
765 790 961 828 Romanis
991 791 1126 828 fuisse.
1185 790 1270 828 Nec
1299 793 1433 828 tamen
1464 804 1527 827 res
1544 792 1567 826 6

86 862 170 900 ulla
199 860 475 898 memorabilis
506 864 616 906 acta3
648 873 744 908 ager
773 859 937 909 Apulus
968 858 1255 909 Samniumque
1285 862 1527 903 evastatum3

86 931 219 968 hostes
250 943 321 966 nec
351 928 416 965 hic
448 941 519 965 nec
550 927 638 964 illic
671 928 835 965 inventi.
895 928 1033 965 Romae
1065 930 1283 964 nocturnus
1308 931 1439 965 terror
1470 927 1528 964 ita

87 1012 135 1036 ex
168 1011 305 1035 somno
335 996 538 1046 trepidam
568 999 734 1046 repente
767 996 973 1034 civitatem
1005 995 1173 1042 excivit,
1203 999 1248 1032 ut
1279 995 1528 1046 Capitolium

87 1072 207 1117 atque
238 1079 309 1104 arx
339 1065 564 1113 moeniaque
606 1067 645 1101 et
684 1068 811 1114 portae
849 1065 968 1114 plena
999 1067 1242 1102 armatorum
1274 1064 1442 1110 fuerint3
1489 1067 1527 1101 et
1547 1064 1568 1099 7

87 1149 209 1186 quum
241 1136 519 1171 concursatum
551 1133 845 1182 clamatumque
877 1133 928 1170 ad
952 1147 1063 1170 arma
1087 1132 1274 1170 omnibus
1296 1133 1397 1170 locis
1414 1135 1529 1178 esset,

87 1203 218 1254 prima
250 1203 336 1240 luce
368 1216 439 1239 nec
472 1205 611 1239 auctor
641 1215 713 1238 nec
745 1214 865 1238 causa
895 1201 1064 1239 terroris
1094 1201 1332 1251 comparuit.

201 1271 354 1310 Eodem
385 1284 489 1309 anno
523 1271 571 1308 de
603 1269 845 1307 Tusculanis
862 1271 1007 1308 Flavia
1037 1271 1247 1320 rogatione
1278 1268 1419 1319 populi
1450 1267 1569 1305 fuitss

37 1349 40 1352 ’
89 1340 292 1378 iudicium.
352 1339 407 1376 M.
438 1339 606 1377 Flavius
636 1338 826 1376 tribunus
857 1339 990 1388 plebis
1020 1340 1116 1377 tulit·
1146 1339 1197 1377 ad
1227 1337 1440 1389 populum,
1485 1339 1530 1373 ut

90 1409 132 1446 in
155 1408 404 1446 Tusculanos
435 1407 836 1454 animadverteretur,
868 1408 975 1457 quod
1008 1421 1143 1445 eorum
1176 1421 1249 1458 ope
1280 1420 1325 1444 ac
1357 1404 1527 1443 consilio

91 1477 292 1515 Veliterni
338 1476 678 1525 Privernatesque
723 1476 873 1525 populo
905 1476 1089 1514 Romano
1136 1477 1285 1514 bellum
1329 1474 1528 1512 fecissent.

89 1545 270 1596 Populus
302 1544 554 1582 Tusculanus
586 1557 675 1581 cum
707 1545 945 1594 coniugibus
976 1559 1021 1582 ac
1053 1545 1194 1584 liberis
1210 1544 1380 1582 Romam
1405 1542 1528 1580 venit.
1547 1540 1570 1577 9

89 1615 149 1652 Ea
179 1613 398 1651 multitudo
428 1617 538 1650 veste
569 1615 722 1650 mutata
753 1616 792 1651 et
821 1613 954 1664 specie
984 1627 1142 1651 reorum
1174 1613 1307 1651 tribus
1333 1611 1530 1656 circumit,

89 1683 259 1733 genibus
290 1696 330 1720 se
361 1682 538 1720 omnium
569 1681 808 1728 advolvens3
853 1682 943 1732 plus
980 1681 1119 1731 itaque
1159 1680 1438 1719 misericordia
1478 1678 1528 1717 ad
1551 1677 1600 1714 lO

87 1763 214 1801 poenae
244 1750 403 1788 veniam
427 1749 725 1800 impetrandam
751 1763 869 1800 quam
894 1764 1013 1788 causa
1035 1750 1085 1788 ad
1111 1750 1261 1788 crimen
1277 1748 1532 1800 purgandum

88 1819 229 1857 valuit.
302 1818 452 1856 Tribus
498 1832 633 1856 omnes
677 1821 827 1868 praeter
857 1818 1036 1856 Polliam
1081 1819 1345 1868 antiquarunt
1390 1817 1527 1866 legem.
1549 1813 1596 1850 11

88 1887 234 1925 Polliae
265 1886 465 1924 sententia
495 1886 584 1933 fuit,
615 1887 786 1936 puberes
815 1887 1048 1925 verberatos
1079 1887 1228 1933 necari,
1259 1887 1451 1935 coniuges
1482 1885 1530 1922 li-

90 1956 284 2005 berosque
317 1957 388 1993 sub
422 1969 569 1993 corona
599 1955 686 2004 lege
710 1955 808 1992 belli
830 1956 985 2002 venire3
1017 1956 1330 2005 memoriamque
1354 1955 1440 1992 eius
1458 1954 1527 1991 irae
1549 1949 1597 1986 12

89 2025 328 2063 Tusculanis
361 2024 403 2061 in
434 2036 560 2074 poenae
590 2027 673 2061 tam
697 2023 846 2061 atrocis
869 2028 1052 2062 auctores
1077 2024 1269 2062 mansisse
1297 2024 1347 2062 ad
1371 2027 1529 2073 patrum

90 2097 247 2132 aetatem
278 2097 448 2139 constat,
479 2106 550 2129 nec
583 2105 821 2141 quemquam
852 2094 975 2130 ferme
1007 2092 1221 2130 ex‘Pollia
1251 2093 1361 2130 tribu
1394 2092 1529 2130 candi-

91 2162 228 2200 datum
260 2161 468 2211 Papiriam
500 2162 604 2198 ferre
635 2160 809 2198 solit-um.

206 2230 440 2280 Insequenti
472 2243 595 2275 anno,
641 2230 687 2276 Q.
720 2229 862 2276 Fabio,
908 2229 953 2266 L.
996 2229 1142 2267 Fulvio
1182 2230 1432 2276 consulibus,
1478 2228 1529 2267 A.
1605 2219 1664 2266 38

91 2298 303 2337 Cornelius
333 2298 494 2336 Arvina
526 2298 702 2335 dictator
734 2302 774 2335 et
801 2298 857 2335 M.
890 2297 1043 2335 Fabius
1074 2298 1299 2336 Ambustus
1340 2298 1531 2347 magister
1548 2279 1658 2339 ἲζῑῗὲιξζ
1677 2280 1736 2338 {fa}

91 2367 282 2417 equitum,
313 2370 420 2404 metu
450 2366 649 2415 gravioris
681 2366 722 2402 in
740 2365 904 2403 Samnio
931 2365 1030 2404 belli
1046 2366 1261 2416 (conducta
1277 2367 1382 2404 enim
1400 2366 1530 2416 pretio

92 2449 114 2473 a
144 2435 327 2473 finitimis
358 2435 546 2472 iuventus
571 2433 799 2483 dicebatur)
825 2435 1040 2472 intentiore
1067 2435 1219 2472 dilectu
1236 2435 1388 2482 habito,
1420 2448 1528 2483 egre-

91 2503 201 2553 gium
232 2503 452 2541 exercitum
483 2502 673 2540 adversus
705 2502 907 2541 Samnites
939 2503 1149 2542 duxerunt.
1209 2504 1351 2540 Castra.
1388 2503 1429 2539 in
1462 2498 1569 2539 l1o-2

92 2571 192 2609 stico
224 2572 422 2609 incuriose
451 2571 508 2608 ita
534 2571 680 2620 posita,
710 2576 901 2622 tanquam
918 2572 1057 2622 procul
1075 2573 1231 2610 abesset
1247 2571 1385 2617 hostis,
1409 2584 1529 2621 quum

92 2638 225 2678 subito
257 2639 454 2677 advenere
486 2638 731 2677 Samnitium
763 2639 942 2689 legiones
971 2643 1086 2678 tanta
1115 2639 1276 2687 ferocia,
1307 2643 1351 2676 ut
1381 2639 1530 2677 vallum
