1821 2928
362 153 441 189 104
795 162 884 187 Liber
903 162 988 186 vni.
1026 161 1072 187 (Α.
1092 168 1119 186 u.
1140 168 1164 185 c.
1184 161 1253 190 ⁴1⁴.)

303 282 475 314 ‘catorum
508 276 702 321 habebat,
749 276 854 313 leves
892 280 1040 321 autem,
1085 275 1153 324 qui
1184 275 1338 311 hastam
1367 278 1522 311 tantum
1552 287 1738 324 gaesaque

263 347 286 379 *5
305 348 498 391 gererent,
529 343 788 380 vocabantur.
848 343 946 380 Haeo
978 343 1108 392 prima
1138 344 1245 380 frons
1277 343 1318 379 in
1348 342 1432 379 acie
1463 342 1597 379 florem
1624 341 1730 379 iuve—

303 424 395 448 num
426 411 729 460 pubescentium
760 411 810 448 ad
836 411 1022 447 militiam
1046 410 1232 447 habebat.
1290 410 1510 447 Robustior
1526 409 1619 447 inde
1637 412 1732 447 aetas

301 479 470 516 totidem
502 479 808 528 manipulorum,
840 479 986 527 quibus
1017 477 1269 527 principibus
1300 482 1359 515 est
1390 490 1542 524 nomen,
1572 478 1645 515 hos
1675 491 1735 515 se-

264 547 284 581 7
303 546 538 594 quebantur,
569 547 715 583 scutati
747 560 890 593 onmes,
922 546 1146 595 insignibus
1164 545 1331 582 maxime
1349 546 1481 583 armis.
1540 546 1630 583 Hoc
1659 545 1732 582 tri·

302 613 415 661 ginta
446 613 742 662 manipulorum
766 628 908 662 agmen
938 614 1188 662 antepilanos
1219 613 1494 663 appellabant,
1534 613 1630 663 quia
1660 613 1732 650 sub

303 681 429 728 signis
461 681 541 718 iam
573 681 645 718 alii
678 681 909 731 quindecim
941 681 1100 718 ordines
1132 682 1377 727 locabantur,
1408 681 1617 731 exquibus
1634 681 1732 718 ordo

300 749 572 798 unusquisque
602 754 683 786 tres
713 754 847 798 partes
878 749 1066 793 habebat,
1107 749 1258 796 (earum
1288 753 1605 798 unamquamque
1638 747 1732 797 [pri-

260 818 285 853 8
303 818 422 865 mum]
456 817 582 866 pilum
599 817 828 864 vocabant)
859 816 990 855 tribus
1009 830 1056 853 ex
1071 817 1232 854 vexillis
1248 817 1478 862 constabat;
1511 814 1731 865 [vexillum]

302 889 460 921 centum
491 884 694 932 octogiuta
727 898 794 921 sex
824 884 1004 921 homines
1036 890 1157 921 erant.
1231 884 1412 921 Primum
1442 884 1631 921 vexillum
1662 883 1734 920 tri-

302 952 408 988 arios
441 952 621 996 ducebat,
652 955 883 988 veteranum
914 952 1084 989 militem
1109 957 1295 1001 spectatae
1317 952 1489 998 virtutis,
1520 951 1735 989 secundum

302 1019 488 1066 rorarios,
520 1020 651 1056 minus
682 1020 838 1057 roboris
870 1023 986 1057 aetate
1017 1020 1225 1069 factisque,
1254 1020 1418 1056 tertium
1435 1032 1631 1065 accensos,
1662 1019 1737 1056 mi-

302 1087 416 1123 nimae
434 1086 589 1124 fiduciae
621 1101 796 1133 manum3
828 1101 873 1125 eo
898 1092 944 1125 et
975 1089 1017 1125 in
1038 1092 1280 1138 postremam
1297 1087 1420 1124 aciem
1437 1087 1734 1124 reiiciebantur.

263 1160 285 1191 9
305 1154 387 1191 Ubi
406 1154 468 1190 his
487 1155 698 1192 ordinibus
715 1156 910 1193 exercitus
927 1157 1143 1193 instructus
1160 1159 1271 1201 esset,
1297 1154 1445 1192 hastati
1462 1154 1637 1192 omnium
1653 1155 1739 1203 pri·

302 1222 355 1258 mi
381 1236 556 1272 pugnam
583 1223 750 1260 inibant.
810 1222 853 1260 Si
878 1224 1026 1261 hastati
1050 1223 1264 1273 profligare
1288 1222 1439 1259 hostem
1467 1236 1546 1259 non
1561 1224 1734 1272 possent,

301 1290 402 1339 pede
433 1304 568 1339 presso
601 1305 667 1328 eos
698 1296 806 1329 retro
832 1292 1014 1329 cedentes
1038 1292 1079 1328 in
1103 1291 1315 1328 intervalla
1331 1290 1516 1327 ordinum
1532 1290 1736 1339 principes

302 1357 563 1406 recipiebant.
624 1357 725 1395 Tum
749 1359 978 1410 principum
1000 1373 1135 1409 pugna
1151 1362 1256 1405 erat3
1286 1358 1435 1395 hastati
1451 1357 1736 1407 sequebantur3

236 1427 286 1463 10
303 1425 436 1462 triarii
469 1425 540 1462 sub
572 1426 732 1463 vexillis
765 1428 1038 1474 considebant,
1068 1427 1229 1464 sinistro
1256 1439 1370 1463 crure
1392 1428 1586 1475 porrecto,
1626 1427 1739 1462 scuta

302 1493 439 1530 innixa
470 1493 656 1540 humeris,
688 1494 821 1532 hastas
853 1495 1038 1532 subrecta
1069 1494 1234 1543 cuspide
1266 1494 1307 1530 in
1337 1497 1445 1530 terra
1474 1493 1589 1538 fixas,
1629 1491 1737 1529 haud

235 1561 279 1597 ll
304 1574 414 1597 secus
446 1575 562 1610 qua-m
594 1562 701 1598 vallo
734 1567 857 1611 saepta
887 1563 1112 1599 inhorreret
1142 1562 1258 1608 acies,
1288 1565 1478 1598 tenentes.
1552 1559 1597 1597 Si
1628 1559 1737 1609 apud

302 1628 504 1677 principes
550 1642 706 1678 quoque
751 1629 858 1666 haud
905 1629 999 1666 satis
1043 1643 1233 1679 prospere
1278 1634 1379 1666 esset
1423 1631 1662 1678 pugnatum,
1713 1639 1738 1664 a

302 1695 431 1744 prima
463 1696 548 1732 acie
579 1696 630 1733 ad
661 1696 826 1733 triarios
858 1697 1002 1734 sensim
1034 1697 1326 1742 refe1·ebantur;
1358 1697 1452 1734 inde
1483 1709 1565 1733 rem
1590 1695 1641 1732 ad
1663 1695 1737 1731 tri-

235 1764 283 1799 12
301 1763 407 1799 arios
438 1762 607 1809 redisse,
653 1777 774 1813 quum
807 1764 1024 1810 laboratur,
1055 1764 1268 1813 proverbio
1299 1764 1511 1801 increbuit.
1585 1762 1736 1800 Triarii

301 1834 593 1878 consurgentes,
639 1832 708 1869 ubi
740 1832 782 1869 in
813 1832 1027 1869 intervalla
1059 1831 1245 1868 ordinum
1276 1845 1434 1869 suorum
1465 1831 1666 1881 principes
1697 1833 1736 1868 et

298 1898 475 1934 hastatos
506 1899 760 1948 recepissent,
791 1900 987 1949 extemplo
1015 1900 1248 1949 compressis
1275 1899 1487 1936 ordinibus
1501 1899 1612 1937 velut
1628 1898 1738 1936 clau·

235 1966 283 2002 13
302 1965 449 2002 debant
480 1966 577 2012 vias,
623 1980 781 2015 unoque
820 1967 1041 2004 continenti
1080 1967 1249 2016 agmine,
1295 1968 1375 2004 iam
1406 1968 1516 2005 nulla
1546 1980 1614 2016 spe
1644 1969 1735 2016 post

300 2033 451 2079 relicta,
483 2033 524 2069 in
556 2034 709 2071 hostem
732 2034 981 2083 incidebant,
1013 2034 1056 2071 id
1080 2039 1166 2072 erat
1180 2035 1595 2073 formidolosissimum
1617 2033 1740 2080 hosti,

300 2114 420 2149 quum
451 2100 562 2137 velut
592 2102 719 2138 victos
751 2102 922 2140 insecuti
949 2117 1091 2140 novam
1114 2107 1277 2152 repente
1295 2103 1421 2140 aciem
1448 2104 1734 2150 exsurgentem,

233 2168 283 2204 14
301 2172 455 2205 auctam
487 2182 662 2215 numero,
694 2171 918 2207 cernebant.
978 2169 1268 2208 Scribebantur
1293 2175 1425 2208 autem
1448 2174 1637 2219 quattuor
1652 2165 1734 2206 fere

300 2236 475 2284 legiones
499 2236 634 2285 quinis
658 2237 838 2274 millibus
864 2238 1053 2287 peditum,
1085 2238 1288 2287 equitibus
1304 2239 1344 2275 in
1363 2238 1540 2286 singulas
1556 2237 1734 2285 legiones

298 2304 481 2340 trecenis.
540 2304 725 2341 Alterum
751 2308 906 2342 tantum
939 2320 985 2342 cx
1009 2306 1155 2343 Latino
1181 2306 1332 2343 dilectu
1355 2305 1631 2351 adficiebatur,
1662 2304 1731 2353 qui

299 2385 343 2407 ea
373 2375 609 2420 tempestate
640 2371 772 2408 hostes
797 2377 909 2409 erant-
924 2374 1129 2420 Romanis,
1161 2374 1380 2422 eodemque
1404 2372 1544 2411 ordine
1560 2373 1731 2409 instrux-

233 2438 284 2475 15
303 2443 415 2475 erant
445 2439 590 2484 aciem,
622 2453 693 2476 nec
718 2439 866 2476 vexilla
889 2454 976 2477 cum
993 2442 1152 2479 vexillis
1176 2444 1347 2486 tantum,
1378 2440 1556 2478 universi
1581 2439 1730 2477 hastati

300 2519 388 2543 cum
419 2506 600 2553 hastatis,
630 2506 832 2556 principes
863 2521 950 2544 cum
980 2509 1245 2558 principibus,
1277 2509 1345 2545 sed
1376 2508 1554 2545 centurio
1574 2519 1731 2556 quoque

300 2587 386 2611 cum
419 2575 662 2621 centurione,
693 2574 726 2611 si
759 2574 919 2612 ordines
949 2577 1101 2613 turbati
1134 2590 1212 2614 non
1244 2580 1383 2622 essent,
1415 2574 1731 2613 concurrendum
