<?xml version="1.0" encoding="UTF-8"?>
<!DOCTYPE html PUBLIC "-//W3C//DTD XHTML 1.0 Transitional//EN"
    "http://www.w3.org/TR/xhtml1/DTD/xhtml1-transitional.dtd">
<html xmlns="http://www.w3.org/1999/xhtml" xml:lang="en" lang="en">
 <head>
  <title>
</title>
<meta http-equiv="Content-Type" content="text/html;charset=utf-8" />
  <meta name='ocr-system' content='tesseract 3.04.00' />
  <meta name='ocr-capabilities' content='ocr_page ocr_carea ocr_par ocr_line ocrx_word'/>
</head>
<body>
  <div class='ocr_page' id='page_1' title='image "./historiarumroman01livyuoft_0593.png"; bbox 0 0 1821 2928; ppageno 0'>
   <div class='ocr_carea' id='block_1_1' title="bbox 601 211 1467 249">
    <p class='ocr_par' dir='ltr' id='par_1_1' title="bbox 601 211 1467 249">
     <span class='ocr_line' id='line_1_1' title="bbox 601 211 1467 249; baseline 0.005 -5"><span class='ocrx_word' id='word_1_1' title='bbox 601 219 691 244; x_wconf 75' lang='lat' dir='ltr'>Liber</span> <span class='ocrx_word' id='word_1_2' title='bbox 708 219 745 244; x_wconf 85' lang='lat' dir='ltr'>x.</span> <span class='ocrx_word' id='word_1_3' title='bbox 782 219 830 246; x_wconf 75' lang='lat' dir='ltr'>(A.</span> <span class='ocrx_word' id='word_1_4' title='bbox 850 218 901 244; x_wconf 81' lang='lat' dir='ltr'>ch.</span> <span class='ocrx_word' id='word_1_5' title='bbox 920 220 991 249; x_wconf 78' lang='lat'>2⁹4.)</span> <span class='ocrx_word' id='word_1_6' title='bbox 1385 211 1467 248; x_wconf 82' lang='lat'>237</span> 
     </span>
    </p>
   </div>
   <div class='ocr_carea' id='block_1_2' title="bbox 61 333 1653 2715">
    <p class='ocr_par' dir='ltr' id='par_1_2' title="bbox 61 333 1653 1483">
     <span class='ocr_line' id='line_1_2' title="bbox 92 333 1525 386; baseline 0.002 -14"><span class='ocrx_word' id='word_1_7' title='bbox 92 335 158 381; x_wconf 80' lang='lat' dir='ltr'>„in</span> <span class='ocrx_word' id='word_1_8' title='bbox 189 334 350 381; x_wconf 78' lang='lat' dir='ltr'>castris,</span> <span class='ocrx_word' id='word_1_9' title='bbox 389 337 434 371; x_wconf 90' lang='lat' dir='ltr'>ut</span> <span class='ocrx_word' id='word_1_10' title='bbox 471 333 574 371; x_wconf 83' lang='lat' dir='ltr'>fame</span> <span class='ocrx_word' id='word_1_11' title='bbox 604 334 740 384; x_wconf 87' lang='lat' dir='ltr'>potius</span> <span class='ocrx_word' id='word_1_12' title='bbox 771 348 842 384; x_wconf 91' lang='lat' dir='ltr'>per</span> <span class='ocrx_word' id='word_1_13' title='bbox 873 335 1133 384; x_wconf 81' lang='lat' dir='ltr'>ignominiam</span> <span class='ocrx_word' id='word_1_14' title='bbox 1172 349 1290 386; x_wconf 84' lang='lat' dir='ltr'>quam</span> <span class='ocrx_word' id='word_1_15' title='bbox 1321 336 1449 383; x_wconf 90' lang='lat' dir='ltr'>ferro,</span> <span class='ocrx_word' id='word_1_16' title='bbox 1490 337 1525 375; x_wconf 86' lang='lat' dir='ltr'>si</span> 
     </span>
     <span class='ocr_line' id='line_1_3' title="bbox 88 402 1523 452; baseline 0.001 -11"><span class='ocrx_word' id='word_1_17' title='bbox 88 416 246 441; x_wconf 87' lang='lat' dir='ltr'>necesse</span> <span class='ocrx_word' id='word_1_18' title='bbox 284 406 352 450; x_wconf 88' lang='lat' dir='ltr'>est,</span> <span class='ocrx_word' id='word_1_19' title='bbox 391 416 464 452; x_wconf 90' lang='lat' dir='ltr'>per</span> <span class='ocrx_word' id='word_1_20' title='bbox 501 402 693 441; x_wconf 87' lang='lat' dir='ltr'>virtutem</span> <span class='ocrx_word' id='word_1_21' title='bbox 732 402 1002 441; x_wconf 75' lang='lat' dir='ltr'>moriamur?“</span> <span class='ocrx_word' id='word_1_22' title='bbox 1073 403 1130 441; x_wconf 90' lang='lat' dir='ltr'>Di</span> <span class='ocrx_word' id='word_1_23' title='bbox 1168 403 1267 442; x_wconf 90' lang='lat' dir='ltr'>bene</span> <span class='ocrx_word' id='word_1_24' title='bbox 1303 410 1523 452; x_wconf 81' lang='lat' dir='ltr'>verterent3</span> 
     </span>
     <span class='ocr_line' id='line_1_4' title="bbox 87 471 1592 522; baseline 0.001 -12"><span class='ocrx_word' id='word_1_25' title='bbox 87 471 274 519; x_wconf 83' lang='lat' dir='ltr'>facerent,</span> <span class='ocrx_word' id='word_1_26' title='bbox 320 471 426 521; x_wconf 89' lang='lat' dir='ltr'>quod</span> <span class='ocrx_word' id='word_1_27' title='bbox 467 484 508 508; x_wconf 86' lang='lat' dir='ltr'>se</span> <span class='ocrx_word' id='word_1_28' title='bbox 547 471 717 521; x_wconf 84' lang='lat' dir='ltr'>dignum</span> <span class='ocrx_word' id='word_1_29' title='bbox 759 472 924 522; x_wconf 91' lang='lat' dir='ltr'>quisque</span> <span class='ocrx_word' id='word_1_30' title='bbox 964 471 1171 519; x_wconf 84' lang='lat' dir='ltr'>ducerent3</span> <span class='ocrx_word' id='word_1_31' title='bbox 1217 474 1417 511; x_wconf 89' lang='lat' dir='ltr'>consulem</span> <span class='ocrx_word' id='word_1_32' title='bbox 1465 474 1520 512; x_wconf 88' lang='grc' dir='ltr'>Μ.</span> <span class='ocrx_word' id='word_1_33' title='bbox 1540 475 1592 512; x_wconf 90' lang='grc'>15</span> 
     </span>
     <span class='ocr_line' id='line_1_5' title="bbox 87 540 1522 590; baseline 0.001 -12"><span class='ocrx_word' id='word_1_34' title='bbox 87 540 266 579; x_wconf 82' lang='lat' dir='ltr'>Atilium</span> <span class='ocrx_word' id='word_1_35' title='bbox 295 540 361 578; x_wconf 88' lang='lat' dir='ltr'>vel</span> <span class='ocrx_word' id='word_1_36' title='bbox 391 540 529 586; x_wconf 85' lang='lat' dir='ltr'>solum,</span> <span class='ocrx_word' id='word_1_37' title='bbox 561 540 595 577; x_wconf 91' lang='lat' dir='ltr'>si</span> <span class='ocrx_word' id='word_1_38' title='bbox 627 553 741 578; x_wconf 89' lang='lat' dir='ltr'>nemo</span> <span class='ocrx_word' id='word_1_39' title='bbox 774 541 876 578; x_wconf 87' lang='lat' dir='ltr'>alius</span> <span class='ocrx_word' id='word_1_40' title='bbox 907 545 1114 590; x_wconf 80' lang='lat' dir='ltr'>sequatur,</span> <span class='ocrx_word' id='word_1_41' title='bbox 1153 542 1301 579; x_wconf 88' lang='lat' dir='ltr'>iturum</span> <span class='ocrx_word' id='word_1_42' title='bbox 1333 542 1522 580; x_wconf 84' lang='lat' dir='ltr'>adversus</span> 
     </span>
     <span class='ocr_line' id='line_1_6' title="bbox 85 607 1522 661; baseline 0.001 -14"><span class='ocrx_word' id='word_1_43' title='bbox 85 610 220 647; x_wconf 89' lang='lat' dir='ltr'>hostes</span> <span class='ocrx_word' id='word_1_44' title='bbox 251 621 513 658; x_wconf 84' lang='lat' dir='ltr'>casurumque</span> <span class='ocrx_word' id='word_1_45' title='bbox 545 608 649 646; x_wconf 89' lang='lat' dir='ltr'>inter</span> <span class='ocrx_word' id='word_1_46' title='bbox 680 609 796 658; x_wconf 84' lang='lat' dir='ltr'>signa</span> <span class='ocrx_word' id='word_1_47' title='bbox 827 607 1088 656; x_wconf 78' lang='lat' dir='ltr'>Samnitium,</span> <span class='ocrx_word' id='word_1_48' title='bbox 1126 610 1259 659; x_wconf 88' lang='lat' dir='ltr'>potius</span> <span class='ocrx_word' id='word_1_49' title='bbox 1297 625 1415 661; x_wconf 85' lang='lat' dir='ltr'>quam</span> <span class='ocrx_word' id='word_1_50' title='bbox 1447 613 1522 649; x_wconf 86' lang='lat' dir='ltr'>cir-</span> 
     </span>
     <span class='ocr_line' id='line_1_7' title="bbox 88 677 1591 729; baseline 0.001 -13"><span class='ocrx_word' id='word_1_51' title='bbox 88 677 322 716; x_wconf 83' lang='lat' dir='ltr'>cumvallari</span> <span class='ocrx_word' id='word_1_52' title='bbox 367 681 495 714; x_wconf 90' lang='lat' dir='ltr'>castra</span> <span class='ocrx_word' id='word_1_53' title='bbox 539 677 722 715; x_wconf 85' lang='lat' dir='ltr'>Romana</span> <span class='ocrx_word' id='word_1_54' title='bbox 766 677 911 715; x_wconf 77' lang='lat' dir='ltr'>videat.</span> <span class='ocrx_word' id='word_1_55' title='bbox 994 677 1117 715; x_wconf 88' lang='lat' dir='ltr'>Dicta</span> <span class='ocrx_word' id='word_1_56' title='bbox 1167 680 1340 717; x_wconf 78' lang='lat' dir='ltr'>consulis</span> <span class='ocrx_word' id='word_1_57' title='bbox 1396 680 1520 729; x_wconf 84' lang='lat' dir='ltr'>legati</span> <span class='ocrx_word' id='word_1_58' title='bbox 1542 681 1591 718; x_wconf 89' lang='grc'>16</span> 
     </span>
     <span class='ocr_line' id='line_1_8' title="bbox 86 746 1521 798; baseline 0.001 -14"><span class='ocrx_word' id='word_1_59' title='bbox 86 746 316 796; x_wconf 80' lang='lat' dir='ltr'>tribunique</span> <span class='ocrx_word' id='word_1_60' title='bbox 347 749 385 783; x_wconf 88' lang='lat' dir='ltr'>et</span> <span class='ocrx_word' id='word_1_61' title='bbox 416 759 550 784; x_wconf 88' lang='lat' dir='ltr'>omnes</span> <span class='ocrx_word' id='word_1_62' title='bbox 580 750 722 784; x_wconf 71' lang='lat' dir='ltr'>turmae</span> <span class='ocrx_word' id='word_1_63' title='bbox 754 746 934 796; x_wconf 89' lang='lat' dir='ltr'>equitum</span> <span class='ocrx_word' id='word_1_64' title='bbox 961 751 1000 783; x_wconf 89' lang='lat' dir='ltr'>et</span> <span class='ocrx_word' id='word_1_65' title='bbox 1026 747 1276 785; x_wconf 79' lang='lat' dir='ltr'>centuriones</span> <span class='ocrx_word' id='word_1_66' title='bbox 1302 749 1521 798; x_wconf 85' lang='lat' dir='ltr'>primorum</span> 
     </span>
     <span class='ocr_line' id='line_1_9' title="bbox 87 814 1591 867; baseline 0.001 -15"><span class='ocrx_word' id='word_1_67' title='bbox 87 815 272 852; x_wconf 80' lang='lat' dir='ltr'>ordinum</span> <span class='ocrx_word' id='word_1_68' title='bbox 318 815 602 864; x_wconf 84' lang='lat' dir='ltr'>approbavere.</span> <span class='ocrx_word' id='word_1_69' title='bbox 676 814 779 852; x_wconf 88' lang='lat' dir='ltr'>Tum</span> <span class='ocrx_word' id='word_1_70' title='bbox 818 814 969 865; x_wconf 89' lang='lat' dir='ltr'>pudore</span> <span class='ocrx_word' id='word_1_71' title='bbox 1013 815 1141 852; x_wconf 84' lang='lat' dir='ltr'>victus</span> <span class='ocrx_word' id='word_1_72' title='bbox 1186 816 1298 854; x_wconf 86' lang='lat' dir='ltr'>miles</span> <span class='ocrx_word' id='word_1_73' title='bbox 1344 818 1521 867; x_wconf 82' lang='lat' dir='ltr'>segniter</span> <span class='ocrx_word' id='word_1_74' title='bbox 1540 819 1591 855; x_wconf 88' lang='lat'>17</span> 
     </span>
     <span class='ocr_line' id='line_1_10' title="bbox 87 883 1521 933; baseline 0.002 -13"><span class='ocrx_word' id='word_1_75' title='bbox 87 896 197 921; x_wconf 82' lang='lat' dir='ltr'>arma</span> <span class='ocrx_word' id='word_1_76' title='bbox 227 883 346 933; x_wconf 82' lang='lat' dir='ltr'>capit,</span> <span class='ocrx_word' id='word_1_77' title='bbox 379 884 552 932; x_wconf 78' lang='lat' dir='ltr'>segniter</span> <span class='ocrx_word' id='word_1_78' title='bbox 583 897 603 921; x_wconf 90' lang='lat' dir='ltr'>e</span> <span class='ocrx_word' id='word_1_79' title='bbox 643 884 785 921; x_wconf 87' lang='lat' dir='ltr'>castris</span> <span class='ocrx_word' id='word_1_80' title='bbox 824 883 1049 933; x_wconf 85' lang='lat' dir='ltr'>egreditur,</span> <span class='ocrx_word' id='word_1_81' title='bbox 1091 884 1212 933; x_wconf 87' lang='lat' dir='ltr'>longo</span> <span class='ocrx_word' id='word_1_82' title='bbox 1251 886 1409 933; x_wconf 83' lang='lat' dir='ltr'>agmine</span> <span class='ocrx_word' id='word_1_83' title='bbox 1450 899 1521 923; x_wconf 87' lang='lat' dir='ltr'>nec</span> 
     </span>
     <span class='ocr_line' id='line_1_11' title="bbox 87 951 1520 1003; baseline 0.001 -13"><span class='ocrx_word' id='word_1_84' title='bbox 87 951 332 998; x_wconf 86' lang='lat' dir='ltr'>continenti;</span> <span class='ocrx_word' id='word_1_85' title='bbox 371 953 498 990; x_wconf 83' lang='lat' dir='ltr'>maesti</span> <span class='ocrx_word' id='word_1_86' title='bbox 529 965 572 990; x_wconf 82' lang='lat' dir='ltr'>ac</span> <span class='ocrx_word' id='word_1_87' title='bbox 604 965 730 1003; x_wconf 90' lang='lat' dir='ltr'>prope</span> <span class='ocrx_word' id='word_1_88' title='bbox 761 952 861 990; x_wconf 85' lang='lat' dir='ltr'>victi</span> <span class='ocrx_word' id='word_1_89' title='bbox 891 952 1116 1002; x_wconf 88' lang='lat' dir='ltr'>procedunt</span> <span class='ocrx_word' id='word_1_90' title='bbox 1146 954 1336 991; x_wconf 86' lang='lat' dir='ltr'>adversus</span> <span class='ocrx_word' id='word_1_91' title='bbox 1368 954 1520 991; x_wconf 88' lang='lat' dir='ltr'>hostem</span> 
     </span>
     <span class='ocr_line' id='line_1_12' title="bbox 87 1021 1591 1072; baseline 0.001 -14"><span class='ocrx_word' id='word_1_92' title='bbox 87 1033 158 1058; x_wconf 87' lang='lat' dir='ltr'>nec</span> <span class='ocrx_word' id='word_1_93' title='bbox 189 1033 257 1070; x_wconf 89' lang='lat' dir='ltr'>spe</span> <span class='ocrx_word' id='word_1_94' title='bbox 288 1034 360 1058; x_wconf 90' lang='lat' dir='ltr'>nec</span> <span class='ocrx_word' id='word_1_95' title='bbox 391 1022 522 1058; x_wconf 89' lang='lat' dir='ltr'>animo</span> <span class='ocrx_word' id='word_1_96' title='bbox 555 1021 777 1059; x_wconf 74' lang='lat' dir='ltr'>certiorem.</span> <span class='ocrx_word' id='word_1_97' title='bbox 838 1021 983 1071; x_wconf 84' lang='lat' dir='ltr'>Itaque</span> <span class='ocrx_word' id='word_1_98' title='bbox 1021 1022 1139 1059; x_wconf 87' lang='lat' dir='ltr'>simul</span> <span class='ocrx_word' id='word_1_99' title='bbox 1178 1026 1389 1072; x_wconf 85' lang='lat' dir='ltr'>conspecta</span> <span class='ocrx_word' id='word_1_100' title='bbox 1428 1026 1522 1060; x_wconf 87' lang='lat' dir='ltr'>sunt</span> <span class='ocrx_word' id='word_1_101' title='bbox 1541 1023 1591 1060; x_wconf 89' lang='grc'>18</span> 
     </span>
     <span class='ocr_line' id='line_1_13' title="bbox 86 1089 1521 1141; baseline 0.002 -15"><span class='ocrx_word' id='word_1_102' title='bbox 86 1089 271 1127; x_wconf 84' lang='lat' dir='ltr'>Romana</span> <span class='ocrx_word' id='word_1_103' title='bbox 301 1089 426 1141; x_wconf 85' lang='lat' dir='ltr'>signa,</span> <span class='ocrx_word' id='word_1_104' title='bbox 458 1090 657 1140; x_wconf 84' lang='lat' dir='ltr'>extemplo</span> <span class='ocrx_word' id='word_1_105' title='bbox 697 1105 720 1128; x_wconf 87' lang='lat' dir='ltr'>a</span> <span class='ocrx_word' id='word_1_106' title='bbox 750 1090 878 1140; x_wconf 91' lang='lat' dir='ltr'>primo</span> <span class='ocrx_word' id='word_1_107' title='bbox 912 1089 1149 1128; x_wconf 80' lang='lat' dir='ltr'>Samnitium</span> <span class='ocrx_word' id='word_1_108' title='bbox 1181 1091 1339 1139; x_wconf 82' lang='lat' dir='ltr'>agmine</span> <span class='ocrx_word' id='word_1_109' title='bbox 1371 1092 1422 1128; x_wconf 87' lang='lat' dir='ltr'>ad</span> <span class='ocrx_word' id='word_1_110' title='bbox 1453 1105 1521 1129; x_wconf 93' lang='lat' dir='ltr'>no-</span> 
     </span>
     <span class='ocr_line' id='line_1_14' title="bbox 86 1157 1519 1209; baseline 0.001 -14"><span class='ocrx_word' id='word_1_111' title='bbox 86 1157 293 1196; x_wconf 85' lang='lat' dir='ltr'>vissimum</span> <span class='ocrx_word' id='word_1_112' title='bbox 323 1158 506 1196; x_wconf 81' lang='lat' dir='ltr'>fremitus</span> <span class='ocrx_word' id='word_1_113' title='bbox 536 1159 746 1208; x_wconf 90' lang='lat' dir='ltr'>perfertur.</span> <span class='ocrx_word' id='word_1_114' title='bbox 778 1159 896 1206; x_wconf 84' lang='lat' dir='ltr'>exire,</span> <span class='ocrx_word' id='word_1_115' title='bbox 928 1159 970 1197; x_wconf 83' lang='lat' dir='ltr'>id</span> <span class='ocrx_word' id='word_1_116' title='bbox 994 1160 1102 1209; x_wconf 88' lang='lat' dir='ltr'>quod</span> <span class='ocrx_word' id='word_1_117' title='bbox 1123 1160 1343 1205; x_wconf 86' lang='lat' dir='ltr'>timuerint,</span> <span class='ocrx_word' id='word_1_118' title='bbox 1376 1160 1426 1197; x_wconf 86' lang='lat' dir='ltr'>ad</span> <span class='ocrx_word' id='word_1_119' title='bbox 1450 1160 1519 1197; x_wconf 93' lang='lat' dir='ltr'>im-</span> 
     </span>
     <span class='ocr_line' id='line_1_15' title="bbox 84 1226 1590 1278; baseline 0.002 -15"><span class='ocrx_word' id='word_1_120' title='bbox 84 1226 329 1276; x_wconf 88' lang='lat' dir='ltr'>pediendum</span> <span class='ocrx_word' id='word_1_121' title='bbox 360 1227 436 1264; x_wconf 91' lang='lat' dir='ltr'>iter</span> <span class='ocrx_word' id='word_1_122' title='bbox 465 1227 689 1274; x_wconf 73' lang='lat' dir='ltr'>Romanos3</span> <span class='ocrx_word' id='word_1_123' title='bbox 720 1228 871 1266; x_wconf 81' lang='lat' dir='ltr'>nullam</span> <span class='ocrx_word' id='word_1_124' title='bbox 903 1229 995 1266; x_wconf 90' lang='lat' dir='ltr'>inde</span> <span class='ocrx_word' id='word_1_125' title='bbox 1019 1242 1068 1265; x_wconf 90' lang='lat' dir='ltr'>ne</span> <span class='ocrx_word' id='word_1_126' title='bbox 1084 1228 1189 1277; x_wconf 88' lang='lat' dir='ltr'>fugae</span> <span class='ocrx_word' id='word_1_127' title='bbox 1207 1229 1367 1278; x_wconf 90' lang='lat' dir='ltr'>quidem</span> <span class='ocrx_word' id='word_1_128' title='bbox 1382 1233 1519 1278; x_wconf 85' lang='lat' dir='ltr'>patere</span> <span class='ocrx_word' id='word_1_129' title='bbox 1539 1229 1590 1266; x_wconf 88' lang='lat'>19</span> 
     </span>
     <span class='ocr_line' id='line_1_16' title="bbox 61 1295 1521 1347; baseline 0.001 -13"><span class='ocrx_word' id='word_1_130' title='bbox 61 1295 208 1342; x_wconf 80' lang='lat' dir='ltr'>.viam;</span> <span class='ocrx_word' id='word_1_131' title='bbox 246 1295 319 1333; x_wconf 92' lang='lat' dir='ltr'>illo</span> <span class='ocrx_word' id='word_1_132' title='bbox 358 1295 444 1333; x_wconf 89' lang='lat' dir='ltr'>loco</span> <span class='ocrx_word' id='word_1_133' title='bbox 484 1300 553 1333; x_wconf 86' lang='lat' dir='ltr'>aut</span> <span class='ocrx_word' id='word_1_134' title='bbox 593 1296 815 1334; x_wconf 87' lang='lat' dir='ltr'>cadendum</span> <span class='ocrx_word' id='word_1_135' title='bbox 857 1310 940 1334; x_wconf 87' lang='lat' dir='ltr'>esse</span> <span class='ocrx_word' id='word_1_136' title='bbox 971 1302 1039 1334; x_wconf 90' lang='lat' dir='ltr'>aut</span> <span class='ocrx_word' id='word_1_137' title='bbox 1071 1298 1205 1334; x_wconf 83' lang='lat' dir='ltr'>stratis</span> <span class='ocrx_word' id='word_1_138' title='bbox 1236 1297 1418 1335; x_wconf 86' lang='lat' dir='ltr'>hostibus</span> <span class='ocrx_word' id='word_1_139' title='bbox 1449 1311 1521 1347; x_wconf 89' lang='lat' dir='ltr'>per</span> 
     </span>
     <span class='ocr_line' id='line_1_17' title="bbox 85 1362 1653 1414; baseline 0.002 -13"><span class='ocrx_word' id='word_1_140' title='bbox 85 1377 255 1414; x_wconf 83' lang='lat' dir='ltr'>corpora</span> <span class='ocrx_word' id='word_1_141' title='bbox 285 1377 420 1401; x_wconf 92' lang='lat' dir='ltr'>eorum</span> <span class='ocrx_word' id='word_1_142' title='bbox 452 1364 709 1402; x_wconf 89' lang='lat' dir='ltr'>evadendum.</span> <span class='ocrx_word' id='word_1_143' title='bbox 783 1365 834 1402; x_wconf 88' lang='lat' dir='ltr'>In</span> <span class='ocrx_word' id='word_1_144' title='bbox 863 1365 1037 1402; x_wconf 90' lang='lat' dir='ltr'>medium</span> <span class='ocrx_word' id='word_1_145' title='bbox 1069 1366 1245 1403; x_wconf 86' lang='lat' dir='ltr'>sarcinas</span> <span class='ocrx_word' id='word_1_146' title='bbox 1277 1366 1515 1413; x_wconf 87' lang='lat' dir='ltr'>coniiciunt;</span> <span class='ocrx_word' id='word_1_147' title='bbox 1596 1362 1653 1410; x_wconf 81' lang='grc'>36</span> 
     </span>
     <span class='ocr_line' id='line_1_18' title="bbox 86 1433 1188 1483; baseline 0.002 -13"><span class='ocrx_word' id='word_1_148' title='bbox 86 1433 232 1470; x_wconf 83' lang='lat' dir='ltr'>armati</span> <span class='ocrx_word' id='word_1_149' title='bbox 263 1433 344 1470; x_wconf 90' lang='lat' dir='ltr'>suis</span> <span class='ocrx_word' id='word_1_150' title='bbox 376 1433 542 1483; x_wconf 84' lang='lat' dir='ltr'>quisque</span> <span class='ocrx_word' id='word_1_151' title='bbox 575 1433 787 1471; x_wconf 89' lang='lat' dir='ltr'>ordinibus</span> <span class='ocrx_word' id='word_1_152' title='bbox 819 1434 1023 1471; x_wconf 85' lang='lat' dir='ltr'>instruunt</span> <span class='ocrx_word' id='word_1_153' title='bbox 1053 1435 1188 1472; x_wconf 83' lang='lat' dir='ltr'>aciem.</span> 
     </span>
    </p>

    <p class='ocr_par' dir='ltr' id='par_1_3' title="bbox 77 1501 1562 2715">
     <span class='ocr_line' id='line_1_19' title="bbox 200 1501 1559 1552; baseline 0.001 -14"><span class='ocrx_word' id='word_1_154' title='bbox 200 1501 288 1539; x_wconf 89' lang='lat' dir='ltr'>Iam</span> <span class='ocrx_word' id='word_1_155' title='bbox 320 1501 507 1550; x_wconf 86' lang='lat' dir='ltr'>exiguum</span> <span class='ocrx_word' id='word_1_156' title='bbox 537 1501 642 1538; x_wconf 89' lang='lat' dir='ltr'>inter</span> <span class='ocrx_word' id='word_1_157' title='bbox 675 1501 772 1539; x_wconf 87' lang='lat' dir='ltr'>duas</span> <span class='ocrx_word' id='word_1_158' title='bbox 804 1503 908 1540; x_wconf 87' lang='lat' dir='ltr'>acies</span> <span class='ocrx_word' id='word_1_159' title='bbox 941 1506 1025 1540; x_wconf 88' lang='lat' dir='ltr'>erat</span> <span class='ocrx_word' id='word_1_160' title='bbox 1055 1503 1245 1552; x_wconf 79' lang='lat' dir='ltr'>spatium,</span> <span class='ocrx_word' id='word_1_161' title='bbox 1288 1506 1328 1540; x_wconf 89' lang='lat' dir='ltr'>et</span> <span class='ocrx_word' id='word_1_162' title='bbox 1358 1503 1559 1540; x_wconf 80' lang='lat' dir='ltr'>stabant2</span> 
     </span>
     <span class='ocr_line' id='line_1_20' title="bbox 86 1570 1521 1621; baseline 0.001 -13"><span class='ocrx_word' id='word_1_163' title='bbox 86 1573 372 1620; x_wconf 85' lang='lat' dir='ltr'>exspectantes,</span> <span class='ocrx_word' id='word_1_164' title='bbox 412 1570 505 1607; x_wconf 89' lang='lat' dir='ltr'>dum</span> <span class='ocrx_word' id='word_1_165' title='bbox 537 1570 586 1607; x_wconf 86' lang='lat' dir='ltr'>ab</span> <span class='ocrx_word' id='word_1_166' title='bbox 620 1570 804 1608; x_wconf 83' lang='lat' dir='ltr'>hostibus</span> <span class='ocrx_word' id='word_1_167' title='bbox 843 1571 958 1621; x_wconf 90' lang='lat' dir='ltr'>prius</span> <span class='ocrx_word' id='word_1_168' title='bbox 988 1571 1180 1621; x_wconf 81' lang='lat' dir='ltr'>impetus,</span> <span class='ocrx_word' id='word_1_169' title='bbox 1219 1572 1331 1621; x_wconf 89' lang='lat' dir='ltr'>prius</span> <span class='ocrx_word' id='word_1_170' title='bbox 1371 1572 1521 1609; x_wconf 83' lang='lat' dir='ltr'>elamor</span> 
     </span>
     <span class='ocr_line' id='line_1_21' title="bbox 85 1638 1562 1690; baseline 0.002 -15"><span class='ocrx_word' id='word_1_171' title='bbox 85 1638 292 1688; x_wconf 85' lang='lat' dir='ltr'>inciperet.</span> <span class='ocrx_word' id='word_1_172' title='bbox 365 1638 528 1676; x_wconf 83' lang='lat' dir='ltr'>Neutris</span> <span class='ocrx_word' id='word_1_173' title='bbox 575 1639 728 1676; x_wconf 82' lang='lat' dir='ltr'>animus</span> <span class='ocrx_word' id='word_1_174' title='bbox 775 1643 834 1676; x_wconf 89' lang='lat' dir='ltr'>est</span> <span class='ocrx_word' id='word_1_175' title='bbox 871 1640 922 1677; x_wconf 87' lang='lat' dir='ltr'>ad</span> <span class='ocrx_word' id='word_1_176' title='bbox 967 1641 1244 1689; x_wconf 86' lang='lat' dir='ltr'>pugnandum,</span> <span class='ocrx_word' id='word_1_177' title='bbox 1291 1640 1520 1690; x_wconf 78' lang='lat' dir='ltr'>diversique</span> <span class='ocrx_word' id='word_1_178' title='bbox 1539 1641 1562 1678; x_wconf 87' lang='lat'><strong>3</strong></span> 
     </span>
     <span class='ocr_line' id='line_1_22' title="bbox 84 1706 1522 1757; baseline 0.002 -14"><span class='ocrx_word' id='word_1_179' title='bbox 84 1707 234 1757; x_wconf 87' lang='lat' dir='ltr'>integri</span> <span class='ocrx_word' id='word_1_180' title='bbox 266 1710 384 1756; x_wconf 90' lang='lat' dir='ltr'>atque</span> <span class='ocrx_word' id='word_1_181' title='bbox 415 1707 557 1744; x_wconf 86' lang='lat' dir='ltr'>intacti</span> <span class='ocrx_word' id='word_1_182' title='bbox 589 1706 787 1754; x_wconf 86' lang='lat' dir='ltr'>abissent,</span> <span class='ocrx_word' id='word_1_183' title='bbox 819 1708 860 1745; x_wconf 88' lang='lat' dir='ltr'>ni</span> <span class='ocrx_word' id='word_1_184' title='bbox 892 1707 1046 1746; x_wconf 86' lang='lat' dir='ltr'>cedenti</span> <span class='ocrx_word' id='word_1_185' title='bbox 1077 1709 1318 1746; x_wconf 86' lang='lat' dir='ltr'>instaturum</span> <span class='ocrx_word' id='word_1_186' title='bbox 1349 1709 1522 1746; x_wconf 80' lang='lat' dir='ltr'>alterum</span> 
     </span>
     <span class='ocr_line' id='line_1_23' title="bbox 82 1773 1522 1826; baseline 0.001 -14"><span class='ocrx_word' id='word_1_187' title='bbox 82 1775 322 1813; x_wconf 81' lang='lat' dir='ltr'>timuissent.</span> <span class='ocrx_word' id='word_1_188' title='bbox 384 1773 465 1813; x_wconf 90' lang='lat' dir='ltr'>Sua</span> <span class='ocrx_word' id='word_1_189' title='bbox 495 1779 637 1825; x_wconf 88' lang='lat' dir='ltr'>sponte</span> <span class='ocrx_word' id='word_1_190' title='bbox 668 1776 775 1813; x_wconf 90' lang='lat' dir='ltr'>inter</span> <span class='ocrx_word' id='word_1_191' title='bbox 801 1777 946 1815; x_wconf 87' lang='lat' dir='ltr'>invitos</span> <span class='ocrx_word' id='word_1_192' title='bbox 970 1776 1364 1826; x_wconf 83' lang='lat' dir='ltr'>tergiversantesque</span> <span class='ocrx_word' id='word_1_193' title='bbox 1390 1777 1522 1826; x_wconf 85' lang='lat' dir='ltr'>segnis</span> 
     </span>
     <span class='ocr_line' id='line_1_24' title="bbox 83 1843 1520 1895; baseline 0.001 -15"><span class='ocrx_word' id='word_1_194' title='bbox 83 1857 232 1894; x_wconf 84' lang='lat' dir='ltr'>pugna,</span> <span class='ocrx_word' id='word_1_195' title='bbox 277 1843 450 1881; x_wconf 82' lang='lat' dir='ltr'>clamore</span> <span class='ocrx_word' id='word_1_196' title='bbox 495 1845 648 1882; x_wconf 88' lang='lat' dir='ltr'>incerto</span> <span class='ocrx_word' id='word_1_197' title='bbox 688 1849 807 1894; x_wconf 86' lang='lat' dir='ltr'>atque</span> <span class='ocrx_word' id='word_1_198' title='bbox 846 1845 1010 1895; x_wconf 86' lang='lat' dir='ltr'>impari,</span> <span class='ocrx_word' id='word_1_199' title='bbox 1057 1846 1196 1894; x_wconf 85' lang='lat' dir='ltr'>coepit;</span> <span class='ocrx_word' id='word_1_200' title='bbox 1241 1858 1313 1882; x_wconf 92' lang='lat' dir='ltr'>nec</span> <span class='ocrx_word' id='word_1_201' title='bbox 1350 1845 1520 1893; x_wconf 84' lang='lat' dir='ltr'>vestigio</span> 
     </span>
     <span class='ocr_line' id='line_1_25' title="bbox 84 1911 1562 1962; baseline 0.001 -14"><span class='ocrx_word' id='word_1_202' title='bbox 84 1912 297 1962; x_wconf 84' lang='lat' dir='ltr'>quisquam</span> <span class='ocrx_word' id='word_1_203' title='bbox 328 1911 575 1949; x_wconf 87' lang='lat' dir='ltr'>movebatur.</span> <span class='ocrx_word' id='word_1_204' title='bbox 636 1911 738 1949; x_wconf 88' lang='lat' dir='ltr'>Tum</span> <span class='ocrx_word' id='word_1_205' title='bbox 778 1913 915 1950; x_wconf 88' lang='lat' dir='ltr'>consul</span> <span class='ocrx_word' id='word_1_206' title='bbox 946 1913 1170 1958; x_wconf 83' lang='lat' dir='ltr'>Romanus,</span> <span class='ocrx_word' id='word_1_207' title='bbox 1209 1917 1253 1950; x_wconf 90' lang='lat' dir='ltr'>ut</span> <span class='ocrx_word' id='word_1_208' title='bbox 1292 1927 1375 1950; x_wconf 89' lang='lat' dir='ltr'>rem</span> <span class='ocrx_word' id='word_1_209' title='bbox 1417 1913 1562 1951; x_wconf 65' lang='lat' dir='ltr'>emi-4</span> 
     </span>
     <span class='ocr_line' id='line_1_26' title="bbox 80 1980 1522 2031; baseline 0.001 -13"><span class='ocrx_word' id='word_1_210' title='bbox 80 1983 198 2027; x_wconf 79' lang='lat' dir='ltr'>taret,</span> <span class='ocrx_word' id='word_1_211' title='bbox 230 1980 409 2029; x_wconf 88' lang='lat' dir='ltr'>equitum</span> <span class='ocrx_word' id='word_1_212' title='bbox 440 1993 586 2028; x_wconf 87' lang='lat' dir='ltr'>paucas</span> <span class='ocrx_word' id='word_1_213' title='bbox 609 1984 763 2018; x_wconf 87' lang='lat' dir='ltr'>turmas</span> <span class='ocrx_word' id='word_1_214' title='bbox 789 1984 899 2018; x_wconf 79' lang='lat' dir='ltr'>extra</span> <span class='ocrx_word' id='word_1_215' title='bbox 925 1981 1105 2018; x_wconf 87' lang='lat' dir='ltr'>ordinem</span> <span class='ocrx_word' id='word_1_216' title='bbox 1137 1981 1320 2027; x_wconf 69' lang='lat' dir='ltr'>immisit,</span> <span class='ocrx_word' id='word_1_217' title='bbox 1351 1995 1522 2031; x_wconf 93' lang='lat' dir='ltr'>quorum</span> 
     </span>
     <span class='ocr_line' id='line_1_27' title="bbox 83 2047 1519 2105; baseline 0.001 -19"><span class='ocrx_word' id='word_1_218' title='bbox 83 2062 205 2099; x_wconf 86' lang='lat' dir='ltr'>quum</span> <span class='ocrx_word' id='word_1_219' title='bbox 235 2048 419 2098; x_wconf 89' lang='lat' dir='ltr'>plerique</span> <span class='ocrx_word' id='word_1_220' title='bbox 449 2047 604 2098; x_wconf 88' lang='lat' dir='ltr'>delapsi</span> <span class='ocrx_word' id='word_1_221' title='bbox 637 2062 683 2086; x_wconf 81' lang='lat' dir='ltr'>ex</span> <span class='ocrx_word' id='word_1_222' title='bbox 716 2049 828 2098; x_wconf 91' lang='lat' dir='ltr'>equis</span> <span class='ocrx_word' id='word_1_223' title='bbox 860 2053 989 2086; x_wconf 82' lang='lat' dir='ltr'>essent</span> <span class='ocrx_word' id='word_1_224' title='bbox 1027 2053 1066 2086; x_wconf 87' lang='lat' dir='ltr'>et</span> <span class='ocrx_word' id='word_1_225' title='bbox 1104 2049 1177 2087; x_wconf 89' lang='lat' dir='ltr'>alii</span> <span class='ocrx_word' id='word_1_226' title='bbox 1206 2050 1380 2097; x_wconf 86' lang='lat' dir='ltr'>turbati,</span> <span class='ocrx_word' id='word_1_227' title='bbox 1421 2055 1460 2105; x_wconf 80' lang='lat' dir='ltr'>et</span> <span class='ocrx_word' id='word_1_228' title='bbox 1497 2064 1519 2088; x_wconf 89' lang='lat' dir='ltr'>a</span> 
     </span>
     <span class='ocr_line' id='line_1_28' title="bbox 81 2116 1520 2168; baseline 0.001 -12"><span class='ocrx_word' id='word_1_229' title='bbox 81 2116 323 2156; x_wconf 80' lang='lat' dir='ltr'>Samnitium</span> <span class='ocrx_word' id='word_1_230' title='bbox 354 2117 437 2155; x_wconf 88' lang='lat' dir='ltr'>acie</span> <span class='ocrx_word' id='word_1_231' title='bbox 469 2116 520 2154; x_wconf 87' lang='lat' dir='ltr'>ad</span> <span class='ocrx_word' id='word_1_232' title='bbox 552 2116 835 2166; x_wconf 89' lang='lat' dir='ltr'>opprimendos</span> <span class='ocrx_word' id='word_1_233' title='bbox 867 2130 951 2163; x_wconf 80' lang='lat' dir='ltr'>eos,</span> <span class='ocrx_word' id='word_1_234' title='bbox 997 2118 1065 2168; x_wconf 89' lang='lat' dir='ltr'>qui</span> <span class='ocrx_word' id='word_1_235' title='bbox 1107 2118 1354 2167; x_wconf 86' lang='lat' dir='ltr'>ceciderant,</span> <span class='ocrx_word' id='word_1_236' title='bbox 1399 2123 1439 2157; x_wconf 92' lang='lat' dir='ltr'>et</span> <span class='ocrx_word' id='word_1_237' title='bbox 1469 2120 1520 2157; x_wconf 90' lang='lat' dir='ltr'>ad</span> 
     </span>
     <span class='ocr_line' id='line_1_29' title="bbox 80 2185 1561 2238; baseline 0.001 -14"><span class='ocrx_word' id='word_1_238' title='bbox 80 2199 172 2224; x_wconf 89' lang='lat' dir='ltr'>suos</span> <span class='ocrx_word' id='word_1_239' title='bbox 215 2186 386 2223; x_wconf 88' lang='lat' dir='ltr'>tuendos</span> <span class='ocrx_word' id='word_1_240' title='bbox 439 2185 488 2222; x_wconf 91' lang='lat' dir='ltr'>ab</span> <span class='ocrx_word' id='word_1_241' title='bbox 534 2185 727 2222; x_wconf 76' lang='lat' dir='ltr'>Romanis</span> <span class='ocrx_word' id='word_1_242' title='bbox 778 2199 1010 2235; x_wconf 85' lang='lat' dir='ltr'>procursum</span> <span class='ocrx_word' id='word_1_243' title='bbox 1063 2191 1132 2225; x_wconf 85' lang='lat' dir='ltr'>est.</span> <span class='ocrx_word' id='word_1_244' title='bbox 1204 2187 1306 2225; x_wconf 85' lang='lat' dir='ltr'>Inde</span> <span class='ocrx_word' id='word_1_245' title='bbox 1351 2188 1517 2238; x_wconf 89' lang='lat' dir='ltr'>paulum</span> <span class='ocrx_word' id='word_1_246' title='bbox 1538 2188 1561 2225; x_wconf 84' lang='lat'>5</span> 
     </span>
     <span class='ocr_line' id='line_1_30' title="bbox 79 2255 1519 2306; baseline 0.001 -13"><span class='ocrx_word' id='word_1_247' title='bbox 79 2255 241 2293; x_wconf 79' lang='lat' dir='ltr'>irritata</span> <span class='ocrx_word' id='word_1_248' title='bbox 271 2267 407 2304; x_wconf 90' lang='lat' dir='ltr'>pugna</span> <span class='ocrx_word' id='word_1_249' title='bbox 438 2258 516 2299; x_wconf 75' lang='lat' dir='ltr'>est7.</span> <span class='ocrx_word' id='word_1_250' title='bbox 547 2255 616 2292; x_wconf 86' lang='lat' dir='ltr'>sed</span> <span class='ocrx_word' id='word_1_251' title='bbox 647 2255 856 2304; x_wconf 85' lang='lat' dir='ltr'>aliquanto</span> <span class='ocrx_word' id='word_1_252' title='bbox 889 2258 928 2293; x_wconf 89' lang='lat' dir='ltr'>et</span> <span class='ocrx_word' id='word_1_253' title='bbox 958 2256 1129 2305; x_wconf 86' lang='lat' dir='ltr'>impigre</span> <span class='ocrx_word' id='word_1_254' title='bbox 1160 2257 1286 2305; x_wconf 86' lang='lat' dir='ltr'>magis</span> <span class='ocrx_word' id='word_1_255' title='bbox 1318 2260 1357 2294; x_wconf 89' lang='lat' dir='ltr'>et</span> <span class='ocrx_word' id='word_1_256' title='bbox 1384 2257 1519 2306; x_wconf 85' lang='lat' dir='ltr'>plures</span> 
     </span>
     <span class='ocr_line' id='line_1_31' title="bbox 78 2322 1521 2374; baseline 0 -12"><span class='ocrx_word' id='word_1_257' title='bbox 78 2327 364 2374; x_wconf 87' lang='lat' dir='ltr'>procurrerant</span> <span class='ocrx_word' id='word_1_258' title='bbox 395 2322 606 2363; x_wconf 84' lang='lat' dir='ltr'>Samnites.</span> <span class='ocrx_word' id='word_1_259' title='bbox 655 2327 693 2360; x_wconf 92' lang='lat' dir='ltr'>et</span> <span class='ocrx_word' id='word_1_260' title='bbox 740 2323 925 2361; x_wconf 85' lang='lat' dir='ltr'>turbatus</span> <span class='ocrx_word' id='word_1_261' title='bbox 964 2337 1083 2373; x_wconf 88' lang='lat' dir='ltr'>eques</span> <span class='ocrx_word' id='word_1_262' title='bbox 1122 2337 1193 2362; x_wconf 87' lang='lat' dir='ltr'>sua</span> <span class='ocrx_word' id='word_1_263' title='bbox 1224 2324 1308 2374; x_wconf 90' lang='lat' dir='ltr'>ipse</span> <span class='ocrx_word' id='word_1_264' title='bbox 1340 2325 1521 2363; x_wconf 83' lang='lat' dir='ltr'>subsidia</span> 
     </span>
     <span class='ocr_line' id='line_1_32' title="bbox 78 2391 1521 2442; baseline 0.001 -12"><span class='ocrx_word' id='word_1_265' title='bbox 78 2391 231 2430; x_wconf 86' lang='lat' dir='ltr'>territis</span> <span class='ocrx_word' id='word_1_266' title='bbox 247 2392 359 2442; x_wconf 90' lang='lat' dir='ltr'>equis</span> <span class='ocrx_word' id='word_1_267' title='bbox 376 2391 637 2441; x_wconf 83' lang='lat' dir='ltr'>proculcavit.</span> <span class='ocrx_word' id='word_1_268' title='bbox 670 2391 780 2429; x_wconf 85' lang='lat' dir='ltr'>Hinc</span> <span class='ocrx_word' id='word_1_269' title='bbox 798 2393 893 2441; x_wconf 77' lang='lat' dir='ltr'>fuga</span> <span class='ocrx_word' id='word_1_270' title='bbox 920 2395 1048 2442; x_wconf 70' lang='lat' dir='ltr'>coepta</span> <span class='ocrx_word' id='word_1_271' title='bbox 1071 2396 1193 2430; x_wconf 86' lang='lat' dir='ltr'>totam</span> <span class='ocrx_word' id='word_1_272' title='bbox 1219 2394 1365 2431; x_wconf 84' lang='lat' dir='ltr'>avertit</span> <span class='ocrx_word' id='word_1_273' title='bbox 1392 2394 1521 2431; x_wconf 85' lang='lat' dir='ltr'>aciem</span> 
     </span>
     <span class='ocr_line' id='line_1_33' title="bbox 77 2459 1554 2511; baseline 0 -12"><span class='ocrx_word' id='word_1_274' title='bbox 77 2460 320 2505; x_wconf 83' lang='lat' dir='ltr'>Romanam;</span> <span class='ocrx_word' id='word_1_275' title='bbox 361 2460 516 2509; x_wconf 84' lang='lat' dir='ltr'>iamque</span> <span class='ocrx_word' id='word_1_276' title='bbox 549 2460 589 2496; x_wconf 91' lang='lat' dir='ltr'>in</span> <span class='ocrx_word' id='word_1_277' title='bbox 619 2462 733 2509; x_wconf 85' lang='lat' dir='ltr'>terga</span> <span class='ocrx_word' id='word_1_278' title='bbox 764 2461 1003 2509; x_wconf 79' lang='lat' dir='ltr'>fugientium</span> <span class='ocrx_word' id='word_1_279' title='bbox 1035 2459 1231 2498; x_wconf 79' lang='lat' dir='ltr'>Samnites</span> <span class='ocrx_word' id='word_1_280' title='bbox 1262 2463 1508 2511; x_wconf 83' lang='lat' dir='ltr'>pugnabant,</span> <span class='ocrx_word' id='word_1_281' title='bbox 1532 2463 1554 2499; x_wconf 86' lang='grc'>6</span> 
     </span>
     <span class='ocr_line' id='line_1_34' title="bbox 81 2529 1520 2579; baseline 0 -13"><span class='ocrx_word' id='word_1_282' title='bbox 81 2542 203 2579; x_wconf 88' lang='lat' dir='ltr'>quum</span> <span class='ocrx_word' id='word_1_283' title='bbox 219 2529 357 2566; x_wconf 88' lang='lat' dir='ltr'>consul</span> <span class='ocrx_word' id='word_1_284' title='bbox 376 2542 477 2578; x_wconf 90' lang='lat' dir='ltr'>equo</span> <span class='ocrx_word' id='word_1_285' title='bbox 503 2533 728 2578; x_wconf 80' lang='lat' dir='ltr'>praevectus</span> <span class='ocrx_word' id='word_1_286' title='bbox 753 2529 804 2566; x_wconf 86' lang='lat' dir='ltr'>ad</span> <span class='ocrx_word' id='word_1_287' title='bbox 830 2534 986 2579; x_wconf 82' lang='lat' dir='ltr'>portam</span> <span class='ocrx_word' id='word_1_288' title='bbox 1011 2534 1244 2570; x_wconf 77' lang='lat' dir='ltr'>castrorum.</span> <span class='ocrx_word' id='word_1_289' title='bbox 1277 2544 1321 2568; x_wconf 85' lang='lat' dir='ltr'>ac</span> <span class='ocrx_word' id='word_1_290' title='bbox 1346 2531 1520 2567; x_wconf 77' lang='lat' dir='ltr'>statione</span> 
     </span>
     <span class='ocr_line' id='line_1_35' title="bbox 79 2596 1560 2647; baseline 0 -13"><span class='ocrx_word' id='word_1_291' title='bbox 79 2598 256 2647; x_wconf 87' lang='lat' dir='ltr'>equitum</span> <span class='ocrx_word' id='word_1_292' title='bbox 278 2598 333 2635; x_wconf 89' lang='lat' dir='ltr'>ibi</span> <span class='ocrx_word' id='word_1_293' title='bbox 352 2597 537 2647; x_wconf 85' lang='lat' dir='ltr'>opposita</span> <span class='ocrx_word' id='word_1_294' title='bbox 572 2596 803 2646; x_wconf 84' lang='lat' dir='ltr'>edictoque.</span> <span class='ocrx_word' id='word_1_295' title='bbox 831 2601 894 2643; x_wconf 79' lang='lat' dir='ltr'>ut,</span> <span class='ocrx_word' id='word_1_296' title='bbox 920 2598 1147 2647; x_wconf 89' lang='lat' dir='ltr'>quicunque</span> <span class='ocrx_word' id='word_1_297' title='bbox 1175 2599 1224 2636; x_wconf 82' lang='lat' dir='ltr'>ad</span> <span class='ocrx_word' id='word_1_298' title='bbox 1251 2598 1398 2636; x_wconf 83' lang='lat' dir='ltr'>vallum</span> <span class='ocrx_word' id='word_1_299' title='bbox 1432 2602 1517 2636; x_wconf 87' lang='lat' dir='ltr'>ten·</span> <span class='ocrx_word' id='word_1_300' title='bbox 1539 2599 1560 2634; x_wconf 89' lang='grc'>7</span> 
     </span>
     <span class='ocr_line' id='line_1_36' title="bbox 79 2665 1518 2715; baseline 0.001 -13"><span class='ocrx_word' id='word_1_301' title='bbox 79 2665 202 2713; x_wconf 87' lang='lat' dir='ltr'>deret,</span> <span class='ocrx_word' id='word_1_302' title='bbox 233 2666 316 2704; x_wconf 87' lang='lat' dir='ltr'>sive</span> <span class='ocrx_word' id='word_1_303' title='bbox 349 2666 418 2703; x_wconf 84' lang='lat' dir='ltr'>ille</span> <span class='ocrx_word' id='word_1_304' title='bbox 435 2665 643 2704; x_wconf 85' lang='lat' dir='ltr'>Romanus</span> <span class='ocrx_word' id='word_1_305' title='bbox 670 2666 750 2703; x_wconf 82' lang='lat' dir='ltr'>sive</span> <span class='ocrx_word' id='word_1_306' title='bbox 769 2665 926 2703; x_wconf 84' lang='lat' dir='ltr'>Samnis</span> <span class='ocrx_word' id='word_1_307' title='bbox 952 2672 1064 2711; x_wconf 82' lang='lat' dir='ltr'>esset,</span> <span class='ocrx_word' id='word_1_308' title='bbox 1095 2680 1166 2715; x_wconf 90' lang='lat' dir='ltr'>pro</span> <span class='ocrx_word' id='word_1_309' title='bbox 1183 2667 1294 2704; x_wconf 84' lang='lat' dir='ltr'>hoste</span> <span class='ocrx_word' id='word_1_310' title='bbox 1312 2666 1518 2712; x_wconf 85' lang='lat' dir='ltr'>haberent,</span> 
     </span>
    </p>
   </div>
  </div>
 </body>
</html>
