1821 2928
251 163 304 200 54
879 156 993 191 Liber
1018 158 1045 189 Ι.

249 287 416 324 vertisse
462 284 709 334 superbiam,
757 286 795 320 et
842 283 1059 321 liberorum
1106 295 1264 332 quoque
1310 295 1397 319 eum
1442 279 1683 330 frequentiae

249 358 409 405 taedere.
441 360 497 403 ut,
530 368 648 404 quam
679 354 720 391 in
753 354 864 392 curia
894 354 1155 392 solit-udinem
1186 354 1337 399 fecerit,
1385 353 1491 391 domi
1522 362 1683 401 quoque

251 429 382 474 faciat,
427 440 475 464 ne
508 439 627 476 quam
658 426 832 476 stirpem,
879 439 927 463 ne
959 439 1075 475 quem
1106 425 1291 463 heredem
1322 425 1436 474 regni
1466 423 1682 472 relinquat.

211 500 233 535 7
254 498 304 537 Se
336 498 496 548 quidem
529 498 636 536 inter
666 497 747 534 tela
778 500 816 535 et
846 497 1003 546 gladios
1034 497 1161 546 patris
1193 497 1371 546 elapsum
1394 495 1501 533 nihil
1516 505 1683 543 usquam

253 570 329 608 sibi
361 573 491 607 tutum
522 569 598 606 nisi
629 568 735 618 apud
766 569 900 606 hostes
918 568 962 605 L.
980 568 1194 617 Tarquinii
1225 567 1454 605 credidisse.
1499 564 1603 604 Nam
1634 576 1686 601 ne

253 644 445 687 errarent,
479 653 636 678 manere
669 640 720 678 iis
750 640 913 687 bellum,
952 639 1058 689 quod
1088 640 1260 689 positum
1292 639 1513 684 simuletur,
1544 639 1584 674 et
1613 647 1686 686 per

213 713 238 750 8
257 712 505 750 occasionem
530 725 618 749 eum
643 711 822 749 incautos
848 712 1087 749 invasurum.
1133 710 1251 758 Quod
1269 710 1302 748 si
1327 709 1434 760 apud
1453 721 1518 746 eos
1535 706 1687 756 suppli·

257 784 367 821 cibus
403 783 515 821 locus
538 796 617 820 non
646 784 709 830 sit,
733 786 1033 833 pererraturum
1059 795 1099 820 se
1116 795 1230 820 omne
1247 781 1420 829 Latium,
1439 779 1689 827 Volscosque

253 855 328 905 [se]
347 855 441 892 inde
459 857 499 891 et
509 854 663 904 AEquos
682 854 927 892 etHernicos
944 853 1311 904 petiturum,d0nec
1328 852 1379 890 ad
1391 865 1457 890 eos
1466 849 1690 901 perveniat,

256 927 325 976 qui
358 940 381 963 a
412 929 571 976 patrum
603 925 832 963 crudelibus
864 929 983 975 atque
1002 925 1137 975 impiis
1162 924 1372 974 suppliciis
1388 927 1523 972 tegere
1539 921 1691 958 liberos

216 998 238 1034 9
259 998 400 1037 sciant.
449 997 637 1035 Forsitan
670 997 788 1034 etiam
821 996 973 1034 ardoris
1004 996 1157 1046 aliquid
1189 995 1238 1034 ad
1269 995 1421 1032 bellum
1438 1004 1625 1041 armaque
1650 1003 1692 1028 se

259 1070 448 1108 adversus
477 1068 803 1119 superbissimum
829 1080 962 1117 regem
981 1082 1025 1106 ac
1042 1068 1329 1105 ferocissimum
1345 1065 1538 1116 populum
1556 1064 1690 1101 inven-

191 1140 242 1177 10
258 1145 404 1179 turum.
468 1141 611 1189 Quum,
647 1140 679 1176 si
710 1139 810 1176 nihil
844 1143 1105 1185 morarentur,
1144 1140 1327 1176 incensus
1358 1139 1418 1176 ira
1448 1148 1567 1187 porro
1599 1133 1694 1171 inde

261 1212 445 1249 abiturus
491 1211 707 1256 videretur,
753 1210 923 1259 benigne
969 1211 1018 1247 ab
1052 1209 1221 1248 Gabinis
1268 1209 1480 1259 excipitur.
1542 1206 1694 1244 Vetant

262 1283 411 1332 mirari,
446 1282 491 1329 si,
522 1282 653 1332 qualis
684 1282 725 1319 in
757 1282 873 1328 cives,
905 1282 1035 1331 qualis
1068 1282 1106 1318 in
1139 1282 1278 1328 socios,
1309 1281 1403 1318 talis
1435 1280 1485 1318 ad
1509 1278 1694 1316 ultimum

193 1357 240 1393 11
263 1354 303 1392 in
351 1353 502 1392 liberos
543 1357 664 1399 essem
710 1353 750 1390 in
797 1366 837 1391 se
868 1353 997 1403 ipsum
1028 1356 1226 1403 postremo
1258 1353 1501 1401 saeviturum,
1549 1350 1583 1387 si
1613 1348 1695 1387 alia

263 1426 409 1465 desint.
471 1424 559 1462 Sibi
603 1438 700 1463 vero
746 1428 904 1473 gratum
936 1425 1148 1463 adventum
1181 1425 1264 1462 eius
1296 1437 1393 1470 esse,
1438 1423 1696 1470 futurumque

264 1497 425 1534 credere
455 1496 580 1546 brevi,
612 1499 657 1534 ut
688 1496 760 1534 illo
794 1496 1006 1534 adiuvante
1033 1510 1056 1534 a
1080 1496 1208 1546 portis
1226 1495 1398 1534 Gabinis
1421 1494 1494 1532 sub
1510 1493 1694 1530 Romana

123 1568 180 1615 54
263 1568 410 1605 moenia
439 1568 591 1605 bellum
621 1568 897 1606 transferatur.
943 1567 1043 1605 Inde
1070 1569 1111 1604 in
1137 1567 1306 1605 consilia
1323 1560 1484 1616 publica
1501 1562 1696 1603 adhiberi.

261 1639 345 1677 Ubi
375 1651 495 1688 quum
523 1639 571 1676 de
596 1638 691 1676 aliis
716 1640 833 1676 rebus
851 1639 1045 1676 assentire
1063 1651 1103 1676 se
1119 1638 1322 1675 veteribus
1339 1637 1511 1675 Gabinis
1528 1635 1695 1683 diceret,

264 1711 407 1760 quibus
447 1723 502 1747 eae
544 1711 720 1748 notiores
759 1714 904 1758 essent,
946 1710 1032 1759 ipse
1064 1709 1282 1746 identidem
1312 1709 1411 1746 belli
1442 1710 1579 1746 auctor
1610 1717 1695 1743 esse

264 1786 302 1819 et
334 1782 374 1819 in
407 1795 451 1819 eo
483 1781 562 1819 sibi
594 1782 837 1832 praecipuam
852 1781 1105 1831 prudentiam
1122 1793 1336 1827 assumere,
1366 1779 1471 1830 quod
1487 1779 1697 1827 utriusque

265 1854 406 1904 populi
451 1853 557 1891 vires
601 1857 734 1891 nosset
778 1854 991 1902 sciretque,
1036 1852 1206 1889 invisam
1251 1852 1428 1902 profecto
1466 1848 1696 1900 superbiam

266 1925 415 1973 regiam
448 1924 600 1962 civibus
632 1937 727 1974 esse,
760 1937 879 1974 quam
909 1924 1014 1961 ferre
1044 1936 1094 1960 ne
1125 1923 1245 1960 liberi
1274 1922 1435 1972 quidem
1460 1921 1697 1972 potuissent.

225 1999 247 2035 2
266 1995 332 2033 Ita
357 2009 476 2045 quum
493 1996 638 2033 sensim
655 1996 705 2032 ad
722 1995 1000 2033 rebellandum
1017 1995 1211 2044 primores
1229 1993 1478 2032 Gabinorum
1496 1992 1698 2038 incitaret,

270 2067 355 2117 ipse
386 2080 474 2104 cum
505 2067 815 2117 promptissimis
847 2067 1033 2104 iuvenum
1063 2066 1285 2116 praedatum
1316 2068 1435 2114 atque
1467 2064 1507 2100 in
1538 2062 1698 2112 expedi-

268 2139 396 2175 tiones
422 2139 510 2188 iret,
544 2142 594 2187 et,
628 2138 745 2176 dictis
769 2138 963 2187 factisque
980 2137 1162 2174 omnibus
1181 2137 1230 2174 ad
1246 2135 1465 2174 fallendum
1483 2134 1701 2179 instructis,

229 2210 253 2248 3
270 2223 372 2247 vana
398 2213 640 2247 accresceret
654 2208 765 2257 fides,
790 2210 869 2248 dux
893 2209 944 2247 ad
961 2208 1147 2246 ultimum
1166 2207 1263 2245 belli
1279 2207 1438 2256 legitur.
1483 2206 1550 2244 Ibi
1566 2218 1700 2255 quum,

270 2281 399 2317 inscia
429 2281 698 2331 multitudine,
732 2282 828 2331 quid
861 2284 1057 2330 ageretur,
1089 2279 1233 2330 proelia
1255 2291 1380 2328 parva
1402 2278 1509 2315 inter
1531 2277 1700 2314 Romam

271 2350 502 2399 Gabiosque
526 2351 678 2398 fierent,
711 2353 855 2401 quibus
880 2353 1112 2402 plerumque
1130 2349 1292 2388 Gabina
1307 2363 1370 2387 res
1386 2348 1567 2398 superior
1583 2349 1699 2396 esset,

271 2427 354 2460 tum
393 2422 574 2460 certatim
613 2424 754 2460 summi
794 2423 999 2473 infimique
1032 2421 1282 2460 Gabinorum
1313 2420 1404 2460 Sex.
1438 2419 1700 2468 Tarquinium

232 2493 377 2532 4dono
411 2494 526 2531 deum
567 2493 643 2530 sibi
673 2494 834 2530 missum
875 2495 1013 2531 ducem
1046 2493 1216 2530 credere.
1276 2492 1402 2542 Apud
1431 2491 1577 2528 milites
1606 2501 1702 2526 vero

275 2564 462 2603 obeundo
478 2563 659 2614 pericula
678 2576 722 2601 ac
740 2564 897 2601 labores
915 2565 1077 2613 pariter,
1102 2563 1278 2612 praedam
1297 2561 1479 2600 munifice
1495 2559 1703 2609 largiendo

272 2639 384 2673 tanta
417 2635 583 2673 caritate
615 2647 710 2681 esse,
741 2638 786 2671 ut
816 2648 895 2672 non
926 2637 1040 2684 pater
1071 2633 1316 2682 Tarquinius
1347 2632 1548 2682 potentior
1562 2631 1702 2668 Romae

229 2705 253 2743 5
272 2719 389 2755 quam
420 2705 526 2744 filius
559 2705 702 2743 Gabiis
733 2709 845 2743 esset.
904 2705 1048 2754 Itaque
1079 2708 1288 2754 postquam
1319 2704 1414 2741 satis
1444 2703 1588 2741 virium
1620 2702 1703 2739 col-
