<?xml version="1.0" encoding="UTF-8"?>
<!DOCTYPE html PUBLIC "-//W3C//DTD XHTML 1.0 Transitional//EN"
    "http://www.w3.org/TR/xhtml1/DTD/xhtml1-transitional.dtd">
<html xmlns="http://www.w3.org/1999/xhtml" xml:lang="en" lang="en">
 <head>
  <title>
</title>
<meta http-equiv="Content-Type" content="text/html;charset=utf-8" />
  <meta name='ocr-system' content='tesseract 3.04.00' />
  <meta name='ocr-capabilities' content='ocr_page ocr_carea ocr_par ocr_line ocrx_word'/>
</head>
<body>
  <div class='ocr_page' id='page_1' title='image "./historiarumroman01livyuoft_0316.png"; bbox 0 0 1821 2928; ppageno 0'>
   <div class='ocr_carea' id='block_1_1' title="bbox 327 137 1313 183">
    <p class='ocr_par' dir='ltr' id='par_1_1' title="bbox 327 137 1313 183">
     <span class='ocr_line' id='line_1_1' title="bbox 327 137 1313 183; baseline -0.005 -4"><span class='ocrx_word' id='word_1_1' title='bbox 327 141 411 179; x_wconf 81' lang='grc'>290</span> <span class='ocrx_word' id='word_1_2' title='bbox 778 137 893 173; x_wconf 89' lang='lat' dir='ltr'>Liber</span> <span class='ocrx_word' id='word_1_3' title='bbox 918 137 963 172; x_wconf 90' lang='lat' dir='ltr'>V.</span> <span class='ocrx_word' id='word_1_4' title='bbox 1014 140 1076 183; x_wconf 90' lang='lat' dir='ltr'>(A.</span> <span class='ocrx_word' id='word_1_5' title='bbox 1100 151 1138 173; x_wconf 92' lang='lat' dir='ltr'>u.</span> <span class='ocrx_word' id='word_1_6' title='bbox 1164 151 1191 174; x_wconf 89' lang='lat' dir='ltr'>c.</span> <span class='ocrx_word' id='word_1_7' title='bbox 1218 141 1313 183; x_wconf 83' lang='lat'><strong>363.)</strong></span> 
     </span>
    </p>
   </div>
   <div class='ocr_carea' id='block_1_2' title="bbox 209 265 1768 2323">
    <p class='ocr_par' dir='ltr' id='par_1_2' title="bbox 327 265 1765 460">
     <span class='ocr_line' id='line_1_2' title="bbox 327 265 1764 314; baseline 0.001 -11"><span class='ocrx_word' id='word_1_8' title='bbox 327 265 463 304; x_wconf 85' lang='lat' dir='ltr'>vinum</span> <span class='ocrx_word' id='word_1_9' title='bbox 510 265 729 302; x_wconf 69' lang='lat' dir='ltr'>illiciendae</span> <span class='ocrx_word' id='word_1_10' title='bbox 770 265 898 314; x_wconf 88' lang='lat' dir='ltr'>gentis</span> <span class='ocrx_word' id='word_1_11' title='bbox 938 278 1055 303; x_wconf 83' lang='lat' dir='ltr'>causa</span> <span class='ocrx_word' id='word_1_12' title='bbox 1086 265 1305 304; x_wconf 83' lang='lat' dir='ltr'>Arruntem</span> <span class='ocrx_word' id='word_1_13' title='bbox 1339 266 1545 305; x_wconf 84' lang='lat' dir='ltr'>Clusinum</span> <span class='ocrx_word' id='word_1_14' title='bbox 1586 267 1648 305; x_wconf 86' lang='lat' dir='ltr'>ira</span> <span class='ocrx_word' id='word_1_15' title='bbox 1678 280 1764 305; x_wconf 88' lang='lat' dir='ltr'>cor-</span> 
     </span>
     <span class='ocr_line' id='line_1_3' title="bbox 328 337 1765 389; baseline 0.003 -16"><span class='ocrx_word' id='word_1_16' title='bbox 328 341 455 387; x_wconf 77' lang='lat' dir='ltr'>ruptae</span> <span class='ocrx_word' id='word_1_17' title='bbox 487 337 625 374; x_wconf 86' lang='lat' dir='ltr'>uxoris</span> <span class='ocrx_word' id='word_1_18' title='bbox 657 337 706 374; x_wconf 88' lang='lat' dir='ltr'>ab</span> <span class='ocrx_word' id='word_1_19' title='bbox 723 337 966 383; x_wconf 83' lang='lat' dir='ltr'>Lucumone,</span> <span class='ocrx_word' id='word_1_20' title='bbox 998 337 1061 374; x_wconf 84' lang='lat' dir='ltr'>cui</span> <span class='ocrx_word' id='word_1_21' title='bbox 1093 340 1202 375; x_wconf 89' lang='lat' dir='ltr'>tutor</span> <span class='ocrx_word' id='word_1_22' title='bbox 1235 339 1320 388; x_wconf 87' lang='lat' dir='ltr'>ipse</span> <span class='ocrx_word' id='word_1_23' title='bbox 1345 339 1487 386; x_wconf 85' lang='lat' dir='ltr'>fuerat,</span> <span class='ocrx_word' id='word_1_24' title='bbox 1516 341 1765 389; x_wconf 87' lang='lat' dir='ltr'>praepotente</span> 
     </span>
     <span class='ocr_line' id='line_1_4' title="bbox 330 409 1763 460; baseline 0.003 -15"><span class='ocrx_word' id='word_1_25' title='bbox 330 409 471 446; x_wconf 83' lang='lat' dir='ltr'>iuvene</span> <span class='ocrx_word' id='word_1_26' title='bbox 503 412 541 445; x_wconf 83' lang='lat' dir='ltr'>et</span> <span class='ocrx_word' id='word_1_27' title='bbox 573 422 595 445; x_wconf 90' lang='lat' dir='ltr'>a</span> <span class='ocrx_word' id='word_1_28' title='bbox 626 422 703 458; x_wconf 93' lang='lat' dir='ltr'>quo</span> <span class='ocrx_word' id='word_1_29' title='bbox 736 409 868 458; x_wconf 89' lang='lat' dir='ltr'>expeti</span> <span class='ocrx_word' id='word_1_30' title='bbox 899 421 1038 458; x_wconf 84' lang='lat' dir='ltr'>poenae,</span> <span class='ocrx_word' id='word_1_31' title='bbox 1069 409 1146 446; x_wconf 91' lang='lat' dir='ltr'>nisi</span> <span class='ocrx_word' id='word_1_32' title='bbox 1178 413 1342 447; x_wconf 84' lang='lat' dir='ltr'>externa</span> <span class='ocrx_word' id='word_1_33' title='bbox 1371 411 1431 448; x_wconf 90' lang='lat' dir='ltr'>vis</span> <span class='ocrx_word' id='word_1_34' title='bbox 1455 411 1623 460; x_wconf 85' lang='lat' dir='ltr'>quaesita</span> <span class='ocrx_word' id='word_1_35' title='bbox 1649 414 1763 457; x_wconf 87' lang='lat' dir='ltr'>esset,</span> 
     </span>
    </p>

    <p class='ocr_par' dir='ltr' id='par_1_3' title="bbox 287 480 1762 602">
     <span class='ocr_line' id='line_1_5' title="bbox 287 480 1762 532; baseline 0.003 -16"><span class='ocrx_word' id='word_1_36' title='bbox 287 482 311 516; x_wconf 79' lang='lat'>4</span> <span class='ocrx_word' id='word_1_37' title='bbox 330 480 560 530; x_wconf 83' lang='lat' dir='ltr'>nequirent3</span> <span class='ocrx_word' id='word_1_38' title='bbox 591 480 695 517; x_wconf 88' lang='lat' dir='ltr'>hunc</span> <span class='ocrx_word' id='word_1_39' title='bbox 724 480 1024 518; x_wconf 86' lang='lat' dir='ltr'>transeuntibus</span> <span class='ocrx_word' id='word_1_40' title='bbox 1042 481 1169 531; x_wconf 84' lang='lat' dir='ltr'><strong>Alpes</strong></span> <span class='ocrx_word' id='word_1_41' title='bbox 1201 481 1337 518; x_wconf 87' lang='lat' dir='ltr'>ducem</span> <span class='ocrx_word' id='word_1_42' title='bbox 1363 486 1644 532; x_wconf 79' lang='lat' dir='ltr'><strong>auctoremque</strong></span> <span class='ocrx_word' id='word_1_43' title='bbox 1669 482 1762 521; x_wconf 85' lang='lat' dir='ltr'>Glu-</span> 
     </span>
     <span class='ocr_line' id='line_1_6' title="bbox 329 552 1762 602; baseline 0.003 -14"><span class='ocrx_word' id='word_1_44' title='bbox 329 553 428 589; x_wconf 79' lang='lat' dir='ltr'>sium</span> <span class='ocrx_word' id='word_1_45' title='bbox 463 552 724 602; x_wconf 83' lang='lat' dir='ltr'>oppugnandi</span> <span class='ocrx_word' id='word_1_46' title='bbox 755 552 888 589; x_wconf 86' lang='lat' dir='ltr'>fuisse.</span> <span class='ocrx_word' id='word_1_47' title='bbox 949 552 1146 602; x_wconf 86' lang='lat' dir='ltr'>Equidem</span> <span class='ocrx_word' id='word_1_48' title='bbox 1187 553 1292 590; x_wconf 87' lang='lat' dir='ltr'>haud</span> <span class='ocrx_word' id='word_1_49' title='bbox 1324 554 1543 601; x_wconf 82' lang='lat' dir='ltr'>abnuerim,</span> <span class='ocrx_word' id='word_1_50' title='bbox 1583 553 1762 592; x_wconf 80' lang='lat' dir='ltr'>Clusium</span> 
     </span>
    </p>

    <p class='ocr_par' dir='ltr' id='par_1_4' title="bbox 290 623 1765 894">
     <span class='ocr_line' id='line_1_7' title="bbox 290 623 1764 673; baseline 0.003 -14"><span class='ocrx_word' id='word_1_51' title='bbox 290 624 312 658; x_wconf 71' lang='lat'><strong>5</strong></span> <span class='ocrx_word' id='word_1_52' title='bbox 333 623 473 661; x_wconf 79' lang='lat' dir='ltr'>Gallos</span> <span class='ocrx_word' id='word_1_53' title='bbox 515 624 564 660; x_wconf 89' lang='lat' dir='ltr'>ab</span> <span class='ocrx_word' id='word_1_54' title='bbox 596 623 775 661; x_wconf 79' lang='lat' dir='ltr'>Arrunte</span> <span class='ocrx_word' id='word_1_55' title='bbox 807 637 875 660; x_wconf 86' lang='lat' dir='ltr'>seu</span> <span class='ocrx_word' id='word_1_56' title='bbox 907 637 984 673; x_wconf 91' lang='lat' dir='ltr'>quo</span> <span class='ocrx_word' id='word_1_57' title='bbox 1017 625 1094 661; x_wconf 85' lang='lat' dir='ltr'>alio</span> <span class='ocrx_word' id='word_1_58' title='bbox 1128 624 1294 662; x_wconf 89' lang='lat' dir='ltr'>Clusino</span> <span class='ocrx_word' id='word_1_59' title='bbox 1327 625 1537 673; x_wconf 85' lang='lat' dir='ltr'>adductos;</span> <span class='ocrx_word' id='word_1_60' title='bbox 1584 626 1653 663; x_wconf 88' lang='lat' dir='ltr'>sed</span> <span class='ocrx_word' id='word_1_61' title='bbox 1683 639 1764 673; x_wconf 85' lang='lat' dir='ltr'>eos,</span> 
     </span>
     <span class='ocr_line' id='line_1_8' title="bbox 330 695 1765 747; baseline 0.002 -15"><span class='ocrx_word' id='word_1_62' title='bbox 330 696 400 745; x_wconf 90' lang='lat' dir='ltr'>qui</span> <span class='ocrx_word' id='word_1_63' title='bbox 432 696 753 746; x_wconf 86' lang='lat' dir='ltr'>oppugnaverint</span> <span class='ocrx_word' id='word_1_64' title='bbox 771 695 963 741; x_wconf 77' lang='lat' dir='ltr'>Clusium,</span> <span class='ocrx_word' id='word_1_65' title='bbox 994 709 1072 733; x_wconf 91' lang='lat' dir='ltr'>non</span> <span class='ocrx_word' id='word_1_66' title='bbox 1099 697 1235 743; x_wconf 87' lang='lat' dir='ltr'>fuisse,</span> <span class='ocrx_word' id='word_1_67' title='bbox 1270 697 1337 746; x_wconf 91' lang='lat' dir='ltr'>qui</span> <span class='ocrx_word' id='word_1_68' title='bbox 1354 697 1475 747; x_wconf 88' lang='lat' dir='ltr'>primi</span> <span class='ocrx_word' id='word_1_69' title='bbox 1493 697 1620 747; x_wconf 82' lang='lat' dir='ltr'>Alpes</span> <span class='ocrx_word' id='word_1_70' title='bbox 1634 701 1765 735; x_wconf 84' lang='lat' dir='ltr'>trans-</span> 
     </span>
     <span class='ocr_line' id='line_1_9' title="bbox 330 767 1763 819; baseline 0.001 -15"><span class='ocrx_word' id='word_1_71' title='bbox 330 767 462 814; x_wconf 86' lang='lat' dir='ltr'>ierint,</span> <span class='ocrx_word' id='word_1_72' title='bbox 493 768 590 805; x_wconf 86' lang='lat' dir='ltr'>satis</span> <span class='ocrx_word' id='word_1_73' title='bbox 621 771 785 804; x_wconf 86' lang='lat' dir='ltr'>constat.</span> <span class='ocrx_word' id='word_1_74' title='bbox 833 767 1031 805; x_wconf 82' lang='lat' dir='ltr'>Ducentis</span> <span class='ocrx_word' id='word_1_75' title='bbox 1064 769 1212 818; x_wconf 90' lang='lat' dir='ltr'>quippe</span> <span class='ocrx_word' id='word_1_76' title='bbox 1243 769 1356 805; x_wconf 87' lang='lat' dir='ltr'>annis</span> <span class='ocrx_word' id='word_1_77' title='bbox 1387 772 1488 815; x_wconf 88' lang='lat' dir='ltr'>ante,</span> <span class='ocrx_word' id='word_1_78' title='bbox 1521 783 1639 819; x_wconf 88' lang='lat' dir='ltr'>quam</span> <span class='ocrx_word' id='word_1_79' title='bbox 1671 769 1763 807; x_wconf 84' lang='lat' dir='ltr'>Clu-</span> 
     </span>
     <span class='ocr_line' id='line_1_10' title="bbox 330 839 1763 894; baseline 0.003 -19"><span class='ocrx_word' id='word_1_80' title='bbox 330 840 431 894; x_wconf 77' lang='lat' dir='ltr'>sium</span> <span class='ocrx_word' id='word_1_81' title='bbox 464 842 740 889; x_wconf 76' lang='lat' dir='ltr'>oppugnarent</span> <span class='ocrx_word' id='word_1_82' title='bbox 765 839 982 889; x_wconf 85' lang='lat' dir='ltr'>urbemque</span> <span class='ocrx_word' id='word_1_83' title='bbox 999 839 1166 876; x_wconf 86' lang='lat' dir='ltr'>Romam</span> <span class='ocrx_word' id='word_1_84' title='bbox 1186 843 1383 890; x_wconf 75' lang='lat' dir='ltr'>caperent,</span> <span class='ocrx_word' id='word_1_85' title='bbox 1414 841 1453 877; x_wconf 92' lang='lat' dir='ltr'>in</span> <span class='ocrx_word' id='word_1_86' title='bbox 1472 840 1632 878; x_wconf 87' lang='lat' dir='ltr'>Italiam</span> <span class='ocrx_word' id='word_1_87' title='bbox 1652 840 1763 879; x_wconf 81' lang='lat' dir='ltr'>Galli</span> 
     </span>
    </p>

    <p class='ocr_par' dir='ltr' id='par_1_5' title="bbox 290 905 1765 1464">
     <span class='ocr_line' id='line_1_11' title="bbox 290 905 1762 961; baseline 0.003 -14"><span class='ocrx_word' id='word_1_88' title='bbox 290 912 312 944; x_wconf 64' lang='lat' dir='ltr'>li</span> <span class='ocrx_word' id='word_1_89' title='bbox 333 911 680 957; x_wconf 71' lang='lat' dir='ltr'>transcenderunt3</span> <span class='ocrx_word' id='word_1_90' title='bbox 714 924 785 948; x_wconf 90' lang='lat' dir='ltr'>nec</span> <span class='ocrx_word' id='word_1_91' title='bbox 817 924 904 948; x_wconf 90' lang='lat' dir='ltr'>cum</span> <span class='ocrx_word' id='word_1_92' title='bbox 935 912 998 948; x_wconf 93' lang='lat' dir='ltr'>his</span> <span class='ocrx_word' id='word_1_93' title='bbox 1029 905 1200 961; x_wconf 82' lang='lat' dir='ltr'>primum</span> <span class='ocrx_word' id='word_1_94' title='bbox 1233 912 1506 959; x_wconf 88' lang='lat' dir='ltr'>Etruscorum,</span> <span class='ocrx_word' id='word_1_95' title='bbox 1539 913 1607 950; x_wconf 88' lang='lat' dir='ltr'>sed</span> <span class='ocrx_word' id='word_1_96' title='bbox 1637 913 1762 951; x_wconf 89' lang='lat' dir='ltr'>multo</span> 
     </span>
     <span class='ocr_line' id='line_1_12' title="bbox 329 983 1765 1034; baseline 0.003 -15"><span class='ocrx_word' id='word_1_97' title='bbox 329 987 419 1020; x_wconf 82' lang='lat' dir='ltr'>ante</span> <span class='ocrx_word' id='word_1_98' title='bbox 467 995 553 1019; x_wconf 87' lang='lat' dir='ltr'>cum</span> <span class='ocrx_word' id='word_1_99' title='bbox 599 983 660 1029; x_wconf 88' lang='lat' dir='ltr'>iis,</span> <span class='ocrx_word' id='word_1_100' title='bbox 708 983 776 1032; x_wconf 91' lang='lat' dir='ltr'>qui</span> <span class='ocrx_word' id='word_1_101' title='bbox 815 984 920 1020; x_wconf 88' lang='lat' dir='ltr'>inter</span> <span class='ocrx_word' id='word_1_102' title='bbox 958 983 1247 1033; x_wconf 86' lang='lat' dir='ltr'>Appenninum</span> <span class='ocrx_word' id='word_1_103' title='bbox 1278 983 1486 1034; x_wconf 82' lang='lat' dir='ltr'>Alpesque</span> <span class='ocrx_word' id='word_1_104' title='bbox 1524 985 1765 1033; x_wconf 76' lang='lat' dir='ltr'>incolebant,</span> 
     </span>
     <span class='ocr_line' id='line_1_13' title="bbox 294 1053 1762 1105; baseline 0.003 -15"><span class='ocrx_word' id='word_1_105' title='bbox 294 1054 436 1104; x_wconf 67' lang='lat' dir='ltr'>Vsaepe</span> <span class='ocrx_word' id='word_1_106' title='bbox 468 1055 665 1091; x_wconf 86' lang='lat' dir='ltr'>exercitus</span> <span class='ocrx_word' id='word_1_107' title='bbox 697 1053 846 1091; x_wconf 87' lang='lat' dir='ltr'>Gallici</span> <span class='ocrx_word' id='word_1_108' title='bbox 878 1069 1115 1105; x_wconf 74' lang='lat' dir='ltr'>pugnavere.</span> <span class='ocrx_word' id='word_1_109' title='bbox 1169 1055 1384 1093; x_wconf 84' lang='lat' dir='ltr'>Tuscorum</span> <span class='ocrx_word' id='word_1_110' title='bbox 1418 1059 1510 1093; x_wconf 85' lang='lat' dir='ltr'>ante</span> <span class='ocrx_word' id='word_1_111' title='bbox 1540 1056 1762 1094; x_wconf 86' lang='lat' dir='ltr'>Romanum</span> 
     </span>
     <span class='ocr_line' id='line_1_14' title="bbox 330 1126 1762 1178; baseline 0.003 -16"><span class='ocrx_word' id='word_1_112' title='bbox 330 1126 539 1175; x_wconf 86' lang='lat' dir='ltr'>imperium</span> <span class='ocrx_word' id='word_1_113' title='bbox 580 1127 660 1163; x_wconf 85' lang='lat' dir='ltr'>late</span> <span class='ocrx_word' id='word_1_114' title='bbox 691 1130 798 1163; x_wconf 84' lang='lat' dir='ltr'>terra</span> <span class='ocrx_word' id='word_1_115' title='bbox 829 1128 1009 1176; x_wconf 87' lang='lat' dir='ltr'>marique</span> <span class='ocrx_word' id='word_1_116' title='bbox 1041 1141 1134 1177; x_wconf 87' lang='lat' dir='ltr'>opes</span> <span class='ocrx_word' id='word_1_117' title='bbox 1164 1131 1339 1177; x_wconf 85' lang='lat' dir='ltr'>patuere.</span> <span class='ocrx_word' id='word_1_118' title='bbox 1388 1127 1495 1165; x_wconf 86' lang='lat' dir='ltr'>Mari</span> <span class='ocrx_word' id='word_1_119' title='bbox 1525 1141 1671 1178; x_wconf 83' lang='lat' dir='ltr'>supero</span> <span class='ocrx_word' id='word_1_120' title='bbox 1701 1128 1762 1166; x_wconf 87' lang='lat' dir='ltr'>in-</span> 
     </span>
     <span class='ocr_line' id='line_1_15' title="bbox 329 1197 1764 1250; baseline 0.003 -16"><span class='ocrx_word' id='word_1_121' title='bbox 329 1197 504 1247; x_wconf 88' lang='lat' dir='ltr'>feroque,</span> <span class='ocrx_word' id='word_1_122' title='bbox 536 1198 680 1247; x_wconf 89' lang='lat' dir='ltr'>quibus</span> <span class='ocrx_word' id='word_1_123' title='bbox 712 1198 833 1235; x_wconf 88' lang='lat' dir='ltr'>Italia</span> <span class='ocrx_word' id='word_1_124' title='bbox 866 1199 1005 1237; x_wconf 87' lang='lat' dir='ltr'>insulae</span> <span class='ocrx_word' id='word_1_125' title='bbox 1036 1200 1153 1237; x_wconf 92' lang='lat' dir='ltr'>modo</span> <span class='ocrx_word' id='word_1_126' title='bbox 1185 1200 1372 1248; x_wconf 78' lang='lat' dir='ltr'>cingitur,</span> <span class='ocrx_word' id='word_1_127' title='bbox 1404 1203 1595 1250; x_wconf 85' lang='lat' dir='ltr'>quantum</span> <span class='ocrx_word' id='word_1_128' title='bbox 1626 1203 1764 1250; x_wconf 84' lang='lat' dir='ltr'>potue·</span> 
     </span>
     <span class='ocr_line' id='line_1_16' title="bbox 290 1269 1763 1320; baseline 0.003 -15"><span class='ocrx_word' id='word_1_129' title='bbox 290 1269 423 1316; x_wconf 78' lang='lat' dir='ltr'>Srint,</span> <span class='ocrx_word' id='word_1_130' title='bbox 454 1270 615 1307; x_wconf 89' lang='lat' dir='ltr'>nomina</span> <span class='ocrx_word' id='word_1_131' title='bbox 647 1274 737 1307; x_wconf 86' lang='lat' dir='ltr'>sunt</span> <span class='ocrx_word' id='word_1_132' title='bbox 769 1275 1013 1318; x_wconf 90' lang='lat' dir='ltr'>argumento,</span> <span class='ocrx_word' id='word_1_133' title='bbox 1046 1272 1153 1320; x_wconf 89' lang='lat' dir='ltr'>quod</span> <span class='ocrx_word' id='word_1_134' title='bbox 1180 1272 1349 1309; x_wconf 88' lang='lat' dir='ltr'>alterum</span> <span class='ocrx_word' id='word_1_135' title='bbox 1364 1271 1537 1309; x_wconf 84' lang='lat' dir='ltr'>Tuscum</span> <span class='ocrx_word' id='word_1_136' title='bbox 1563 1272 1763 1310; x_wconf 83' lang='lat' dir='ltr'>communi</span> 
     </span>
     <span class='ocr_line' id='line_1_17' title="bbox 328 1341 1763 1391; baseline 0.002 -13"><span class='ocrx_word' id='word_1_137' title='bbox 328 1341 522 1379; x_wconf 84' lang='lat' dir='ltr'>vocabulo</span> <span class='ocrx_word' id='word_1_138' title='bbox 554 1342 695 1390; x_wconf 86' lang='lat' dir='ltr'>gentis,</span> <span class='ocrx_word' id='word_1_139' title='bbox 729 1342 897 1379; x_wconf 87' lang='lat' dir='ltr'>alterum</span> <span class='ocrx_word' id='word_1_140' title='bbox 916 1342 1161 1380; x_wconf 81' lang='lat' dir='ltr'>Atriaticum</span> <span class='ocrx_word' id='word_1_141' title='bbox 1188 1357 1294 1380; x_wconf 88' lang='lat' dir='ltr'>mare</span> <span class='ocrx_word' id='word_1_142' title='bbox 1315 1343 1363 1380; x_wconf 90' lang='lat' dir='ltr'>ab</span> <span class='ocrx_word' id='word_1_143' title='bbox 1380 1343 1514 1391; x_wconf 86' lang='lat' dir='ltr'>Atria,</span> <span class='ocrx_word' id='word_1_144' title='bbox 1544 1343 1763 1381; x_wconf 82' lang='lat' dir='ltr'>Tuscorum</span> 
     </span>
     <span class='ocr_line' id='line_1_18' title="bbox 330 1413 1763 1464; baseline 0.001 -13"><span class='ocrx_word' id='word_1_145' title='bbox 330 1413 498 1459; x_wconf 86' lang='lat' dir='ltr'>colonia,</span> <span class='ocrx_word' id='word_1_146' title='bbox 528 1427 719 1451; x_wconf 85' lang='lat' dir='ltr'>vocavere</span> <span class='ocrx_word' id='word_1_147' title='bbox 743 1413 896 1451; x_wconf 78' lang='lat' dir='ltr'>Italicae</span> <span class='ocrx_word' id='word_1_148' title='bbox 927 1418 1074 1463; x_wconf 85' lang='lat' dir='ltr'>gentes,</span> <span class='ocrx_word' id='word_1_149' title='bbox 1107 1413 1239 1452; x_wconf 81' lang='lat' dir='ltr'>Graeci</span> <span class='ocrx_word' id='word_1_150' title='bbox 1270 1414 1405 1452; x_wconf 88' lang='lat' dir='ltr'>eadem</span> <span class='ocrx_word' id='word_1_151' title='bbox 1423 1414 1673 1464; x_wconf 87' lang='lat' dir='ltr'>Tyrrhenum</span> <span class='ocrx_word' id='word_1_152' title='bbox 1704 1418 1763 1453; x_wconf 87' lang='lat' dir='ltr'>at-</span> 
     </span>
    </p>

    <p class='ocr_par' dir='ltr' id='par_1_6' title="bbox 209 1485 1768 2253">
     <span class='ocr_line' id='line_1_19' title="bbox 291 1485 1766 1536; baseline 0.002 -15"><span class='ocrx_word' id='word_1_153' title='bbox 291 1485 314 1520; x_wconf 87' lang='lat'>9</span> <span class='ocrx_word' id='word_1_154' title='bbox 333 1499 408 1535; x_wconf 88' lang='lat' dir='ltr'>que</span> <span class='ocrx_word' id='word_1_155' title='bbox 440 1485 696 1526; x_wconf 84' lang='lat' dir='ltr'>Adriaticum</span> <span class='ocrx_word' id='word_1_156' title='bbox 728 1490 882 1523; x_wconf 83' lang='lat' dir='ltr'>vocant.</span> <span class='ocrx_word' id='word_1_157' title='bbox 932 1486 982 1523; x_wconf 91' lang='lat' dir='ltr'>Ei</span> <span class='ocrx_word' id='word_1_158' title='bbox 1015 1487 1055 1523; x_wconf 89' lang='lat' dir='ltr'>in</span> <span class='ocrx_word' id='word_1_159' title='bbox 1086 1490 1300 1536; x_wconf 88' lang='lat' dir='ltr'>utrumque</span> <span class='ocrx_word' id='word_1_160' title='bbox 1331 1500 1438 1524; x_wconf 90' lang='lat' dir='ltr'>mare</span> <span class='ocrx_word' id='word_1_161' title='bbox 1466 1489 1676 1536; x_wconf 85' lang='lat' dir='ltr'>vergentes</span> <span class='ocrx_word' id='word_1_162' title='bbox 1706 1486 1766 1524; x_wconf 85' lang='lat' dir='ltr'>in-</span> 
     </span>
     <span class='ocr_line' id='line_1_20' title="bbox 331 1557 1765 1608; baseline 0.001 -15"><span class='ocrx_word' id='word_1_163' title='bbox 331 1557 490 1594; x_wconf 85' lang='lat' dir='ltr'>coluere</span> <span class='ocrx_word' id='word_1_164' title='bbox 521 1557 689 1594; x_wconf 82' lang='lat' dir='ltr'>urbibus</span> <span class='ocrx_word' id='word_1_165' title='bbox 722 1557 915 1595; x_wconf 88' lang='lat' dir='ltr'>duodenis</span> <span class='ocrx_word' id='word_1_166' title='bbox 941 1561 1080 1603; x_wconf 89' lang='lat' dir='ltr'>terras,</span> <span class='ocrx_word' id='word_1_167' title='bbox 1111 1559 1221 1608; x_wconf 89' lang='lat' dir='ltr'>prius</span> <span class='ocrx_word' id='word_1_168' title='bbox 1249 1558 1306 1595; x_wconf 87' lang='lat' dir='ltr'>cis</span> <span class='ocrx_word' id='word_1_169' title='bbox 1326 1558 1611 1608; x_wconf 87' lang='lat' dir='ltr'>Appenninum</span> <span class='ocrx_word' id='word_1_170' title='bbox 1637 1558 1688 1596; x_wconf 83' lang='lat' dir='ltr'>ad</span> <span class='ocrx_word' id='word_1_171' title='bbox 1705 1558 1765 1595; x_wconf 90' lang='lat' dir='ltr'>in-</span> 
     </span>
     <span class='ocr_line' id='line_1_21' title="bbox 332 1629 1767 1680; baseline 0.002 -16"><span class='ocrx_word' id='word_1_172' title='bbox 332 1629 459 1665; x_wconf 87' lang='lat' dir='ltr'>ferum</span> <span class='ocrx_word' id='word_1_173' title='bbox 492 1642 610 1674; x_wconf 83' lang='lat' dir='ltr'>mare,</span> <span class='ocrx_word' id='word_1_174' title='bbox 655 1633 794 1678; x_wconf 80' lang='lat' dir='ltr'>postea</span> <span class='ocrx_word' id='word_1_175' title='bbox 824 1633 934 1666; x_wconf 86' lang='lat' dir='ltr'>trans</span> <span class='ocrx_word' id='word_1_176' title='bbox 967 1629 1255 1679; x_wconf 90' lang='lat' dir='ltr'>Appenninum</span> <span class='ocrx_word' id='word_1_177' title='bbox 1285 1629 1464 1675; x_wconf 86' lang='lat' dir='ltr'>totidem,</span> <span class='ocrx_word' id='word_1_178' title='bbox 1504 1633 1603 1679; x_wconf 87' lang='lat' dir='ltr'>quot</span> <span class='ocrx_word' id='word_1_179' title='bbox 1633 1629 1767 1680; x_wconf 84' lang='lat' dir='ltr'>capita.</span> 
     </span>
     <span class='ocr_line' id='line_1_22' title="bbox 266 1688 1767 1751; baseline 0.001 -15"><span class='ocrx_word' id='word_1_180' title='bbox 266 1699 317 1736; x_wconf 87' lang='lat'>10</span> <span class='ocrx_word' id='word_1_181' title='bbox 335 1700 501 1748; x_wconf 87' lang='lat' dir='ltr'>originis</span> <span class='ocrx_word' id='word_1_182' title='bbox 533 1704 658 1745; x_wconf 87' lang='lat' dir='ltr'>erant,</span> <span class='ocrx_word' id='word_1_183' title='bbox 690 1701 856 1737; x_wconf 87' lang='lat' dir='ltr'>coloniis</span> <span class='ocrx_word' id='word_1_184' title='bbox 887 1701 1031 1745; x_wconf 77' lang='lat' dir='ltr'>missis,</span> <span class='ocrx_word' id='word_1_185' title='bbox 1065 1714 1152 1751; x_wconf 87' lang='lat' dir='ltr'>quae</span> <span class='ocrx_word' id='word_1_186' title='bbox 1181 1705 1292 1738; x_wconf 86' lang='lat' dir='ltr'>trans</span> <span class='ocrx_word' id='word_1_187' title='bbox 1320 1701 1474 1738; x_wconf 87' lang='lat' dir='ltr'>Padum</span> <span class='ocrx_word' id='word_1_188' title='bbox 1507 1688 1638 1738; x_wconf 84' lang='lat' dir='ltr'>omnia</span> <span class='ocrx_word' id='word_1_189' title='bbox 1667 1701 1767 1748; x_wconf 89' lang='lat' dir='ltr'>loca,</span> 
     </span>
     <span class='ocr_line' id='line_1_23' title="bbox 333 1771 1767 1822; baseline 0.001 -13"><span class='ocrx_word' id='word_1_190' title='bbox 333 1775 499 1822; x_wconf 85' lang='lat' dir='ltr'>excepto</span> <span class='ocrx_word' id='word_1_191' title='bbox 532 1771 777 1809; x_wconf 83' lang='lat' dir='ltr'>Venetorum</span> <span class='ocrx_word' id='word_1_192' title='bbox 824 1772 982 1820; x_wconf 90' lang='lat' dir='ltr'>angulo,</span> <span class='ocrx_word' id='word_1_193' title='bbox 1029 1773 1098 1822; x_wconf 91' lang='lat' dir='ltr'>qui</span> <span class='ocrx_word' id='word_1_194' title='bbox 1145 1773 1275 1809; x_wconf 89' lang='lat' dir='ltr'>sinum</span> <span class='ocrx_word' id='word_1_195' title='bbox 1318 1773 1606 1810; x_wconf 85' lang='lat' dir='ltr'>circumcolunt</span> <span class='ocrx_word' id='word_1_196' title='bbox 1635 1773 1767 1820; x_wconf 86' lang='lat' dir='ltr'>maris,</span> 
     </span>
     <span class='ocr_line' id='line_1_24' title="bbox 268 1842 1766 1895; baseline 0.002 -17"><span class='ocrx_word' id='word_1_197' title='bbox 268 1842 312 1878; x_wconf 93' lang='grc'>11</span> <span class='ocrx_word' id='word_1_198' title='bbox 334 1856 460 1893; x_wconf 86' lang='lat' dir='ltr'>usque</span> <span class='ocrx_word' id='word_1_199' title='bbox 499 1843 549 1880; x_wconf 86' lang='lat' dir='ltr'>ad</span> <span class='ocrx_word' id='word_1_200' title='bbox 581 1842 708 1893; x_wconf 86' lang='lat' dir='ltr'>Alpes</span> <span class='ocrx_word' id='word_1_201' title='bbox 747 1846 921 1881; x_wconf 89' lang='lat' dir='ltr'>tenuere.</span> <span class='ocrx_word' id='word_1_202' title='bbox 981 1843 1146 1894; x_wconf 90' lang='lat' dir='ltr'>Alpinis</span> <span class='ocrx_word' id='word_1_203' title='bbox 1178 1858 1335 1895; x_wconf 89' lang='lat' dir='ltr'>quoque</span> <span class='ocrx_word' id='word_1_204' title='bbox 1367 1858 1412 1881; x_wconf 88' lang='lat' dir='ltr'>ea</span> <span class='ocrx_word' id='word_1_205' title='bbox 1443 1844 1629 1893; x_wconf 87' lang='lat' dir='ltr'>gentibus</span> <span class='ocrx_word' id='word_1_206' title='bbox 1658 1842 1766 1881; x_wconf 81' lang='lat' dir='ltr'>haud</span> 
     </span>
     <span class='ocr_line' id='line_1_25' title="bbox 336 1915 1768 1965; baseline 0 -13"><span class='ocrx_word' id='word_1_207' title='bbox 336 1915 455 1953; x_wconf 89' lang='lat' dir='ltr'>dubie</span> <span class='ocrx_word' id='word_1_208' title='bbox 487 1915 597 1963; x_wconf 90' lang='lat' dir='ltr'>origo</span> <span class='ocrx_word' id='word_1_209' title='bbox 630 1918 698 1961; x_wconf 89' lang='lat' dir='ltr'>est,</span> <span class='ocrx_word' id='word_1_210' title='bbox 729 1915 901 1952; x_wconf 83' lang='lat' dir='ltr'>maxime</span> <span class='ocrx_word' id='word_1_211' title='bbox 924 1915 1064 1962; x_wconf 74' lang='lat' dir='ltr'>Raetis,</span> <span class='ocrx_word' id='word_1_212' title='bbox 1095 1929 1194 1965; x_wconf 91' lang='lat' dir='ltr'>quos</span> <span class='ocrx_word' id='word_1_213' title='bbox 1225 1917 1313 1954; x_wconf 86' lang='lat' dir='ltr'>loca</span> <span class='ocrx_word' id='word_1_214' title='bbox 1344 1916 1432 1965; x_wconf 81' lang='lat' dir='ltr'>ipsa</span> <span class='ocrx_word' id='word_1_215' title='bbox 1461 1915 1688 1963; x_wconf 86' lang='lat' dir='ltr'>efferarunt,</span> <span class='ocrx_word' id='word_1_216' title='bbox 1717 1928 1768 1953; x_wconf 88' lang='lat' dir='ltr'>ne</span> 
     </span>
     <span class='ocr_line' id='line_1_26' title="bbox 335 1986 1764 2037; baseline 0.001 -14"><span class='ocrx_word' id='word_1_217' title='bbox 335 1987 432 2036; x_wconf 90' lang='lat' dir='ltr'>quid</span> <span class='ocrx_word' id='word_1_218' title='bbox 463 2000 511 2023; x_wconf 86' lang='lat' dir='ltr'>ex</span> <span class='ocrx_word' id='word_1_219' title='bbox 541 1986 706 2037; x_wconf 89' lang='lat' dir='ltr'>antiquo</span> <span class='ocrx_word' id='word_1_220' title='bbox 737 1991 884 2036; x_wconf 87' lang='lat' dir='ltr'>praeter</span> <span class='ocrx_word' id='word_1_221' title='bbox 914 2001 1052 2025; x_wconf 87' lang='lat' dir='ltr'>sonum</span> <span class='ocrx_word' id='word_1_222' title='bbox 1083 1988 1242 2037; x_wconf 86' lang='lat' dir='ltr'>linguae,</span> <span class='ocrx_word' id='word_1_223' title='bbox 1274 2000 1345 2024; x_wconf 84' lang='lat' dir='ltr'>nec</span> <span class='ocrx_word' id='word_1_224' title='bbox 1373 2000 1461 2024; x_wconf 91' lang='lat' dir='ltr'>eum</span> <span class='ocrx_word' id='word_1_225' title='bbox 1477 1987 1764 2036; x_wconf 89' lang='lat' dir='ltr'>incorruptum,</span> 
     </span>
     <span class='ocr_line' id='line_1_27' title="bbox 209 2054 1767 2108; baseline 0.001 -14"><span class='ocrx_word' id='word_1_226' title='bbox 209 2054 265 2100; x_wconf 76' lang='grc'>34</span> <span class='ocrx_word' id='word_1_227' title='bbox 338 2059 567 2095; x_wconf 80' lang='lat' dir='ltr'>retinerent.</span> <span class='ocrx_word' id='word_1_228' title='bbox 614 2058 678 2095; x_wconf 89' lang='lat' dir='ltr'>De</span> <span class='ocrx_word' id='word_1_229' title='bbox 708 2060 881 2096; x_wconf 82' lang='lat' dir='ltr'>transitu</span> <span class='ocrx_word' id='word_1_230' title='bbox 913 2060 952 2096; x_wconf 89' lang='lat' dir='ltr'>in</span> <span class='ocrx_word' id='word_1_231' title='bbox 984 2059 1144 2097; x_wconf 84' lang='lat' dir='ltr'>Italiam</span> <span class='ocrx_word' id='word_1_232' title='bbox 1172 2058 1378 2097; x_wconf 84' lang='lat' dir='ltr'>Gallorum</span> <span class='ocrx_word' id='word_1_233' title='bbox 1409 2059 1492 2095; x_wconf 88' lang='lat' dir='ltr'>haec</span> <span class='ocrx_word' id='word_1_234' title='bbox 1523 2058 1767 2108; x_wconf 86' lang='lat' dir='ltr'>accepimus:</span> 
     </span>
     <span class='ocr_line' id='line_1_28' title="bbox 335 2128 1766 2181; baseline 0 -15"><span class='ocrx_word' id='word_1_235' title='bbox 335 2130 476 2167; x_wconf 86' lang='lat' dir='ltr'>Prisco</span> <span class='ocrx_word' id='word_1_236' title='bbox 509 2129 728 2179; x_wconf 87' lang='lat' dir='ltr'>Tarquinio</span> <span class='ocrx_word' id='word_1_237' title='bbox 760 2130 898 2169; x_wconf 82' lang='lat' dir='ltr'>Romae</span> <span class='ocrx_word' id='word_1_238' title='bbox 930 2134 1134 2179; x_wconf 84' lang='lat' dir='ltr'>regnante,</span> <span class='ocrx_word' id='word_1_239' title='bbox 1174 2131 1387 2176; x_wconf 87' lang='lat' dir='ltr'>Celtarum,</span> <span class='ocrx_word' id='word_1_240' title='bbox 1427 2144 1514 2181; x_wconf 84' lang='lat' dir='ltr'>quae</span> <span class='ocrx_word' id='word_1_241' title='bbox 1545 2144 1639 2180; x_wconf 85' lang='lat' dir='ltr'>pars</span> <span class='ocrx_word' id='word_1_242' title='bbox 1670 2128 1766 2167; x_wconf 84' lang='lat' dir='ltr'>Gral-</span> 
     </span>
     <span class='ocr_line' id='line_1_29' title="bbox 336 2202 1766 2253; baseline 0 -15"><span class='ocrx_word' id='word_1_243' title='bbox 336 2202 401 2238; x_wconf 86' lang='lat' dir='ltr'>liae</span> <span class='ocrx_word' id='word_1_244' title='bbox 431 2202 549 2238; x_wconf 88' lang='lat' dir='ltr'>tertia</span> <span class='ocrx_word' id='word_1_245' title='bbox 581 2206 648 2248; x_wconf 85' lang='lat' dir='ltr'>est,</span> <span class='ocrx_word' id='word_1_246' title='bbox 679 2215 798 2251; x_wconf 89' lang='lat' dir='ltr'>penes</span> <span class='ocrx_word' id='word_1_247' title='bbox 830 2203 1038 2252; x_wconf 84' lang='lat' dir='ltr'>Bituriges</span> <span class='ocrx_word' id='word_1_248' title='bbox 1069 2216 1220 2240; x_wconf 87' lang='lat' dir='ltr'>summa</span> <span class='ocrx_word' id='word_1_249' title='bbox 1251 2202 1411 2253; x_wconf 86' lang='lat' dir='ltr'>imperii</span> <span class='ocrx_word' id='word_1_250' title='bbox 1441 2202 1536 2249; x_wconf 87' lang='lat' dir='ltr'>fuit;</span> <span class='ocrx_word' id='word_1_251' title='bbox 1573 2202 1603 2238; x_wconf 86' lang='lat' dir='ltr'>ii</span> <span class='ocrx_word' id='word_1_252' title='bbox 1632 2214 1766 2250; x_wconf 86' lang='lat' dir='ltr'>regem</span> 
     </span>
    </p>

    <p class='ocr_par' dir='ltr' id='par_1_7' title="bbox 298 2272 1766 2323">
     <span class='ocr_line' id='line_1_30' title="bbox 298 2272 1766 2323; baseline 0.001 -14"><span class='ocrx_word' id='word_1_253' title='bbox 298 2272 320 2308; x_wconf 82' lang='grc'>2</span> <span class='ocrx_word' id='word_1_254' title='bbox 341 2272 493 2310; x_wconf 86' lang='lat' dir='ltr'>Celtico</span> <span class='ocrx_word' id='word_1_255' title='bbox 525 2273 683 2310; x_wconf 87' lang='lat' dir='ltr'>dabant.</span> <span class='ocrx_word' id='word_1_256' title='bbox 745 2273 988 2323; x_wconf 85' lang='lat' dir='ltr'>Ambigatus</span> <span class='ocrx_word' id='word_1_257' title='bbox 1020 2275 1052 2311; x_wconf 88' lang='lat' dir='ltr'>is</span> <span class='ocrx_word' id='word_1_258' title='bbox 1082 2275 1169 2321; x_wconf 85' lang='lat' dir='ltr'>fuit,</span> <span class='ocrx_word' id='word_1_259' title='bbox 1198 2275 1346 2312; x_wconf 80' lang='lat' dir='ltr'>virtute</span> <span class='ocrx_word' id='word_1_260' title='bbox 1376 2274 1615 2323; x_wconf 87' lang='lat' dir='ltr'>fortunaque</span> <span class='ocrx_word' id='word_1_261' title='bbox 1645 2286 1766 2323; x_wconf 89' lang='lat' dir='ltr'>quum</span> 
     </span>
    </p>
   </div>
   <div class='ocr_carea' id='block_1_3' title="bbox 338 2343 1821 2401">
    <p class='ocr_par' dir='ltr' id='par_1_8' title="bbox 338 2343 1821 2401">
     <span class='ocr_line' id='line_1_31' title="bbox 338 2343 1821 2401; baseline 0 -20"><span class='ocrx_word' id='word_1_262' title='bbox 338 2358 420 2391; x_wconf 74' lang='lat' dir='ltr'>sua,</span> <span class='ocrx_word' id='word_1_263' title='bbox 464 2348 549 2381; x_wconf 90' lang='lat' dir='ltr'>tum</span> <span class='ocrx_word' id='word_1_264' title='bbox 594 2344 755 2393; x_wconf 90' lang='lat' dir='ltr'>publica</span> <span class='ocrx_word' id='word_1_265' title='bbox 801 2346 1054 2395; x_wconf 73' lang='lat' dir='ltr'>praepollens,</span> <span class='ocrx_word' id='word_1_266' title='bbox 1100 2347 1206 2396; x_wconf 89' lang='lat' dir='ltr'>quod</span> <span class='ocrx_word' id='word_1_267' title='bbox 1248 2346 1288 2382; x_wconf 92' lang='lat' dir='ltr'>in</span> <span class='ocrx_word' id='word_1_268' title='bbox 1320 2346 1488 2395; x_wconf 89' lang='lat' dir='ltr'>imperio</span> <span class='ocrx_word' id='word_1_269' title='bbox 1519 2346 1601 2382; x_wconf 90' lang='lat' dir='ltr'>eius</span> <span class='ocrx_word' id='word_1_270' title='bbox 1632 2343 1770 2382; x_wconf 81' lang='lat' dir='ltr'>Gallia</span> <span class='ocrx_word' id='word_1_271' title='bbox 1812 2390 1821 2401; x_wconf 39' lang='grc' dir='ltr'><strong>ζ</strong></span> 
     </span>
    </p>
   </div>
   <div class='ocr_carea' id='block_1_4' title="bbox 339 2415 1821 2466">
    <p class='ocr_par' dir='ltr' id='par_1_9' title="bbox 339 2415 1821 2466">
     <span class='ocr_line' id='line_1_32' title="bbox 339 2415 1821 2466; baseline 0.001 -14"><span class='ocrx_word' id='word_1_272' title='bbox 339 2415 436 2453; x_wconf 88' lang='lat' dir='ltr'>adeo</span> <span class='ocrx_word' id='word_1_273' title='bbox 468 2417 627 2465; x_wconf 87' lang='lat' dir='ltr'>frugum</span> <span class='ocrx_word' id='word_1_274' title='bbox 658 2415 940 2466; x_wconf 89' lang='lat' dir='ltr'>hominumque</span> <span class='ocrx_word' id='word_1_275' title='bbox 972 2418 1114 2455; x_wconf 86' lang='lat' dir='ltr'>fertilis</span> <span class='ocrx_word' id='word_1_276' title='bbox 1146 2418 1233 2464; x_wconf 87' lang='lat' dir='ltr'>fuit,</span> <span class='ocrx_word' id='word_1_277' title='bbox 1264 2421 1309 2454; x_wconf 88' lang='lat' dir='ltr'>ut</span> <span class='ocrx_word' id='word_1_278' title='bbox 1334 2417 1539 2454; x_wconf 86' lang='lat' dir='ltr'>abundans</span> <span class='ocrx_word' id='word_1_279' title='bbox 1553 2415 1768 2454; x_wconf 79' lang='lat' dir='ltr'>multitudo</span> <span class='ocrx_word' id='word_1_280' title='bbox 1818 2442 1821 2448; x_wconf 86' lang='lat'>·</span> 
     </span>
    </p>
   </div>
   <div class='ocr_carea' id='block_1_5' title="bbox 300 2486 1768 2611">
    <p class='ocr_par' dir='ltr' id='par_1_10' title="bbox 300 2486 1768 2611">
     <span class='ocr_line' id='line_1_33' title="bbox 300 2486 1768 2539; baseline 0.001 -16"><span class='ocrx_word' id='word_1_281' title='bbox 300 2486 408 2524; x_wconf 73' lang='lat' dir='ltr'>3vix</span> <span class='ocrx_word' id='word_1_282' title='bbox 439 2488 524 2536; x_wconf 85' lang='lat' dir='ltr'>regi</span> <span class='ocrx_word' id='word_1_283' title='bbox 555 2487 760 2525; x_wconf 87' lang='lat' dir='ltr'>videretur</span> <span class='ocrx_word' id='word_1_284' title='bbox 790 2501 914 2536; x_wconf 81' lang='lat' dir='ltr'>posse.</span> <span class='ocrx_word' id='word_1_285' title='bbox 976 2489 1055 2526; x_wconf 89' lang='lat' dir='ltr'>Hic</span> <span class='ocrx_word' id='word_1_286' title='bbox 1086 2502 1230 2538; x_wconf 88' lang='lat' dir='ltr'>magno</span> <span class='ocrx_word' id='word_1_287' title='bbox 1260 2493 1357 2526; x_wconf 87' lang='lat' dir='ltr'>natu</span> <span class='ocrx_word' id='word_1_288' title='bbox 1388 2489 1475 2539; x_wconf 88' lang='lat' dir='ltr'>ipse</span> <span class='ocrx_word' id='word_1_289' title='bbox 1504 2490 1593 2535; x_wconf 86' lang='lat' dir='ltr'>iam,</span> <span class='ocrx_word' id='word_1_290' title='bbox 1624 2500 1768 2525; x_wconf 86' lang='lat' dir='ltr'>exone-</span> 
     </span>
     <span class='ocr_line' id='line_1_34' title="bbox 340 2558 1766 2611; baseline 0.001 -16"><span class='ocrx_word' id='word_1_291' title='bbox 340 2571 429 2595; x_wconf 88' lang='lat' dir='ltr'>rare</span> <span class='ocrx_word' id='word_1_292' title='bbox 460 2563 734 2608; x_wconf 84' lang='lat' dir='ltr'>praegravante</span> <span class='ocrx_word' id='word_1_293' title='bbox 763 2559 881 2595; x_wconf 84' lang='lat' dir='ltr'>turba</span> <span class='ocrx_word' id='word_1_294' title='bbox 912 2573 1076 2608; x_wconf 86' lang='lat' dir='ltr'>regnum</span> <span class='ocrx_word' id='word_1_295' title='bbox 1103 2562 1275 2611; x_wconf 85' lang='lat' dir='ltr'>cupiens,</span> <span class='ocrx_word' id='word_1_296' title='bbox 1306 2560 1554 2598; x_wconf 88' lang='lat' dir='ltr'>Bellovesum</span> <span class='ocrx_word' id='word_1_297' title='bbox 1577 2572 1622 2596; x_wconf 88' lang='lat' dir='ltr'>ac</span> <span class='ocrx_word' id='word_1_298' title='bbox 1646 2558 1766 2608; x_wconf 86' lang='lat' dir='ltr'>Sego·</span> 
     </span>
    </p>
   </div>
   <div class='ocr_carea' id='block_1_6' title="bbox 339 2629 1767 2680">
    <p class='ocr_par' dir='ltr' id='par_1_11' title="bbox 339 2629 1767 2680">
     <span class='ocr_line' id='line_1_35' title="bbox 339 2629 1767 2680; baseline 0.001 -14"><span class='ocrx_word' id='word_1_299' title='bbox 339 2642 489 2676; x_wconf 83' lang='lat' dir='ltr'>vesum,</span> <span class='ocrx_word' id='word_1_300' title='bbox 527 2631 676 2668; x_wconf 87' lang='lat' dir='ltr'>sororis</span> <span class='ocrx_word' id='word_1_301' title='bbox 706 2630 822 2677; x_wconf 79' lang='lat' dir='ltr'>filios,</span> <span class='ocrx_word' id='word_1_302' title='bbox 860 2631 1052 2680; x_wconf 89' lang='lat' dir='ltr'>impigros</span> <span class='ocrx_word' id='word_1_303' title='bbox 1084 2633 1257 2678; x_wconf 85' lang='lat' dir='ltr'>iuvenes,</span> <span class='ocrx_word' id='word_1_304' title='bbox 1286 2632 1495 2668; x_wconf 88' lang='lat' dir='ltr'>missurum</span> <span class='ocrx_word' id='word_1_305' title='bbox 1527 2644 1568 2668; x_wconf 89' lang='lat' dir='ltr'>se</span> <span class='ocrx_word' id='word_1_306' title='bbox 1598 2644 1694 2678; x_wconf 88' lang='lat' dir='ltr'>esse,</span> <span class='ocrx_word' id='word_1_307' title='bbox 1723 2629 1767 2668; x_wconf 84' lang='lat' dir='ltr'>in</span> 
     </span>
    </p>
   </div>
   <div class='ocr_carea' id='block_1_7' title="bbox 299 2695 1817 2753">
    <p class='ocr_par' dir='ltr' id='par_1_12' title="bbox 299 2695 1817 2753">
     <span class='ocr_line' id='line_1_36' title="bbox 299 2695 1817 2753; baseline 0.001 -16"><span class='ocrx_word' id='word_1_308' title='bbox 299 2700 440 2750; x_wconf 85' lang='lat' dir='ltr'>4quas</span> <span class='ocrx_word' id='word_1_309' title='bbox 472 2702 514 2738; x_wconf 88' lang='lat' dir='ltr'>di</span> <span class='ocrx_word' id='word_1_310' title='bbox 545 2695 752 2740; x_wconf 82' lang='lat' dir='ltr'>dedissent</span> <span class='ocrx_word' id='word_1_311' title='bbox 782 2703 961 2752; x_wconf 86' lang='lat' dir='ltr'>auguriis</span> <span class='ocrx_word' id='word_1_312' title='bbox 987 2703 1110 2750; x_wconf 85' lang='lat' dir='ltr'>sedes,</span> <span class='ocrx_word' id='word_1_313' title='bbox 1141 2703 1337 2741; x_wconf 85' lang='lat' dir='ltr'>ostendit:</span> <span class='ocrx_word' id='word_1_314' title='bbox 1370 2706 1560 2752; x_wconf 88' lang='lat' dir='ltr'>quantum</span> <span class='ocrx_word' id='word_1_315' title='bbox 1584 2703 1663 2753; x_wconf 85' lang='lat' dir='ltr'>ipsi</span> <span class='ocrx_word' id='word_1_316' title='bbox 1687 2703 1766 2741; x_wconf 86' lang='lat' dir='ltr'>vel·</span> <span class='ocrx_word' id='word_1_317' title='bbox 1815 2725 1817 2731; x_wconf 40' lang='lat'><strong>¹</strong></span> 
     </span>
    </p>
   </div>
   <div class='ocr_carea' id='block_1_8' title="bbox 1799 2773 1815 2853">
    <p class='ocr_par' dir='ltr' id='par_1_13' title="bbox 1799 2773 1815 2853">
     <span class='ocr_line' id='line_1_37' title="bbox 1799 2773 1815 2853; textangle 90"><span class='ocrx_word' id='word_1_318' title='bbox 1799 2773 1815 2853; x_wconf 40' lang='grc' dir='ltr'>ι)’ἶ</span> 
     </span>
    </p>
   </div>
  </div>
 </body>
</html>
