1821 2928
296 149 377 186 288
685 143 800 179 Liber
826 143 873 178 V.
922 144 983 187 (A.
1009 155 1043 177 u.
1069 155 1098 178 c.
1124 143 1333 186 361—363.)

295 272 477 320 agebant,
517 271 585 308 sed
617 269 814 320 precibus,
855 273 894 307 et
924 271 1028 307 inter
1058 283 1196 320 preces
1227 269 1353 306 multa
1383 268 1544 306 deorum
1576 267 1726 306 mentio

296 347 390 389 erat,
421 342 649 390 religiosum
682 342 790 392 parti
822 342 1002 379 maximae
1033 341 1122 387 fuit,
1155 345 1194 379 et
1210 341 1336 389 legem
1353 354 1432 377 una
1446 340 1580 390 plures
1595 339 1727 377 tribus

253 415 278 451 8
296 415 556 464 antiquarunt
586 427 702 463 quam
735 414 946 450 iusserunt.
993 412 1190 463 Adeoque
1222 426 1268 450 ea
1296 412 1464 449 victoria
1495 411 1588 448 laeta
1603 410 1726 461 patri-

296 486 368 522 bus
399 486 486 532 fuit,
524 489 569 522 ut
604 490 761 535 postero
793 485 858 522 die
889 484 1154 522 referentibus
1185 484 1414 521 consulibus
1446 487 1605 520 senatus
1636 495 1727 519 con-

295 557 443 595 sultum
474 557 597 604 fieret,
627 561 672 594 ut
699 557 787 606 agri
807 556 1021 594 Veientani
1039 560 1203 605 septena
1221 557 1359 604 iugera
1375 554 1486 604 plebi
1504 554 1727 591 divideren-

294 633 371 674 tur,
411 642 482 666 nec
521 629 701 678 patribus
741 629 904 666 familiae
944 632 1110 673 tantum,
1157 627 1225 664 sed
1257 631 1301 664 ut
1332 627 1504 664 omnium
1538 627 1579 663 in
1611 624 1728 662 domo

294 701 512 738 liberorum
553 701 727 749 capitum
767 701 869 737 ratio
900 700 1127 746 haberetur,
1172 700 1400 749 vellentque
1431 700 1471 736 in
1503 711 1588 735 eam
1620 709 1729 747 spem

296 772 444 809 liberos
475 772 632 810 tollere.

169 842 215 888 31
412 844 471 881 Eo
504 858 664 881 munere
696 844 870 881 delenita
902 844 1028 894 plebe,
1059 843 1159 880 nihil
1185 846 1377 879 certatum
1403 845 1471 887 est,
1503 839 1730 890 quominus

255 916 521 953 Qconsularia
559 916 719 953 comitia
757 916 1012 953 haberentur.
1075 913 1211 952 Creati
1249 914 1430 951 consules
1462 913 1510 952 L.
1544 910 1730 949 Valerius

88 987 198 1053 2:¹5¹?-
216 988 276 1052 33⁶}-
298 988 468 1034 Potitus,
499 988 554 1024 M.
573 988 760 1033 Manlius,
792 987 856 1024 cui
884 986 1113 1037 Capitolino
1138 989 1276 1036 postea
1298 986 1373 1022 fuit
1397 997 1626 1033 cognomen.
1673 981 1732 1020 Hi

297 1060 475 1096 consules
506 1073 671 1108 magnos
703 1058 819 1096 ludos
843 1059 982 1104 fecere,
1013 1071 1112 1107 quos
1128 1058 1183 1094 M.
1199 1057 1346 1094 Furius
1371 1056 1543 1093 dictator
1567 1057 1732 1092 voverat

257 1133 279 1168 3
300 1131 462 1169 Veienti
503 1131 621 1169 bello.
683 1131 834 1168 Eodem
866 1144 968 1168 anno
1001 1129 1103 1166 aedes
1135 1129 1301 1166 Iunonis
1332 1128 1482 1177 reginae
1513 1128 1561 1164 ab
1593 1125 1732 1164 eodem

297 1202 491 1240 dictatore
523 1203 742 1252 eodemque
773 1202 879 1239 bello
910 1206 1002 1239 vota
1031 1201 1252 1244 dedicatur,
1284 1200 1602 1248 celebratamque
1621 1197 1731 1235 dedi-

254 1275 492 1311 4eationem
532 1274 688 1323 ingenti
726 1278 995 1311 matronarum
1035 1272 1166 1310 studio
1197 1272 1373 1310 tradunt.
1434 1271 1594 1308 Bellum
1625 1267 1733 1306 haud

298 1346 553 1383 memorabile
585 1346 627 1383 in
659 1345 811 1395 Algido
845 1359 930 1382 cum
959 1345 1102 1394 AEquis
1134 1347 1288 1393 gestum
1321 1347 1392 1387 est,
1421 1343 1518 1380 fusis
1551 1341 1733 1379 hostibus

296 1418 405 1467 prius
437 1431 560 1467 paene,
593 1431 710 1467 quam
741 1430 880 1454 manus
905 1419 1168 1454 consererent.
1214 1415 1389 1461 Valerio,
1422 1414 1528 1464 quod
1551 1425 1732 1463 perseve-

296 1489 448 1527 rantior
479 1488 659 1526 caedendi
689 1489 730 1526 in
762 1489 856 1537 fuga
880 1489 967 1534 fuit,
999 1487 1236 1537 triumphus,
1267 1487 1434 1533 Manlio,
1463 1490 1509 1523 ut
1533 1498 1655 1523 ovans
1672 1485 1730 1522 in-

257 1562 279 1596 5
299 1560 531 1608 grederetur
561 1561 709 1606 urbem,
742 1561 943 1597 decretum
976 1564 1046 1598 est.
1093 1558 1245 1596 Eodem
1278 1571 1380 1595 anno
1411 1570 1555 1595 novum
1581 1555 1730 1594 bellum

298 1645 384 1669 cum
402 1631 727 1668 Vulsiniensibus
759 1637 958 1678 exortum3
992 1645 1069 1680 quo
1095 1635 1259 1680 propter
1282 1631 1423 1667 famem
1439 1627 1730 1679 pestilentiam·

297 1717 373 1753 que
403 1704 443 1740 in
475 1716 571 1752 agro
604 1703 784 1740 Romano
825 1716 872 1739 ex
912 1703 1091 1739 siccitate
1126 1702 1407 1751 caloribusque
1438 1700 1572 1737 nimiis
1603 1702 1730 1736 ortam

298 1776 496 1812 exercitus
528 1775 620 1812 duci
650 1775 844 1824 nequivit.
904 1773 965 1811 Ob
1005 1787 1092 1824 quae
1125 1773 1413 1818 Vulsinienses,
1452 1771 1730 1822 Salpinatibus

298 1847 512 1892 adiunctis,
550 1847 739 1896 superbia
777 1846 905 1883 inflati
943 1846 1047 1883 ultro
1079 1858 1194 1894 agros
1226 1844 1428 1881 Romanos
1460 1844 1730 1889 incursavere3

258 1920 280 1955 6
301 1919 447 1956 bellum
479 1918 573 1955 inde
606 1918 760 1955 duobus
791 1918 953 1968 populis
985 1917 1191 1954 indictum.
1239 1915 1281 1953 C.
1297 1915 1425 1953 Iulius
1443 1928 1579 1953 censor
1597 1915 1729 1952 deces-

299 1991 367 2036 sit;
415 1990 455 2026 in
501 1990 585 2027 eius
625 1991 754 2027 locum
784 1990 838 2027 M.
871 1989 1080 2027 Cornelius
1118 1988 1315 2034 suffectus,
1363 2000 1450 2037 quae
1489 2000 1554 2024 res
1592 1989 1730 2036 postea

260 2063 281 2097 7
301 2061 487 2110 religioni
518 2062 605 2108 fuit,
637 2062 733 2111 quia
764 2074 809 2099 eo
841 2061 967 2098 lustro
987 2060 1115 2098 Roma
1146 2063 1205 2098 est
1236 2063 1371 2110 capta3
1401 2073 1473 2096 nec
1499 2058 1642 2096 deinde
1657 2071 1730 2095 un—

299 2146 416 2182 quam
461 2133 502 2169 in
547 2133 743 2170 demortui
789 2134 919 2170 locum
962 2145 1100 2169 censor
1139 2131 1350 2169 sufficitur.
1410 2130 1730 2179 Consulibusque

302 2205 434 2242 morbo
468 2205 688 2254 implicitis,
729 2205 881 2254 placuit
920 2218 991 2254 per
1022 2204 1293 2253 interregnum
1324 2202 1508 2240 renovari
1539 2201 1728 2251 auspicia.

257 2277 443 2326 Sltaque
489 2289 609 2326 quum
656 2290 702 2312 ex
747 2280 907 2313 senatus
960 2276 1139 2313 consulto
1185 2275 1365 2312 consules
1409 2274 1644 2321 magistratu
1688 2285 1729 2310 se

299 2348 564 2393 abdicassent,
596 2348 772 2384 interrex
805 2352 962 2385 creatur
993 2348 1047 2385 M.
1065 2347 1211 2384 Furius
1229 2346 1432 2392 Camillus,
1463 2345 1533 2395 qui
1562 2344 1610 2383 P.
1633 2344 1728 2382 Cor-

301 2420 448 2457 nelium
481 2419 722 2468 Scipionem,
755 2419 787 2455 is
819 2419 964 2456 deinde
989 2420 1035 2457 L.
1054 2418 1262 2457 Valerium
1279 2417 1461 2455 Potitum
1492 2417 1727 2464 interregem

259 2492 280 2526 9
302 2491 490 2540 prodidit.
537 2490 604 2528 Ab
631 2504 675 2527 eo
702 2490 826 2527 creati
850 2504 916 2528 sex
939 2490 1094 2528 tribuni
1119 2489 1288 2526 militum
1304 2488 1504 2526 consulari
1520 2489 1731 2537 potestate,

300 2566 352 2608 ut,
382 2562 539 2599 etiamsi
568 2562 632 2598 cui
663 2575 798 2598 eorum
830 2561 1079 2599 incommoda
1109 2560 1298 2598 valetudo
1328 2560 1478 2606 fuisset,
1509 2559 1625 2607 copia
1646 2571 1727 2596 ma.-

168 2629 221 2675 32
301 2634 538 2682 gistratuum
555 2633 613 2670 rei
629 2632 801 2682 publicae
819 2637 931 2669 esset.
978 2631 1163 2669 Calendis
1179 2631 1428 2679 Quintilibus
1449 2629 1729 2677 magistratum

93 2686 282 2752 ῒῦρζζέξῗ
303 2717 489 2754 occepere
528 2705 574 2744 L.
608 2704 831 2750 Lucretius,
877 2703 961 2741 Ser.
992 2702 1208 2753 Sulpicius,
1247 2702 1300 2739 M.
1332 2701 1532 2748 AEmilius,
1568 2700 1616 2740 L.
1648 2700 1727 2738 Fu-
