1821 2928
235 132 310 168 134
607 127 723 161 Liber
747 125 822 161 ΙΙΙ.
873 127 932 171 (Α.
959 138 995 160 u.
1022 138 1052 162 c.
1078 127 1283 161 292—293.2

229 258 351 306 perbe
383 256 423 293 iu
456 255 631 305 aliquem
663 255 809 293 civium
841 259 909 293 aut
936 255 1154 293 crudeliter
1178 254 1359 304 fecerint,
1393 253 1499 292 diem
1525 254 1669 301 dicere,

228 341 414 366 accusare
447 327 495 364 iis
529 327 630 377 ipsis
661 327 878 374 iudicibus,
911 341 1079 378 quorum
1107 328 1146 364 in
1175 327 1352 376 aliquem
1379 326 1560 364 saevitum
1586 325 1670 365 sit?

163 399 212 437 10
230 399 319 438 Non
362 400 474 437 illum
515 399 721 436 consulare
760 400 995 449 imperium,
1036 399 1105 436 sed
1137 398 1401 436 tribuniciam
1432 402 1669 449 potestatem

232 473 401 509 invisam
427 471 800 521 intolerandamque
823 473 971 518 facere3
1003 485 1121 521 quam
1138 471 1334 521 placatam
1352 471 1669 509 reconciliatam-

230 557 305 594 que
337 544 519 594 patribus
551 543 598 581 de
631 543 787 592 integro
818 544 856 580 in
882 544 1048 593 antiqua
1075 543 1204 593 redigi
1232 543 1348 581 mala.
1396 542 1536 592 Neque
1553 543 1670 581 illum

164 616 211 653 11
233 630 271 654 se
305 616 531 666 deprecari,
573 629 651 665 quo
684 617 812 653 minus
844 619 1010 666 pergat,
1052 618 1096 652 ut
1127 615 1305 665 coeperit.
1371 614 1505 661 ,‚Vos“
1540 615 1673 665 inquit

230 689 395 737 Fabius,
429 688 576 735 „ceteri
606 688 773 734 tribuni,
806 702 974 735 oramus,
1007 691 1050 725 ut
1076 688 1248 738 primum
1274 686 1449 725 omnium
1474 687 1671 737 cogitetis,

228 764 466 810 potestatem
497 761 614 798 istam
646 760 694 797 ad
727 761 974 809 singulorum
1007 760 1215 809 auxilium,
1257 773 1336 796 non
1370 759 1420 796 ad
1451 760 1672 809 perniciem

228 833 506 870 universorum
554 837 822 882 comparatam
869 846 972 879 esse;
1019 832 1203 869 tribunos
1242 831 1374 881 plebis
1415 844 1484 869 vos
1517 835 1671 870 creatos

167 902 215 939 12
235 918 313 942 non
354 905 487 942 hostes
524 904 720 954 patribus.
780 904 908 942 Nobis
940 905 1140 952 miserum,
1181 903 1423 941 invidiosum
1455 903 1570 942 vobis
1602 908 1673 951 est,

228 976 426 1014 desertam
443 990 523 1014 rem
541 977 747 1026 publicam
775 976 924 1014 invadi.
972 976 1060 1014 Non
1080 977 1142 1013 ius
1160 978 1348 1021 vestrum,
1379 975 1448 1013 sed
1466 975 1673 1023 invidiam,

229 1048 468 1086 minueritis.
528 1049 653 1098 Agite
681 1062 768 1086 cum
796 1049 961 1097 collega,
992 1052 1041 1085 ut
1065 1062 1148 1085 rem
1174 1049 1370 1097 integram
1390 1048 1432 1084 in
1457 1047 1672 1086 adventum

229 1120 436 1157 consulum
469 1120 637 1159 differat.
710 1121 770 1159 Ne
802 1121 927 1170 AEqui
959 1120 1123 1170 quidem
1164 1133 1208 1156 ac
1242 1119 1394 1166 Volsci,
1434 1121 1572 1158 morbo
1605 1121 1674 1158 ab·

228 1192 398 1241 sumptis
423 1193 557 1242 priore
585 1206 688 1230 anno
716 1192 958 1239 consulibus,
990 1192 1143 1229 crudeli
1168 1192 1419 1242 superboque
1436 1192 1550 1230 nobis
1567 1193 1674 1231 bello

164 1263 212 1300 13
232 1264 453 1302 institere.“
504 1265 648 1314 Agunt
677 1279 763 1302 cum
782 1264 1003 1302 Terentilio
1021 1264 1187 1310 tribuni,
1219 1263 1426 1314 dilataque
1444 1264 1485 1301 in
1503 1265 1674 1315 speciem

229 1337 397 1382 actione,
429 1351 472 1374 re
503 1338 591 1387 ipsa
623 1337 792 1384 sublata,
827 1337 1006 1374 consules
1038 1336 1238 1386 extemplo
1270 1336 1465 1375 arcessiti.

107 1406 156 1453 10
345 1409 558 1446 Lucretius
591 1423 677 1447 cun-1
704 1410 859 1458 ingenti
885 1408 1033 1459 praeda,
1064 1408 1213 1446 maiore
1239 1408 1364 1446 multo
1389 1408 1520 1457 gloria
1541 1408 1673 1447 rediit.

230 1481 282 1518 Et
315 1486 435 1530 auget
465 1482 634 1530 gloriam
677 1481 895 1519 adveniens
928 1480 1109 1531 exposita
1148 1480 1254 1517 omni
1285 1480 1326 1517 in
1359 1493 1495 1530 campo
1526 1480 1674 1518 Martio

227 1552 383 1602 praeda,
430 1557 475 1589 ut
517 1567 631 1590 suum
672 1555 840 1604 quisque
883 1567 954 1604 per
993 1553 1173 1590 triduum
1204 1553 1408 1601 cognitum
1441 1553 1673 1591 abduceret.

193 1624 410 1674 2Reliqua
447 1624 629 1674 vendita,
671 1626 818 1674 quibus
859 1625 1010 1662 domini
1056 1638 1135 1662 non
1175 1624 1374 1661 exstitere.
1436 1623 1673 1662 Debebatur

227 1697 402 1734 omnium
428 1710 622 1734 consensu
639 1697 793 1734 consuli
818 1696 1064 1746 triumphus;
1097 1695 1166 1733 sed
1184 1695 1310 1733 dilata
1325 1709 1389 1732 res
1407 1699 1479 1744 est,
1509 1696 1672 1734 tribuno

190 1768 212 1803 3
231 1769 277 1806 de
311 1769 396 1817 lege
428 1772 590 1818 agente3
623 1769 664 1806 id
689 1769 891 1818 antiquius
917 1768 1071 1806 consuli
1097 1768 1183 1805 fuit.
1239 1767 1397 1805 Iactata
1422 1781 1493 1817 per
1517 1767 1673 1818 aliquot

231 1842 314 1878 dies
342 1854 463 1891 quum
490 1841 530 1877 in
557 1845 697 1879 senatu
713 1854 789 1888 res,
820 1845 904 1878 tum
926 1840 1032 1890 apud
1050 1840 1243 1889 populum
1262 1843 1341 1886 est;
1374 1840 1494 1877 cessit
1509 1840 1562 1877 ad
1578 1840 1672 1877 ulti·

228 1927 333 1950 mum
365 1913 564 1950 maiestati
597 1912 772 1950 consulis
799 1913 984 1951 tribunus
1012 1920 1050 1950 et
1075 1912 1244 1950 destitit.
1308 1910 1410 1949 Tum
1441 1911 1675 1962 imperatori

187 1982 502 2035 4exercituique
541 1985 666 2022 honos
704 1997 797 2022 suus
834 1984 1030 2023 redditus.
1102 1983 1383 2034 Triumphavit
1423 1983 1471 2020 de
1513 1983 1673 2022 Volscis

228 2057 471 2107 AEquisque3
502 2056 816 2107 triumphantem
844 2060 990 2094 secutae
1017 2070 1097 2094 suae
1122 2056 1309 2106 legiones.
1357 2055 1492 2093 Alteri
1519 2056 1674 2094 consuli

227 2129 374 2175 datum,
407 2133 453 2166 ut
484 2142 605 2166 ovans
637 2129 721 2166 sine
754 2129 950 2166 militibus
982 2129 1121 2166 urbem
1153 2128 1288 2164 iniret.

194 2197 217 2233 5
349 2201 469 2237 Anno
515 2200 658 2238 deinde
700 2201 926 2251 insequenti
968 2201 1032 2237 lex
1072 2200 1296 2237 Terentilia
1334 2200 1384 2237 ab
1421 2202 1506 2237 toto
1544 2199 1674 2236 relata

22 2258 214 2325 ᾒζῑξζῗὲῗ
236 2272 406 2322 collegio
460 2285 583 2309 novos
639 2286 827 2322 aggressa
881 2273 1061 2311 consules
1108 2275 1180 2318 est;
1240 2275 1354 2308 erant
1399 2270 1579 2309 consules
1624 2270 1672 2309 P.

191 2343 496 2389 6Volumnius,
541 2342 623 2380 Ser.
657 2343 872 2394 Sulpicius.
942 2344 1001 2382 Eo
1043 2358 1146 2382 anno
1185 2343 1326 2380 caelum
1364 2342 1503 2380 ardere
1532 2342 1673 2388 visum,

226 2423 335 2453 terra
381 2415 537 2464 ingenti
577 2428 768 2453 concussa
808 2420 919 2454 motu
961 2420 1031 2453 est.
1090 2416 1242 2453 Bovem
1282 2415 1467 2464 locutam,
1515 2415 1579 2452 cui
1611 2414 1671 2451 rei

228 2488 361 2538 priore
395 2501 499 2525 anno
530 2486 627 2524 fides
668 2500 746 2523 non
778 2488 919 2533 fuerat,
962 2487 1170 2525 creditum.
1231 2487 1344 2523 Inter
1376 2486 1456 2523 alia
1485 2484 1672 2535 prodigia

229 2564 266 2597 et
298 2573 416 2597 carne
447 2559 577 2609 pluit,
622 2571 739 2608 quem
779 2559 944 2595 imbrem
985 2558 1124 2607 ingens
1155 2571 1341 2595 numerus
1384 2557 1516 2594 avium
1548 2556 1670 2593 inter-

229 2631 435 2669 volitando
461 2630 640 2682 rapuisse
666 2630 812 2676 fertum
847 2630 953 2679 quod
971 2629 1194 2678 intercidit,
1227 2641 1407 2678 sparsum
1425 2629 1483 2665 ita
1500 2628 1671 2665 iacuisse

190 2703 212 2739 7
231 2716 302 2753 per
330 2703 485 2753 aliquot
512 2702 607 2749 dies,
638 2705 681 2739 ut
707 2701 809 2738 nihil
835 2701 933 2739 odor
957 2705 1139 2738 mutaret.
1191 2699 1305 2737 Libri
1339 2712 1410 2749 per
1441 2699 1671 2738 duumviros
