1821 2928
533 165 622 190 Liber
641 165 708 190 vn.
747 166 794 194 (A.
815 165 865 191 ch.
886 166 1044 195 349—346.)
1409 155 1459 192 75

76 286 214 321 natum
245 294 380 328 annos,
412 281 614 318 consulem
646 281 905 318 renuntiavit.
960 281 1125 330 Collega
1159 281 1287 319 Corvo
1320 282 1368 319 de
1399 281 1514 331 plebe¹
1540 283 1584 319 13

76 351 131 388 M.
149 351 352 401 Popillius
376 349 531 394 Lamas,
563 354 748 400 quartum
780 351 919 387 consul
951 350 1118 397 futurus,
1151 351 1268 388 datus
1300 354 1369 387 est.
1417 350 1513 387 Cum

77 418 231 456 Graecis
263 432 285 456 a
304 418 475 456 Camillo
507 419 619 456 nulla
651 419 924 457 memorabilis
956 423 1067 468 gesta
1098 433 1176 466 res;
1209 433 1278 457 nec
1312 419 1375 456 illi
1407 423 1513 456 terra

75 501 147 525 nec
178 487 383 526 Romanus
415 487 515 524 mari
558 487 730 525 bellator
763 492 858 525 erat.
919 488 1129 525 Postremo
1162 502 1281 537 quum
1323 488 1514 525 litoribus
1538 487 1586 524 14

75 560 317 602 arcerentur,
359 569 462 604 aqua
494 556 613 593 etiam
657 560 802 606 praeter
835 560 965 594 cetera
1004 557 1227 594 necessaria
1259 557 1348 593 usui
1381 556 1515 594 defici-

76 628 175 670 ente,
207 624 372 661 Italiam
396 625 608 674 reliquere.
656 624 779 663 Cuius
796 625 937 675 populi
956 639 1001 662 ea
1019 625 1209 675 cuiusque
1226 626 1358 673 gentis
1377 625 1514 662 classis,
1538 623 1585 661 15

75 692 208 739 fuerit,
239 693 345 730 nihil
378 694 477 731 certi
511 698 580 731 est.
625 694 802 731 Maxime
821 692 974 731 Siciliae
1007 694 1129 731 fuisse
1161 697 1352 741 tyrannos
1385 694 1512 730 eredi-

75 761 222 807 derim;
267 775 359 799 nam
399 762 569 799 ulterior
604 760 763 800 Graeeia
804 777 848 800 ea
887 765 1125 812 tempestate
1174 763 1364 799 intestino
1411 762 1513 799 fessa

72 830 178 867 bello
212 819 290 867 iam
321 831 588 868 Macedonum
622 845 715 882 opes
747 832 948 869 horrebat.

187 899 445 937 Exercitibus
463 900 652 947 dimissis,
684 914 804 950 quum
822 904 859 937 et
890 901 988 937 foris
1011 914 1090 950 pax
1107 903 1145 936 et
1169 899 1277 937 domi
1295 899 1510 936 concordia
1585 893 1640 940 27

74 969 261 1006 ordinum
293 969 419 1006 otium
451 972 563 1015 esset,
609 983 657 1007 ne
689 969 809 1006 nimis
850 969 951 1006 laetae
992 983 1056 1006 res
1088 972 1229 1015 essent,
1275 967 1508 1018 pestilentia
1528 954 1646 1014 §1th
1663 956 1721 1015 {222

78 1037 284 1074 civitatem
301 1038 444 1074 adorta
461 1038 591 1086 coegit
616 1041 796 1075 senatum
814 1038 1013 1087 imperare
1031 1037 1281 1084 decemviris,
1311 1041 1355 1074 ut
1388 1037 1515 1074 libros
1541 1053 1545 1056 ·

72 1104 300 1154 Sibyllinos
343 1106 599 1155 inspicerent,
641 1120 854 1156 eorumque
895 1107 1051 1144 monitu
1094 1106 1386 1143 lectisternium
1428 1106 1515 1142 fuit.

74 1174 226 1212 Eodem
257 1188 359 1212 anno
379 1173 581 1212 Satricum
613 1175 662 1212 ab
681 1175 922 1213 Antiatibus
955 1175 1114 1212 colonia
1147 1175 1319 1217 deducta
1350 1175 1511 1212 restitu-
1532 1174 1553 1208 *2

70 1247 192 1293 taque
223 1243 332 1290 urbs,
363 1257 481 1293 quani
499 1243 638 1281 Latini
673 1244 899 1289 diruerant3
932 1247 970 1281 et
1003 1258 1091 1281 cum
1110 1243 1514 1292 Carthaginiensibus

58 1312 215 1361 -legatis
246 1312 385 1350 Romae
427 1312 555 1349 foeclus
598 1313 733 1359 ictum,
775 1326 895 1362 quum
938 1312 1158 1350 amicitiam
1197 1326 1241 1349 ac
1284 1313 1515 1351 societatem

72 1385 252 1431 petentes
283 1382 496 1418 venissent.

186 1451 301 1488 Idem
335 1450 461 1487 otium
495 1450 604 1487 domi
636 1450 814 1499 forisque
845 1449 993 1486 mansit
1025 1448 1069 1486 T.
1101 1448 1258 1487 Manlio
1292 1449 1510 1498 Torquato,
1530 1450 1552 1483 Σὲ

74 1521 116 1557 (¹.
157 1519 321 1558 Plautio
368 1518 610 1556 consulibus.
670 1517 989 1556 Semunciarium
1033 1521 1192 1554 tantum
1237 1531 1285 1555 ex
1329 1518 1512 1555 unciario
1531 1503 1723 1563 ἓζῗξζὲἶ

73 1589 185 1627 fenus
217 1588 376 1634 factum,
418 1591 456 1624 et
489 1588 531 1624 in
572 1587 782 1637 pensiones
814 1600 946 1636 aequas
985 1586 1168 1632 triennii,
1210 1586 1267 1623 ita
1298 1589 1342 1623 ut
1374 1589 1515 1636 quarta

72 1669 247 1706 praesens
279 1660 391 1702 esset,
423 1656 569 1693 solutio
588 1656 678 1692 aeris
696 1655 820 1692 alieni
838 1656 1068 1706 dispensata
1101 1658 1177 1702 est3
1210 1659 1246 1693 et
1279 1655 1335 1692 sic
1354 1668 1512 1705 quoque
1530 1653 1554 1691 4

72 1729 188 1775 parte
219 1725 350 1775 plebis
383 1724 534 1771 affecta,
566 1724 664 1761 fides
694 1728 828 1761 tamen
858 1725 1025 1774 publica
1057 1724 1229 1774 privatis
1262 1723 1513 1761 difficultati-

72 1794 146 1832 bus
176 1794 312 1844 potior
343 1795 394 1831 ad
427 1807 562 1831 curam
593 1793 749 1831 senatui
780 1793 868 1830 fuit.
916 1793 1078 1831 Levatae
1110 1793 1282 1831 maxime
1313 1806 1387 1839 res,
1419 1792 1514 1841 quia

71 1863 228 1901 tributo
261 1877 304 1900 ac
338 1863 489 1900 dilectu
520 1875 804 1912 supersessum.

187 1931 324 1969 Tertio
357 1944 461 1968 anno
492 1934 583 1980 post
608 1929 809 1968 Satricum
840 1930 1071 1967 restitutum
1103 1929 1305 1967 aVolscis
1321 1928 1376 1966 M.
1394 1928 1513 1966 Vale·
1533 1928 1556 1964 5

71 2001 156 2038 rius
188 2000 341 2037 Corvus
384 2001 524 2038 iterum
558 1999 695 2036 consul
728 2012 815 2036 cum
848 1998 889 2035 C.
921 1998 1094 2035 Poetelio
1126 1998 1266 2045 factus,
1307 2011 1427 2047 quum
1460 2011 1507 2035 ex
1526 1985 1720 2044 Ᾰῑξῆοζὲἓζ

73 2069 193 2107 Latio
235 2069 465 2106 nuntiatum
506 2074 618 2114 esset,
657 2068 809 2116 legatos
841 2067 890 2104 ab
923 2067 1052 2105 Antio
1092 2067 1304 2104 circumire
1343 2066 1512 2117 populos

72 2138 311 2176 Latinorum
344 2137 394 2174 ad
426 2136 709 2175 concitandum
740 2136 901 2181 bellum,
941 2135 1175 2186 priusquam
1214 2136 1304 2186 plus
1335 2136 1510 2173 hostium
1530 2135 1552 2170 6

71 2206 195 2253 fieret,
227 2205 387 2244 Volscis
404 2219 513 2243 arma
539 2204 686 2242 inferre
712 2205 852 2250 iussus,
883 2204 933 2242 ad
952 2203 1153 2242 Satricum
1171 2205 1349 2242 exercitu
1367 2204 1510 2241 infesto

71 2275 219 2325 pergit.
280 2275 370 2322 Quo
403 2287 524 2324 quum
555 2273 747 2310 Antiates
785 2273 938 2323 aliique
969 2273 1118 2317 Volsci.
1165 2273 1401 2324 praeparatis
1434 2273 1509 2310 iam

73 2347 175 2390 ante,
207 2344 240 2381 si
271 2342 370 2393 quid
402 2342 452 2379 ab
484 2342 613 2379 Roma
643 2346 879 2388 moveretur,
917 2343 1057 2392 copiis,
1089 2342 1367 2387 occurrissent,
1399 2340 1509 2377 nulla

72 2426 183 2450 mora
244 2413 351 2450 inter
412 2411 584 2448 infensos
645 2410 802 2448 diutino
863 2409 957 2448 odio
1011 2411 1231 2448 dimicandi
1291 2410 1395 2447 facta
1441 2414 1509 2445 est.

75 2479 224 2527 Volsci,
256 2480 430 2518 ferocior
447 2480 498 2517 ad
529 2478 806 2517 rebellandum
825 2492 942 2529 quam
961 2479 1011 2516 ad
1030 2479 1262 2517 bellandum
1286 2491 1395 2527 gens,
1427 2490 1506 2514 cer·
1529 2478 1548 2511 7

72 2549 222 2586 tamine
238 2549 337 2587 victi
368 2550 462 2598 fuga
487 2549 608 2585 effusa
625 2546 775 2585 Satrici
807 2548 953 2585 moenia
983 2552 1136 2598 petunt,
1168 2551 1216 2585 et.
1233 2559 1282 2584 ne
1314 2546 1354 2583 in
1385 2545 1508 2582 muris

74 2616 235 2664 quidem
266 2618 364 2655 satis
380 2617 493 2655 firma
509 2631 588 2667 spe,
621 2630 740 2666 quum
759 2630 904 2654 corona
927 2616 1103 2654 militum
1122 2615 1251 2653 cineta
1280 2614 1357 2651 iam
1388 2613 1508 2651 scalis
