<?xml version="1.0" encoding="UTF-8"?>
<!DOCTYPE html PUBLIC "-//W3C//DTD XHTML 1.0 Transitional//EN"
    "http://www.w3.org/TR/xhtml1/DTD/xhtml1-transitional.dtd">
<html xmlns="http://www.w3.org/1999/xhtml" xml:lang="en" lang="en">
 <head>
  <title>
</title>
<meta http-equiv="Content-Type" content="text/html;charset=utf-8" />
  <meta name='ocr-system' content='tesseract 3.04.00' />
  <meta name='ocr-capabilities' content='ocr_page ocr_carea ocr_par ocr_line ocrx_word'/>
</head>
<body>
  <div class='ocr_page' id='page_1' title='image "./historiarumroman01livyuoft_0136.png"; bbox 0 0 1821 2928; ppageno 0'>
   <div class='ocr_carea' id='block_1_1' title="bbox 277 127 1314 183">
    <p class='ocr_par' dir='ltr' id='par_1_1' title="bbox 277 127 1314 183">
     <span class='ocr_line' id='line_1_1' title="bbox 277 127 1314 183; baseline -0.004 -16"><span class='ocrx_word' id='word_1_1' title='bbox 277 131 356 167; x_wconf 87' lang='lat'>110</span> <span class='ocrx_word' id='word_1_2' title='bbox 666 127 781 183; x_wconf 85' lang='lat' dir='ltr'>Liber</span> <span class='ocrx_word' id='word_1_3' title='bbox 804 127 856 163; x_wconf 87' lang='grc' dir='ltr'>Π,</span> <span class='ocrx_word' id='word_1_4' title='bbox 906 130 966 172; x_wconf 85' lang='lat' dir='ltr'>(A.</span> <span class='ocrx_word' id='word_1_5' title='bbox 992 140 1026 163; x_wconf 89' lang='lat' dir='ltr'>u.</span> <span class='ocrx_word' id='word_1_6' title='bbox 1051 139 1080 163; x_wconf 93' lang='lat' dir='ltr'>c.</span> <span class='ocrx_word' id='word_1_7' title='bbox 1106 129 1314 173; x_wconf 80' lang='lat'>275—276.)</span> 
     </span>
    </p>
   </div>
   <div class='ocr_carea' id='block_1_2' title="bbox 60 254 1719 2738">
    <p class='ocr_par' dir='ltr' id='par_1_2' title="bbox 60 254 1719 2738">
     <span class='ocr_line' id='line_1_2' title="bbox 275 254 1710 306; baseline 0.003 -15"><span class='ocrx_word' id='word_1_8' title='bbox 275 268 408 292; x_wconf 89' lang='lat' dir='ltr'>omnes</span> <span class='ocrx_word' id='word_1_9' title='bbox 439 254 627 292; x_wconf 88' lang='lat' dir='ltr'>finitimos</span> <span class='ocrx_word' id='word_1_10' title='bbox 659 255 791 304; x_wconf 89' lang='lat' dir='ltr'>subigi</span> <span class='ocrx_word' id='word_1_11' title='bbox 822 256 991 306; x_wconf 87' lang='lat' dir='ltr'>populos</span> <span class='ocrx_word' id='word_1_12' title='bbox 1022 270 1147 306; x_wconf 88' lang='lat' dir='ltr'>posse.</span> <span class='ocrx_word' id='word_1_13' title='bbox 1193 256 1311 294; x_wconf 82' lang='lat' dir='ltr'><strong>Fabii</strong></span> <span class='ocrx_word' id='word_1_14' title='bbox 1339 259 1499 306; x_wconf 78' lang='lat' dir='ltr'>postera</span> <span class='ocrx_word' id='word_1_15' title='bbox 1518 256 1584 294; x_wconf 90' lang='lat' dir='ltr'>die</span> <span class='ocrx_word' id='word_1_16' title='bbox 1601 270 1710 296; x_wconf 84' lang='lat' dir='ltr'>arma</span> 
     </span>
     <span class='ocr_line' id='line_1_3' title="bbox 234 325 1710 378; baseline 0.003 -15"><span class='ocrx_word' id='word_1_17' title='bbox 234 325 258 362; x_wconf 86' lang='lat'><strong>3</strong></span> <span class='ocrx_word' id='word_1_18' title='bbox 277 327 457 376; x_wconf 72' lang='lat' dir='ltr'>capiunt5</span> <span class='ocrx_word' id='word_1_19' title='bbox 491 340 568 376; x_wconf 92' lang='lat' dir='ltr'>quo</span> <span class='ocrx_word' id='word_1_20' title='bbox 602 327 700 364; x_wconf 90' lang='lat' dir='ltr'>iussi</span> <span class='ocrx_word' id='word_1_21' title='bbox 732 330 855 374; x_wconf 85' lang='lat' dir='ltr'>erant,</span> <span class='ocrx_word' id='word_1_22' title='bbox 888 329 1139 366; x_wconf 87' lang='lat' dir='ltr'>conveniunt.</span> <span class='ocrx_word' id='word_1_23' title='bbox 1186 326 1336 365; x_wconf 92' lang='lat' dir='ltr'>Consul</span> <span class='ocrx_word' id='word_1_24' title='bbox 1361 327 1574 378; x_wconf 86' lang='lat' dir='ltr'>paludatus</span> <span class='ocrx_word' id='word_1_25' title='bbox 1598 341 1710 378; x_wconf 88' lang='lat' dir='ltr'>egre-</span> 
     </span>
     <span class='ocr_line' id='line_1_4' title="bbox 276 399 1709 448; baseline 0.001 -12"><span class='ocrx_word' id='word_1_26' title='bbox 276 399 389 436; x_wconf 85' lang='lat' dir='ltr'>diens</span> <span class='ocrx_word' id='word_1_27' title='bbox 421 399 462 435; x_wconf 90' lang='lat' dir='ltr'>in</span> <span class='ocrx_word' id='word_1_28' title='bbox 488 399 690 437; x_wconf 87' lang='lat' dir='ltr'>vestibulo</span> <span class='ocrx_word' id='word_1_29' title='bbox 717 402 873 448; x_wconf 80' lang='lat' dir='ltr'>gentem</span> <span class='ocrx_word' id='word_1_30' title='bbox 890 412 1043 437; x_wconf 89' lang='lat' dir='ltr'>omnem</span> <span class='ocrx_word' id='word_1_31' title='bbox 1061 413 1172 437; x_wconf 88' lang='lat' dir='ltr'>suam</span> <span class='ocrx_word' id='word_1_32' title='bbox 1189 399 1383 436; x_wconf 86' lang='lat' dir='ltr'>inst-ructo</span> <span class='ocrx_word' id='word_1_33' title='bbox 1400 400 1559 448; x_wconf 80' lang='lat' dir='ltr'>agmine</span> <span class='ocrx_word' id='word_1_34' title='bbox 1575 400 1709 448; x_wconf 86' lang='lat' dir='ltr'>videt;</span> 
     </span>
     <span class='ocr_line' id='line_1_5' title="bbox 275 470 1709 520; baseline 0.002 -13"><span class='ocrx_word' id='word_1_35' title='bbox 275 473 461 520; x_wconf 80' lang='lat' dir='ltr'>acceptus</span> <span class='ocrx_word' id='word_1_36' title='bbox 503 470 543 507; x_wconf 91' lang='lat' dir='ltr'>in</span> <span class='ocrx_word' id='word_1_37' title='bbox 586 470 757 508; x_wconf 88' lang='lat' dir='ltr'>medium</span> <span class='ocrx_word' id='word_1_38' title='bbox 800 471 915 519; x_wconf 88' lang='lat' dir='ltr'>signa</span> <span class='ocrx_word' id='word_1_39' title='bbox 954 471 1049 508; x_wconf 88' lang='lat' dir='ltr'>ferri</span> <span class='ocrx_word' id='word_1_40' title='bbox 1081 471 1203 508; x_wconf 89' lang='lat' dir='ltr'>iubet.</span> <span class='ocrx_word' id='word_1_41' title='bbox 1264 471 1475 520; x_wconf 87' lang='lat' dir='ltr'>Nunquam</span> <span class='ocrx_word' id='word_1_42' title='bbox 1507 471 1709 510; x_wconf 86' lang='lat' dir='ltr'>exercitus</span> 
     </span>
     <span class='ocr_line' id='line_1_6' title="bbox 275 542 1709 592; baseline 0.001 -13"><span class='ocrx_word' id='word_1_43' title='bbox 275 555 402 591; x_wconf 88' lang='lat' dir='ltr'>neque</span> <span class='ocrx_word' id='word_1_44' title='bbox 434 542 564 579; x_wconf 90' lang='lat' dir='ltr'>minor</span> <span class='ocrx_word' id='word_1_45' title='bbox 594 555 758 580; x_wconf 90' lang='lat' dir='ltr'>numero</span> <span class='ocrx_word' id='word_1_46' title='bbox 789 555 918 592; x_wconf 91' lang='lat' dir='ltr'>neque</span> <span class='ocrx_word' id='word_1_47' title='bbox 951 543 1095 580; x_wconf 88' lang='lat' dir='ltr'>clarior</span> <span class='ocrx_word' id='word_1_48' title='bbox 1120 543 1225 579; x_wconf 89' lang='lat' dir='ltr'>fama</span> <span class='ocrx_word' id='word_1_49' title='bbox 1250 545 1288 579; x_wconf 91' lang='lat' dir='ltr'>et</span> <span class='ocrx_word' id='word_1_50' title='bbox 1305 542 1569 580; x_wconf 77' lang='lat' dir='ltr'>admiratione</span> <span class='ocrx_word' id='word_1_51' title='bbox 1585 543 1709 581; x_wconf 90' lang='lat' dir='ltr'>homi-</span> 
     </span>
     <span class='ocr_line' id='line_1_7' title="bbox 235 612 1712 664; baseline 0.002 -15"><span class='ocrx_word' id='word_1_52' title='bbox 235 612 260 648; x_wconf 88' lang='lat'>4</span> <span class='ocrx_word' id='word_1_53' title='bbox 276 626 368 650; x_wconf 89' lang='lat' dir='ltr'>num</span> <span class='ocrx_word' id='word_1_54' title='bbox 396 627 465 663; x_wconf 89' lang='lat' dir='ltr'>per</span> <span class='ocrx_word' id='word_1_55' title='bbox 491 613 632 651; x_wconf 87' lang='lat' dir='ltr'>urbem</span> <span class='ocrx_word' id='word_1_56' title='bbox 650 614 822 652; x_wconf 81' lang='lat' dir='ltr'>incessit.</span> <span class='ocrx_word' id='word_1_57' title='bbox 870 613 949 651; x_wconf 83' lang='lat' dir='ltr'>Sex</span> <span class='ocrx_word' id='word_1_58' title='bbox 968 618 1007 651; x_wconf 92' lang='lat' dir='ltr'>et</span> <span class='ocrx_word' id='word_1_59' title='bbox 1022 615 1189 652; x_wconf 86' lang='lat' dir='ltr'>trecenti</span> <span class='ocrx_word' id='word_1_60' title='bbox 1206 614 1364 661; x_wconf 87' lang='lat' dir='ltr'>milites,</span> <span class='ocrx_word' id='word_1_61' title='bbox 1387 627 1523 651; x_wconf 87' lang='lat' dir='ltr'>omnes</span> <span class='ocrx_word' id='word_1_62' title='bbox 1538 614 1712 664; x_wconf 85' lang='lat' dir='ltr'>patricii,</span> 
     </span>
     <span class='ocr_line' id='line_1_8' title="bbox 275 686 1710 735; baseline 0.001 -13"><span class='ocrx_word' id='word_1_63' title='bbox 275 699 408 722; x_wconf 89' lang='lat' dir='ltr'>omnes</span> <span class='ocrx_word' id='word_1_64' title='bbox 439 686 556 723; x_wconf 88' lang='lat' dir='ltr'>unius</span> <span class='ocrx_word' id='word_1_65' title='bbox 587 686 728 734; x_wconf 87' lang='lat' dir='ltr'>gentis,</span> <span class='ocrx_word' id='word_1_66' title='bbox 760 699 926 735; x_wconf 87' lang='lat' dir='ltr'>quornm</span> <span class='ocrx_word' id='word_1_67' title='bbox 960 686 1155 723; x_wconf 87' lang='lat' dir='ltr'>neminem</span> <span class='ocrx_word' id='word_1_68' title='bbox 1183 686 1322 723; x_wconf 88' lang='lat' dir='ltr'>ducem</span> <span class='ocrx_word' id='word_1_69' title='bbox 1350 699 1568 735; x_wconf 84' lang='lat' dir='ltr'>sperneres,</span> <span class='ocrx_word' id='word_1_70' title='bbox 1600 699 1710 735; x_wconf 87' lang='lat' dir='ltr'>egre-</span> 
     </span>
     <span class='ocr_line' id='line_1_9' title="bbox 275 756 1711 807; baseline 0.001 -14"><span class='ocrx_word' id='word_1_71' title='bbox 275 756 362 805; x_wconf 88' lang='lat' dir='ltr'>gius</span> <span class='ocrx_word' id='word_1_72' title='bbox 381 756 630 806; x_wconf 90' lang='lat' dir='ltr'>quibuslibet</span> <span class='ocrx_word' id='word_1_73' title='bbox 646 758 894 807; x_wconf 85' lang='lat' dir='ltr'>temporibus</span> <span class='ocrx_word' id='word_1_74' title='bbox 912 762 1086 804; x_wconf 86' lang='lat' dir='ltr'>senatus,</span> <span class='ocrx_word' id='word_1_75' title='bbox 1104 757 1226 804; x_wconf 86' lang='lat' dir='ltr'>ibant,</span> <span class='ocrx_word' id='word_1_76' title='bbox 1243 758 1360 794; x_wconf 88' lang='lat' dir='ltr'>unius</span> <span class='ocrx_word' id='word_1_77' title='bbox 1377 757 1540 794; x_wconf 88' lang='lat' dir='ltr'>familiae</span> <span class='ocrx_word' id='word_1_78' title='bbox 1556 757 1711 795; x_wconf 88' lang='lat' dir='ltr'>viribus</span> 
     </span>
     <span class='ocr_line' id='line_1_10' title="bbox 235 826 1712 879; baseline 0.001 -15"><span class='ocrx_word' id='word_1_79' title='bbox 235 826 258 863; x_wconf 90' lang='grc'>5</span> <span class='ocrx_word' id='word_1_80' title='bbox 279 827 442 866; x_wconf 68' lang='lat' dir='ltr'>Veienti</span> <span class='ocrx_word' id='word_1_81' title='bbox 475 829 625 879; x_wconf 90' lang='lat' dir='ltr'>populo</span> <span class='ocrx_word' id='word_1_82' title='bbox 653 834 801 878; x_wconf 88' lang='lat' dir='ltr'>pestem</span> <span class='ocrx_word' id='word_1_83' title='bbox 829 829 1069 867; x_wconf 82' lang='lat' dir='ltr'>minitantes.</span> <span class='ocrx_word' id='word_1_84' title='bbox 1117 827 1368 878; x_wconf 85' lang='lat' dir='ltr'>Sequebatur</span> <span class='ocrx_word' id='word_1_85' title='bbox 1383 829 1514 875; x_wconf 86' lang='lat' dir='ltr'>turba,</span> <span class='ocrx_word' id='word_1_86' title='bbox 1545 829 1712 879; x_wconf 86' lang='lat' dir='ltr'>propria</span> 
     </span>
     <span class='ocr_line' id='line_1_11' title="bbox 275 900 1711 950; baseline 0.001 -14"><span class='ocrx_word' id='word_1_87' title='bbox 275 900 357 937; x_wconf 87' lang='lat' dir='ltr'>alia</span> <span class='ocrx_word' id='word_1_88' title='bbox 395 904 653 949; x_wconf 88' lang='lat' dir='ltr'>cognatorum</span> <span class='ocrx_word' id='word_1_89' title='bbox 695 901 981 950; x_wconf 82' lang='lat' dir='ltr'>sodaliumque,</span> <span class='ocrx_word' id='word_1_90' title='bbox 1027 901 1129 938; x_wconf 86' lang='lat' dir='ltr'>nihil</span> <span class='ocrx_word' id='word_1_91' title='bbox 1159 900 1347 947; x_wconf 87' lang='lat' dir='ltr'>medium,</span> <span class='ocrx_word' id='word_1_92' title='bbox 1392 913 1466 937; x_wconf 87' lang='lat' dir='ltr'>nec</span> <span class='ocrx_word' id='word_1_93' title='bbox 1496 913 1608 950; x_wconf 89' lang='lat' dir='ltr'>spem</span> <span class='ocrx_word' id='word_1_94' title='bbox 1638 914 1711 938; x_wconf 88' lang='lat' dir='ltr'>nec</span> 
     </span>
     <span class='ocr_line' id='line_1_12' title="bbox 276 972 1714 1023; baseline 0.001 -15"><span class='ocrx_word' id='word_1_95' title='bbox 276 985 420 1019; x_wconf 87' lang='lat' dir='ltr'>curam,</span> <span class='ocrx_word' id='word_1_96' title='bbox 467 972 536 1010; x_wconf 89' lang='lat' dir='ltr'>sed</span> <span class='ocrx_word' id='word_1_97' title='bbox 576 973 768 1010; x_wconf 87' lang='lat' dir='ltr'>immensa</span> <span class='ocrx_word' id='word_1_98' title='bbox 809 972 941 1010; x_wconf 87' lang='lat' dir='ltr'>omnia</span> <span class='ocrx_word' id='word_1_99' title='bbox 971 973 1215 1010; x_wconf 88' lang='lat' dir='ltr'>volventium</span> <span class='ocrx_word' id='word_1_100' title='bbox 1248 972 1395 1018; x_wconf 89' lang='lat' dir='ltr'>animo,</span> <span class='ocrx_word' id='word_1_101' title='bbox 1439 972 1520 1010; x_wconf 83' lang='lat' dir='ltr'>alia</span> <span class='ocrx_word' id='word_1_102' title='bbox 1549 972 1714 1023; x_wconf 90' lang='lat' dir='ltr'>publica</span> 
     </span>
     <span class='ocr_line' id='line_1_13' title="bbox 235 1042 1715 1093; baseline 0.002 -14"><span class='ocrx_word' id='word_1_103' title='bbox 235 1042 258 1078; x_wconf 88' lang='grc'>6</span> <span class='ocrx_word' id='word_1_104' title='bbox 277 1043 548 1082; x_wconf 86' lang='lat' dir='ltr'>sollicitudine</span> <span class='ocrx_word' id='word_1_105' title='bbox 566 1045 749 1091; x_wconf 86' lang='lat' dir='ltr'>excitata,</span> <span class='ocrx_word' id='word_1_106' title='bbox 776 1045 910 1082; x_wconf 80' lang='lat' dir='ltr'>favore</span> <span class='ocrx_word' id='word_1_107' title='bbox 935 1049 973 1082; x_wconf 91' lang='lat' dir='ltr'>et</span> <span class='ocrx_word' id='word_1_108' title='bbox 997 1043 1259 1081; x_wconf 78' lang='lat' dir='ltr'>admiratione</span> <span class='ocrx_word' id='word_1_109' title='bbox 1276 1047 1450 1093; x_wconf 66' lang='lat' dir='ltr'>stupens</span> <span class='ocrx_word' id='word_1_110' title='bbox 1497 1043 1565 1081; x_wconf 91' lang='lat' dir='ltr'>Ire</span> <span class='ocrx_word' id='word_1_111' title='bbox 1580 1044 1715 1092; x_wconf 85' lang='lat' dir='ltr'>fortes,</span> 
     </span>
     <span class='ocr_line' id='line_1_14' title="bbox 276 1115 1714 1166; baseline 0.001 -15"><span class='ocrx_word' id='word_1_112' title='bbox 276 1116 334 1151; x_wconf 90' lang='lat' dir='ltr'>ire</span> <span class='ocrx_word' id='word_1_113' title='bbox 366 1115 503 1153; x_wconf 90' lang='lat' dir='ltr'>felices</span> <span class='ocrx_word' id='word_1_114' title='bbox 533 1116 683 1163; x_wconf 86' lang='lat' dir='ltr'>iubent,</span> <span class='ocrx_word' id='word_1_115' title='bbox 717 1116 889 1166; x_wconf 81' lang='lat' dir='ltr'>inceptis</span> <span class='ocrx_word' id='word_1_116' title='bbox 921 1120 1084 1153; x_wconf 89' lang='lat' dir='ltr'>eventus</span> <span class='ocrx_word' id='word_1_117' title='bbox 1117 1129 1232 1165; x_wconf 89' lang='lat' dir='ltr'>pares</span> <span class='ocrx_word' id='word_1_118' title='bbox 1263 1115 1450 1162; x_wconf 87' lang='lat' dir='ltr'>reddere;</span> <span class='ocrx_word' id='word_1_119' title='bbox 1482 1115 1714 1153; x_wconf 89' lang='lat' dir='ltr'>consulatus</span> 
     </span>
     <span class='ocr_line' id='line_1_15' title="bbox 276 1187 1714 1238; baseline 0 -14"><span class='ocrx_word' id='word_1_120' title='bbox 276 1187 371 1224; x_wconf 86' lang='lat' dir='ltr'>inde</span> <span class='ocrx_word' id='word_1_121' title='bbox 396 1201 440 1224; x_wconf 91' lang='lat' dir='ltr'>ac</span> <span class='ocrx_word' id='word_1_122' title='bbox 464 1188 700 1237; x_wconf 87' lang='lat' dir='ltr'>triumphos,</span> <span class='ocrx_word' id='word_1_123' title='bbox 726 1189 857 1226; x_wconf 88' lang='lat' dir='ltr'>omnia</span> <span class='ocrx_word' id='word_1_124' title='bbox 874 1188 1038 1238; x_wconf 75' lang='lat' dir='ltr'>praemia</span> <span class='ocrx_word' id='word_1_125' title='bbox 1055 1187 1104 1225; x_wconf 84' lang='lat' dir='ltr'>ab</span> <span class='ocrx_word' id='word_1_126' title='bbox 1122 1201 1175 1234; x_wconf 92' lang='lat' dir='ltr'>se,</span> <span class='ocrx_word' id='word_1_127' title='bbox 1201 1200 1335 1224; x_wconf 88' lang='lat' dir='ltr'>omnes</span> <span class='ocrx_word' id='word_1_128' title='bbox 1353 1187 1522 1224; x_wconf 87' lang='lat' dir='ltr'>honores</span> <span class='ocrx_word' id='word_1_129' title='bbox 1539 1200 1714 1237; x_wconf 86' lang='lat' dir='ltr'>sperare.</span> 
     </span>
     <span class='ocr_line' id='line_1_16' title="bbox 236 1257 1716 1309; baseline 0 -13"><span class='ocrx_word' id='word_1_130' title='bbox 236 1257 257 1292; x_wconf 84' lang='lat'>7</span> <span class='ocrx_word' id='word_1_131' title='bbox 278 1259 624 1297; x_wconf 86' lang='lat' dir='ltr'>Praetereuntibus</span> <span class='ocrx_word' id='word_1_132' title='bbox 646 1259 890 1309; x_wconf 87' lang='lat' dir='ltr'>Capitolium</span> <span class='ocrx_word' id='word_1_133' title='bbox 917 1273 1126 1309; x_wconf 84' lang='lat' dir='ltr'>arcemque</span> <span class='ocrx_word' id='word_1_134' title='bbox 1158 1262 1196 1296; x_wconf 89' lang='lat' dir='ltr'>et</span> <span class='ocrx_word' id='word_1_135' title='bbox 1228 1259 1305 1296; x_wconf 86' lang='lat' dir='ltr'>alia</span> <span class='ocrx_word' id='word_1_136' title='bbox 1330 1259 1493 1308; x_wconf 81' lang='lat' dir='ltr'>templa,</span> <span class='ocrx_word' id='word_1_137' title='bbox 1523 1258 1716 1308; x_wconf 89' lang='lat' dir='ltr'>quicquid</span> 
     </span>
     <span class='ocr_line' id='line_1_17' title="bbox 277 1330 1714 1381; baseline 0 -13"><span class='ocrx_word' id='word_1_138' title='bbox 277 1331 439 1369; x_wconf 91' lang='lat' dir='ltr'>deorum</span> <span class='ocrx_word' id='word_1_139' title='bbox 472 1332 607 1378; x_wconf 87' lang='lat' dir='ltr'>oculis,</span> <span class='ocrx_word' id='word_1_140' title='bbox 646 1332 839 1381; x_wconf 89' lang='lat' dir='ltr'>quicquid</span> <span class='ocrx_word' id='word_1_141' title='bbox 883 1332 1014 1369; x_wconf 90' lang='lat' dir='ltr'>animo</span> <span class='ocrx_word' id='word_1_142' title='bbox 1046 1331 1229 1377; x_wconf 84' lang='lat' dir='ltr'>occurrit,</span> <span class='ocrx_word' id='word_1_143' title='bbox 1269 1334 1496 1380; x_wconf 85' lang='lat' dir='ltr'>precantur,</span> <span class='ocrx_word' id='word_1_144' title='bbox 1535 1335 1581 1368; x_wconf 90' lang='lat' dir='ltr'>ut</span> <span class='ocrx_word' id='word_1_145' title='bbox 1611 1330 1714 1368; x_wconf 90' lang='lat' dir='ltr'>illud</span> 
     </span>
     <span class='ocr_line' id='line_1_18' title="bbox 276 1402 1715 1453; baseline -0.001 -13"><span class='ocrx_word' id='word_1_146' title='bbox 276 1415 416 1451; x_wconf 85' lang='lat' dir='ltr'>agmen</span> <span class='ocrx_word' id='word_1_147' title='bbox 449 1403 623 1441; x_wconf 85' lang='lat' dir='ltr'>faustum</span> <span class='ocrx_word' id='word_1_148' title='bbox 655 1407 775 1453; x_wconf 90' lang='lat' dir='ltr'>atque</span> <span class='ocrx_word' id='word_1_149' title='bbox 807 1404 903 1441; x_wconf 86' lang='lat' dir='ltr'>felix</span> <span class='ocrx_word' id='word_1_150' title='bbox 934 1403 1106 1448; x_wconf 86' lang='lat' dir='ltr'>mittant,</span> <span class='ocrx_word' id='word_1_151' title='bbox 1139 1402 1307 1452; x_wconf 88' lang='lat' dir='ltr'>sospites</span> <span class='ocrx_word' id='word_1_152' title='bbox 1338 1402 1452 1439; x_wconf 88' lang='lat' dir='ltr'>brevi</span> <span class='ocrx_word' id='word_1_153' title='bbox 1483 1402 1525 1439; x_wconf 90' lang='lat' dir='ltr'>in</span> <span class='ocrx_word' id='word_1_154' title='bbox 1542 1402 1715 1452; x_wconf 88' lang='lat' dir='ltr'>patriam</span> 
     </span>
     <span class='ocr_line' id='line_1_19' title="bbox 237 1472 1716 1523; baseline 0.002 -14"><span class='ocrx_word' id='word_1_155' title='bbox 237 1472 261 1509; x_wconf 82' lang='lat'>8</span> <span class='ocrx_word' id='word_1_156' title='bbox 280 1474 326 1511; x_wconf 85' lang='lat' dir='ltr'>ad</span> <span class='ocrx_word' id='word_1_157' title='bbox 362 1478 547 1523; x_wconf 86' lang='lat' dir='ltr'>parentes</span> <span class='ocrx_word' id='word_1_158' title='bbox 579 1475 806 1513; x_wconf 85' lang='lat' dir='ltr'>restituant.</span> <span class='ocrx_word' id='word_1_159' title='bbox 859 1477 1063 1514; x_wconf 87' lang='lat' dir='ltr'>Incassum</span> <span class='ocrx_word' id='word_1_160' title='bbox 1095 1474 1225 1511; x_wconf 83' lang='lat' dir='ltr'>missae</span> <span class='ocrx_word' id='word_1_161' title='bbox 1257 1487 1404 1523; x_wconf 89' lang='lat' dir='ltr'>preces.</span> <span class='ocrx_word' id='word_1_162' title='bbox 1452 1473 1615 1512; x_wconf 86' lang='lat' dir='ltr'>Infelici</span> <span class='ocrx_word' id='word_1_163' title='bbox 1638 1473 1716 1521; x_wconf 87' lang='lat' dir='ltr'>via,</span> 
     </span>
     <span class='ocr_line' id='line_1_20' title="bbox 278 1545 1715 1596; baseline 0 -14"><span class='ocrx_word' id='word_1_164' title='bbox 278 1545 417 1583; x_wconf 84' lang='lat' dir='ltr'>dextro</span> <span class='ocrx_word' id='word_1_165' title='bbox 451 1546 541 1583; x_wconf 87' lang='lat' dir='ltr'>iano</span> <span class='ocrx_word' id='word_1_166' title='bbox 573 1551 699 1596; x_wconf 84' lang='lat' dir='ltr'>portae</span> <span class='ocrx_word' id='word_1_167' title='bbox 729 1546 1003 1593; x_wconf 86' lang='lat' dir='ltr'>Carmentalis,</span> <span class='ocrx_word' id='word_1_168' title='bbox 1033 1546 1204 1596; x_wconf 90' lang='lat' dir='ltr'>profecti</span> <span class='ocrx_word' id='word_1_169' title='bbox 1235 1545 1284 1582; x_wconf 87' lang='lat' dir='ltr'>ad</span> <span class='ocrx_word' id='word_1_170' title='bbox 1313 1545 1538 1583; x_wconf 89' lang='lat' dir='ltr'>Cremeram</span> <span class='ocrx_word' id='word_1_171' title='bbox 1568 1545 1715 1582; x_wconf 89' lang='lat' dir='ltr'>flumen</span> 
     </span>
     <span class='ocr_line' id='line_1_21' title="bbox 275 1616 1714 1668; baseline 0 -14"><span class='ocrx_word' id='word_1_172' title='bbox 275 1618 524 1666; x_wconf 84' lang='lat' dir='ltr'>perveniunt.</span> <span class='ocrx_word' id='word_1_173' title='bbox 573 1618 614 1655; x_wconf 88' lang='lat' dir='ltr'>Is</span> <span class='ocrx_word' id='word_1_174' title='bbox 646 1623 895 1668; x_wconf 84' lang='lat' dir='ltr'>opportunus</span> <span class='ocrx_word' id='word_1_175' title='bbox 917 1619 1025 1656; x_wconf 86' lang='lat' dir='ltr'>visus</span> <span class='ocrx_word' id='word_1_176' title='bbox 1049 1618 1159 1655; x_wconf 86' lang='lat' dir='ltr'>locus</span> <span class='ocrx_word' id='word_1_177' title='bbox 1184 1616 1487 1654; x_wconf 83' lang='lat' dir='ltr'>communiendo</span> <span class='ocrx_word' id='word_1_178' title='bbox 1511 1617 1714 1666; x_wconf 84' lang='lat' dir='ltr'>praesidio.</span> 
     </span>
     <span class='ocr_line' id='line_1_22' title="bbox 236 1687 1714 1727; baseline 0.001 -3"><span class='ocrx_word' id='word_1_179' title='bbox 236 1687 258 1724; x_wconf 91' lang='lat'>9</span> <span class='ocrx_word' id='word_1_180' title='bbox 392 1688 437 1726; x_wconf 91' lang='lat' dir='ltr'>L.</span> <span class='ocrx_word' id='word_1_181' title='bbox 456 1688 647 1726; x_wconf 86' lang='lat' dir='ltr'>AEmilius</span> <span class='ocrx_word' id='word_1_182' title='bbox 680 1689 770 1726; x_wconf 90' lang='lat' dir='ltr'>inde</span> <span class='ocrx_word' id='word_1_183' title='bbox 802 1694 841 1726; x_wconf 89' lang='lat' dir='ltr'>et</span> <span class='ocrx_word' id='word_1_184' title='bbox 858 1689 899 1727; x_wconf 91' lang='lat' dir='ltr'>C.</span> <span class='ocrx_word' id='word_1_185' title='bbox 918 1688 1112 1726; x_wconf 82' lang='lat' dir='ltr'>Servilius</span> <span class='ocrx_word' id='word_1_186' title='bbox 1144 1688 1325 1725; x_wconf 89' lang='lat' dir='ltr'>consules</span> <span class='ocrx_word' id='word_1_187' title='bbox 1357 1688 1461 1725; x_wconf 80' lang='lat' dir='ltr'>facti.</span> <span class='ocrx_word' id='word_1_188' title='bbox 1509 1687 1563 1725; x_wconf 88' lang='lat' dir='ltr'>Et</span> <span class='ocrx_word' id='word_1_189' title='bbox 1590 1687 1714 1725; x_wconf 89' lang='lat' dir='ltr'>donec</span> 
     </span>
     <span class='ocr_line' id='line_1_23' title="bbox 60 1757 1715 1822; baseline 0.001 -26"><span class='ocrx_word' id='word_1_190' title='bbox 60 1757 179 1822; x_wconf 43' lang='grc' dir='ltr'>ἔῑὶοξ</span> <span class='ocrx_word' id='word_1_191' title='bbox 198 1759 256 1822; x_wconf 41' lang='lat'>{2¹-</span> <span class='ocrx_word' id='word_1_192' title='bbox 277 1760 382 1797; x_wconf 89' lang='lat' dir='ltr'>nihil</span> <span class='ocrx_word' id='word_1_193' title='bbox 415 1761 527 1798; x_wconf 90' lang='lat' dir='ltr'>aliud</span> <span class='ocrx_word' id='word_1_194' title='bbox 559 1774 677 1810; x_wconf 90' lang='lat' dir='ltr'>quam</span> <span class='ocrx_word' id='word_1_195' title='bbox 708 1761 746 1798; x_wconf 91' lang='lat' dir='ltr'>in</span> <span class='ocrx_word' id='word_1_196' title='bbox 775 1761 1107 1811; x_wconf 88' lang='lat' dir='ltr'>populationibus</span> <span class='ocrx_word' id='word_1_197' title='bbox 1125 1773 1187 1797; x_wconf 88' lang='lat' dir='ltr'>res</span> <span class='ocrx_word' id='word_1_198' title='bbox 1203 1759 1290 1805; x_wconf 81' lang='lat' dir='ltr'>fuit,</span> <span class='ocrx_word' id='word_1_199' title='bbox 1321 1772 1399 1796; x_wconf 90' lang='lat' dir='ltr'>non</span> <span class='ocrx_word' id='word_1_200' title='bbox 1417 1759 1466 1796; x_wconf 84' lang='lat' dir='ltr'>ad</span> <span class='ocrx_word' id='word_1_201' title='bbox 1483 1759 1715 1809; x_wconf 74' lang='lat' dir='ltr'>praesidium</span> 
     </span>
     <span class='ocr_line' id='line_1_24' title="bbox 276 1831 1714 1881; baseline 0.001 -13"><span class='ocrx_word' id='word_1_202' title='bbox 276 1831 392 1869; x_wconf 88' lang='lat' dir='ltr'>modo</span> <span class='ocrx_word' id='word_1_203' title='bbox 424 1832 636 1869; x_wconf 86' lang='lat' dir='ltr'>tutandum</span> <span class='ocrx_word' id='word_1_204' title='bbox 654 1832 773 1870; x_wconf 86' lang='lat' dir='ltr'>Fabii</span> <span class='ocrx_word' id='word_1_205' title='bbox 801 1832 897 1870; x_wconf 90' lang='lat' dir='ltr'>satis</span> <span class='ocrx_word' id='word_1_206' title='bbox 921 1835 1045 1878; x_wconf 85' lang='lat' dir='ltr'>erant,</span> <span class='ocrx_word' id='word_1_207' title='bbox 1078 1831 1146 1869; x_wconf 90' lang='lat' dir='ltr'>sed</span> <span class='ocrx_word' id='word_1_208' title='bbox 1160 1835 1245 1869; x_wconf 85' lang='lat' dir='ltr'>tota</span> <span class='ocrx_word' id='word_1_209' title='bbox 1261 1831 1435 1879; x_wconf 80' lang='lat' dir='ltr'>regione,</span> <span class='ocrx_word' id='word_1_210' title='bbox 1467 1844 1546 1881; x_wconf 88' lang='lat' dir='ltr'>qua</span> <span class='ocrx_word' id='word_1_211' title='bbox 1561 1831 1714 1869; x_wconf 80' lang='lat' dir='ltr'>Tuscus</span> 
     </span>
     <span class='ocr_line' id='line_1_25' title="bbox 277 1902 1716 1952; baseline -0.001 -12"><span class='ocrx_word' id='word_1_212' title='bbox 277 1916 370 1952; x_wconf 82' lang='lat' dir='ltr'>ager</span> <span class='ocrx_word' id='word_1_213' title='bbox 386 1903 568 1941; x_wconf 84' lang='lat' dir='ltr'>Romano</span> <span class='ocrx_word' id='word_1_214' title='bbox 596 1903 763 1951; x_wconf 85' lang='lat' dir='ltr'>adiacet,</span> <span class='ocrx_word' id='word_1_215' title='bbox 789 1917 860 1942; x_wconf 92' lang='lat' dir='ltr'>sua</span> <span class='ocrx_word' id='word_1_216' title='bbox 875 1907 962 1941; x_wconf 90' lang='lat' dir='ltr'>tuta</span> <span class='ocrx_word' id='word_1_217' title='bbox 979 1904 1123 1950; x_wconf 91' lang='lat' dir='ltr'>omnia,</span> <span class='ocrx_word' id='word_1_218' title='bbox 1149 1903 1295 1940; x_wconf 86' lang='lat' dir='ltr'>infesta</span> <span class='ocrx_word' id='word_1_219' title='bbox 1311 1902 1497 1949; x_wconf 88' lang='lat' dir='ltr'>hostium,</span> <span class='ocrx_word' id='word_1_220' title='bbox 1524 1904 1716 1951; x_wconf 88' lang='lat' dir='ltr'>vagantes</span> 
     </span>
     <span class='ocr_line' id='line_1_26' title="bbox 212 1973 1715 2025; baseline 0.001 -15"><span class='ocrx_word' id='word_1_221' title='bbox 212 1973 262 2010; x_wconf 89' lang='lat'>10</span> <span class='ocrx_word' id='word_1_222' title='bbox 280 1988 350 2023; x_wconf 87' lang='lat' dir='ltr'>per</span> <span class='ocrx_word' id='word_1_223' title='bbox 375 1979 588 2025; x_wconf 90' lang='lat' dir='ltr'>utrumque</span> <span class='ocrx_word' id='word_1_224' title='bbox 615 1975 744 2021; x_wconf 90' lang='lat' dir='ltr'>finem,</span> <span class='ocrx_word' id='word_1_225' title='bbox 772 1975 910 2013; x_wconf 89' lang='lat' dir='ltr'>fecere.</span> <span class='ocrx_word' id='word_1_226' title='bbox 956 1975 1220 2013; x_wconf 84' lang='lat' dir='ltr'>Intervallum</span> <span class='ocrx_word' id='word_1_227' title='bbox 1245 1974 1389 2012; x_wconf 87' lang='lat' dir='ltr'>deinde</span> <span class='ocrx_word' id='word_1_228' title='bbox 1405 1973 1511 2011; x_wconf 90' lang='lat' dir='ltr'>haud</span> <span class='ocrx_word' id='word_1_229' title='bbox 1528 1987 1715 2023; x_wconf 87' lang='lat' dir='ltr'>magnum</span> 
     </span>
     <span class='ocr_line' id='line_1_27' title="bbox 276 2045 1719 2095; baseline 0 -13"><span class='ocrx_word' id='word_1_230' title='bbox 276 2047 606 2095; x_wconf 80' lang='lat' dir='ltr'>populationibus</span> <span class='ocrx_word' id='word_1_231' title='bbox 623 2047 710 2093; x_wconf 84' lang='lat' dir='ltr'>fuit,</span> <span class='ocrx_word' id='word_1_232' title='bbox 738 2047 830 2084; x_wconf 89' lang='lat' dir='ltr'>dum</span> <span class='ocrx_word' id='word_1_233' title='bbox 849 2052 888 2085; x_wconf 91' lang='lat' dir='ltr'>et</span> <span class='ocrx_word' id='word_1_234' title='bbox 905 2046 1107 2094; x_wconf 87' lang='lat' dir='ltr'>Veientes,</span> <span class='ocrx_word' id='word_1_235' title='bbox 1131 2046 1259 2084; x_wconf 84' lang='lat' dir='ltr'>accito</span> <span class='ocrx_word' id='word_1_236' title='bbox 1278 2060 1324 2083; x_wconf 86' lang='lat' dir='ltr'>ex</span> <span class='ocrx_word' id='word_1_237' title='bbox 1342 2045 1507 2083; x_wconf 78' lang='lat' dir='ltr'>Etruria</span> <span class='ocrx_word' id='word_1_238' title='bbox 1524 2045 1719 2093; x_wconf 89' lang='lat' dir='ltr'>exercitu,</span> 
     </span>
     <span class='ocr_line' id='line_1_28' title="bbox 278 2116 1715 2169; baseline -0.001 -15"><span class='ocrx_word' id='word_1_239' title='bbox 278 2118 508 2166; x_wconf 78' lang='lat' dir='ltr'>praesidium</span> <span class='ocrx_word' id='word_1_240' title='bbox 542 2119 738 2156; x_wconf 87' lang='lat' dir='ltr'>Cremerae</span> <span class='ocrx_word' id='word_1_241' title='bbox 778 2121 1023 2169; x_wconf 86' lang='lat' dir='ltr'>oppugnant,</span> <span class='ocrx_word' id='word_1_242' title='bbox 1070 2122 1109 2155; x_wconf 85' lang='lat' dir='ltr'>et</span> <span class='ocrx_word' id='word_1_243' title='bbox 1138 2118 1330 2155; x_wconf 80' lang='lat' dir='ltr'>Romanae</span> <span class='ocrx_word' id='word_1_244' title='bbox 1370 2118 1546 2165; x_wconf 85' lang='lat' dir='ltr'>legiones</span> <span class='ocrx_word' id='word_1_245' title='bbox 1586 2116 1636 2154; x_wconf 92' lang='lat' dir='ltr'>ab</span> <span class='ocrx_word' id='word_1_246' title='bbox 1668 2116 1715 2153; x_wconf 88' lang='lat' dir='ltr'>L.</span> 
     </span>
     <span class='ocr_line' id='line_1_29' title="bbox 277 2188 1712 2235; baseline 0 -10"><span class='ocrx_word' id='word_1_247' title='bbox 277 2189 442 2226; x_wconf 74' lang='lat' dir='ltr'>AEmilio</span> <span class='ocrx_word' id='word_1_248' title='bbox 476 2191 634 2228; x_wconf 89' lang='lat' dir='ltr'>consule</span> <span class='ocrx_word' id='word_1_249' title='bbox 667 2191 848 2228; x_wconf 82' lang='lat' dir='ltr'>adduetae</span> <span class='ocrx_word' id='word_1_250' title='bbox 880 2191 1059 2228; x_wconf 90' lang='lat' dir='ltr'>cominus</span> <span class='ocrx_word' id='word_1_251' title='bbox 1091 2203 1178 2227; x_wconf 89' lang='lat' dir='ltr'>cum</span> <span class='ocrx_word' id='word_1_252' title='bbox 1196 2189 1376 2227; x_wconf 86' lang='lat' dir='ltr'>Etruscis</span> <span class='ocrx_word' id='word_1_253' title='bbox 1401 2189 1593 2227; x_wconf 89' lang='lat' dir='ltr'>dimicant</span> <span class='ocrx_word' id='word_1_254' title='bbox 1610 2188 1712 2235; x_wconf 72' lang='lat' dir='ltr'>acie,</span> 
     </span>
     <span class='ocr_line' id='line_1_30' title="bbox 210 2260 1713 2311; baseline 0 -14"><span class='ocrx_word' id='word_1_255' title='bbox 210 2261 257 2297; x_wconf 86' lang='lat'>11</span> <span class='ocrx_word' id='word_1_256' title='bbox 278 2273 504 2310; x_wconf 87' lang='lat' dir='ltr'>quanquam</span> <span class='ocrx_word' id='word_1_257' title='bbox 536 2263 604 2298; x_wconf 84' lang='lat' dir='ltr'>vix</span> <span class='ocrx_word' id='word_1_258' title='bbox 637 2262 839 2311; x_wconf 87' lang='lat' dir='ltr'>dirigendi</span> <span class='ocrx_word' id='word_1_259' title='bbox 871 2262 992 2299; x_wconf 88' lang='lat' dir='ltr'>aciem</span> <span class='ocrx_word' id='word_1_260' title='bbox 1025 2262 1199 2311; x_wconf 84' lang='lat' dir='ltr'>spatium</span> <span class='ocrx_word' id='word_1_261' title='bbox 1217 2260 1455 2299; x_wconf 89' lang='lat' dir='ltr'>Veientibus</span> <span class='ocrx_word' id='word_1_262' title='bbox 1485 2260 1581 2307; x_wconf 87' lang='lat' dir='ltr'>fuit;</span> <span class='ocrx_word' id='word_1_263' title='bbox 1615 2260 1713 2297; x_wconf 88' lang='lat' dir='ltr'>adeo</span> 
     </span>
     <span class='ocr_line' id='line_1_31' title="bbox 278 2321 1715 2383; baseline 0 -15"><span class='ocrx_word' id='word_1_264' title='bbox 278 2332 380 2369; x_wconf 91' lang='lat' dir='ltr'>inter</span> <span class='ocrx_word' id='word_1_265' title='bbox 410 2333 580 2382; x_wconf 83' lang='lat' dir='ltr'>primam</span> <span class='ocrx_word' id='word_1_266' title='bbox 611 2334 935 2382; x_wconf 86' lang='lat' dir='ltr'>trepidationem,</span> <span class='ocrx_word' id='word_1_267' title='bbox 968 2334 1061 2370; x_wconf 89' lang='lat' dir='ltr'>dum</span> <span class='ocrx_word' id='word_1_268' title='bbox 1087 2337 1178 2383; x_wconf 89' lang='lat' dir='ltr'>post</span> <span class='ocrx_word' id='word_1_269' title='bbox 1194 2321 1310 2382; x_wconf 73' lang='lat' dir='ltr'>signa</span> <span class='ocrx_word' id='word_1_270' title='bbox 1327 2332 1490 2369; x_wconf 84' lang='lat' dir='ltr'>ordines</span> <span class='ocrx_word' id='word_1_271' title='bbox 1506 2331 1715 2369; x_wconf 90' lang='lat' dir='ltr'>introeunt</span> 
     </span>
     <span class='ocr_line' id='line_1_32' title="bbox 277 2402 1712 2453; baseline -0.001 -13"><span class='ocrx_word' id='word_1_272' title='bbox 277 2403 538 2453; x_wconf 87' lang='lat' dir='ltr'>subsidiaque</span> <span class='ocrx_word' id='word_1_273' title='bbox 569 2404 714 2450; x_wconf 87' lang='lat' dir='ltr'>locant,</span> <span class='ocrx_word' id='word_1_274' title='bbox 747 2405 902 2442; x_wconf 83' lang='lat' dir='ltr'>invecta</span> <span class='ocrx_word' id='word_1_275' title='bbox 933 2405 1065 2442; x_wconf 89' lang='lat' dir='ltr'>subito</span> <span class='ocrx_word' id='word_1_276' title='bbox 1097 2405 1146 2441; x_wconf 91' lang='lat' dir='ltr'>ab</span> <span class='ocrx_word' id='word_1_277' title='bbox 1178 2404 1304 2441; x_wconf 85' lang='lat' dir='ltr'>latere</span> <span class='ocrx_word' id='word_1_278' title='bbox 1326 2403 1508 2440; x_wconf 84' lang='lat' dir='ltr'>Romana</span> <span class='ocrx_word' id='word_1_279' title='bbox 1533 2402 1712 2452; x_wconf 88' lang='lat' dir='ltr'>equitum</span> 
     </span>
     <span class='ocr_line' id='line_1_33' title="bbox 278 2473 1713 2525; baseline -0.001 -14"><span class='ocrx_word' id='word_1_280' title='bbox 278 2475 341 2512; x_wconf 88' lang='lat' dir='ltr'>ala</span> <span class='ocrx_word' id='word_1_281' title='bbox 372 2488 451 2512; x_wconf 89' lang='lat' dir='ltr'>non</span> <span class='ocrx_word' id='word_1_282' title='bbox 475 2488 620 2525; x_wconf 86' lang='lat' dir='ltr'>pugnae</span> <span class='ocrx_word' id='word_1_283' title='bbox 644 2475 760 2513; x_wconf 90' lang='lat' dir='ltr'>modo</span> <span class='ocrx_word' id='word_1_284' title='bbox 779 2475 1029 2524; x_wconf 78' lang='lat' dir='ltr'>incipiendae,</span> <span class='ocrx_word' id='word_1_285' title='bbox 1061 2475 1130 2513; x_wconf 90' lang='lat' dir='ltr'>sed</span> <span class='ocrx_word' id='word_1_286' title='bbox 1148 2474 1391 2513; x_wconf 88' lang='lat' dir='ltr'>consistendi</span> <span class='ocrx_word' id='word_1_287' title='bbox 1408 2474 1556 2511; x_wconf 90' lang='lat' dir='ltr'>ademit</span> <span class='ocrx_word' id='word_1_288' title='bbox 1571 2473 1713 2511; x_wconf 90' lang='lat' dir='ltr'>locum.</span> 
     </span>
     <span class='ocr_line' id='line_1_34' title="bbox 212 2545 1711 2595; baseline 0 -13"><span class='ocrx_word' id='word_1_289' title='bbox 212 2547 261 2582; x_wconf 71' lang='lat'>12</span> <span class='ocrx_word' id='word_1_290' title='bbox 280 2547 344 2584; x_wconf 84' lang='lat' dir='ltr'>lta</span> <span class='ocrx_word' id='word_1_291' title='bbox 389 2547 466 2584; x_wconf 83' lang='lat' dir='ltr'>fusi</span> <span class='ocrx_word' id='word_1_292' title='bbox 504 2550 612 2584; x_wconf 88' lang='lat' dir='ltr'>retro</span> <span class='ocrx_word' id='word_1_293' title='bbox 651 2546 700 2583; x_wconf 88' lang='lat' dir='ltr'>ad</span> <span class='ocrx_word' id='word_1_294' title='bbox 739 2559 833 2583; x_wconf 84' lang='lat' dir='ltr'>saxa</span> <span class='ocrx_word' id='word_1_295' title='bbox 863 2546 1004 2583; x_wconf 85' lang='lat' dir='ltr'>Rubra</span> <span class='ocrx_word' id='word_1_296' title='bbox 1035 2546 1108 2595; x_wconf 85' lang='lat' dir='ltr'>(ibi</span> <span class='ocrx_word' id='word_1_297' title='bbox 1140 2551 1269 2584; x_wconf 87' lang='lat' dir='ltr'>castra</span> <span class='ocrx_word' id='word_1_298' title='bbox 1299 2545 1529 2594; x_wconf 88' lang='lat' dir='ltr'>habebant),</span> <span class='ocrx_word' id='word_1_299' title='bbox 1573 2557 1711 2594; x_wconf 86' lang='lat' dir='ltr'>pacem</span> 
     </span>
     <span class='ocr_line' id='line_1_35' title="bbox 277 2616 1711 2668; baseline -0.001 -14"><span class='ocrx_word' id='word_1_300' title='bbox 277 2618 478 2668; x_wconf 73' lang='lat' dir='ltr'>supplices</span> <span class='ocrx_word' id='word_1_301' title='bbox 509 2621 659 2668; x_wconf 87' lang='lat' dir='ltr'>petunt.</span> <span class='ocrx_word' id='word_1_302' title='bbox 710 2617 832 2655; x_wconf 85' lang='lat' dir='ltr'>Cuius</span> <span class='ocrx_word' id='word_1_303' title='bbox 866 2617 1097 2667; x_wconf 71' lang='lat' dir='ltr'>impetratae,</span> <span class='ocrx_word' id='word_1_304' title='bbox 1129 2617 1177 2654; x_wconf 91' lang='lat' dir='ltr'>ab</span> <span class='ocrx_word' id='word_1_305' title='bbox 1209 2617 1331 2654; x_wconf 87' lang='lat' dir='ltr'>insita</span> <span class='ocrx_word' id='word_1_306' title='bbox 1361 2616 1504 2654; x_wconf 86' lang='lat' dir='ltr'>animis</span> <span class='ocrx_word' id='word_1_307' title='bbox 1535 2616 1711 2663; x_wconf 85' lang='lat' dir='ltr'>levitate,</span> 
     </span>
     <span class='ocr_line' id='line_1_36' title="bbox 276 2687 1575 2738; baseline -0.001 -13"><span class='ocrx_word' id='word_1_308' title='bbox 276 2693 368 2726; x_wconf 83' lang='lat' dir='ltr'>ante</span> <span class='ocrx_word' id='word_1_309' title='bbox 400 2690 614 2728; x_wconf 88' lang='lat' dir='ltr'>deductum</span> <span class='ocrx_word' id='word_1_310' title='bbox 647 2688 834 2727; x_wconf 88' lang='lat' dir='ltr'>Cremera</span> <span class='ocrx_word' id='word_1_311' title='bbox 863 2689 1087 2726; x_wconf 85' lang='lat' dir='ltr'>Romanum</span> <span class='ocrx_word' id='word_1_312' title='bbox 1119 2688 1350 2738; x_wconf 88' lang='lat' dir='ltr'>praesidium</span> <span class='ocrx_word' id='word_1_313' title='bbox 1379 2687 1575 2738; x_wconf 78' lang='lat' dir='ltr'>paenituit.</span> 
     </span>
    </p>
   </div>
  </div>
 </body>
</html>
