1821 2928
54 541 92 569 A.
108 548 164 568 ιιο

60 580 96 607 Α.
115 580 169 666 (31.

118 2552 170 2601 10

266 139 316 176 70
711 134 825 169 Liber
850 133 902 168 Π.
952 134 1008 177 (A.
1035 145 1069 168 u.
1096 144 1124 168 c.
1150 134 1246 176 246.)

263 264 359 302 cilis.
406 263 520 302 Nihil
553 262 663 300 aliud
695 262 746 299 ad
777 274 865 299 eum
891 262 1073 300 nuntium
1097 274 1119 299 a
1143 261 1349 311 proposito
1375 272 1546 306 aversus,
1578 272 1696 310 quam

261 340 306 374 ut
337 335 505 374 cadaver
537 333 666 372 efferri
699 333 867 379 iuberet,
898 338 1036 371 tenens
1062 336 1214 383 postem
1241 332 1512 382 precationem
1537 331 1697 381 peragit

262 411 301 446 et
332 407 492 445 dedicat
522 405 729 456 templum.

218 480 240 516 9
373 478 477 532 Haec-
518 480 608 528 post
653 481 813 515 exactos
860 490 973 526 reges
1011 476 1118 514 domi
1158 475 1394 525 militiaeque
1425 477 1536 523 gesta
1566 474 1695 524 primo

166 542 243 567 '²⁴⁶‘
266 564 380 589 anno.
442 550 543 587 Inde
575 549 622 589 P.
650 548 838 587 Valerius
870 550 1024 595 iterum,
1055 547 1100 586 T.
1131 547 1345 585 Lucretius
1377 546 1558 584 consules
1589 546 1696 584 facti.

189 582 245 606 508.

261 623 348 661 Iam
372 621 587 672 Tarquinii
620 621 668 658 ad
685 621 847 659 Lartem
865 620 1113 666 Porsinnam,
1147 618 1357 657 Clusinum
1388 631 1533 668 regem,
1563 617 1695 668 perfu-

260 698 412 744 gerant.
471 694 535 731 Ibi
567 693 768 731 miscendo
801 693 1011 731 consilium
1042 704 1258 742 precesque
1290 703 1394 728 nunc
1425 690 1607 740 orabant,
1646 702 1695 726 ne

261 779 315 806 se.
332 766 522 803 oriundos
539 778 587 802 ex
606 764 801 811 Etruscis,
826 765 1003 803 eiusdem
1021 763 1225 813 sanguinis
1243 762 1507 811 nominisque,
1536 763 1696 810 egentes

218 838 241 874 2
262 837 443 876 exsulare
467 840 684 887 pateretur,
717 850 821 874 nunc
848 836 1062 875 monebant
1087 836 1218 881 etiam,
1249 848 1297 871 ne
1327 834 1520 871 orientem
1547 846 1695 871 morem

263 909 439 959 pellendi
471 922 584 958 reges
610 908 780 946 inultum
807 909 964 946 sineret.
1013 906 1118 945 Satis
1143 906 1370 944 libertatem
1396 906 1523 956 ipsam
1548 905 1696 944 habere

220 981 243 1019 3
261 981 498 1019 dulcedinis.
543 980 642 1027 Nisi,
670 984 820 1030 quanta
843 981 883 1018 vi
907 980 1090 1017 civitates
1108 992 1192 1017 eam
1210 980 1410 1028 expetant,
1442 980 1554 1015 tanta
1569 990 1694 1027 regna

260 1066 373 1102 reges
399 1052 625 1099 defendant,
658 1052 808 1102 aequari
835 1065 988 1090 summa
1014 1051 1177 1096 infimis;
1210 1049 1311 1087 nihil
1338 1049 1550 1098 excelsum,
1583 1048 1695 1095 nihil,

260 1125 367 1175 quod
398 1137 517 1174 supra
549 1127 682 1162 cetera
714 1125 897 1170 emineat,
936 1124 976 1160 in
1009 1122 1241 1160 civitatibus
1272 1122 1376 1168 fore3
1409 1121 1546 1160 adesse
1577 1120 1695 1158 finem

219 1197 406 1245 4regnis.
454 1197 511 1233 rei
559 1197 663 1233 inter
703 1196 797 1234 deos
837 1196 1099 1244 hominesque
1130 1194 1422 1244 pulcherrimae.
1483 1193 1695 1239 Porsinna,

259 1281 379 1318 quum
411 1280 544 1316 regem
577 1281 660 1305 esse
691 1267 843 1317 Romae,
875 1271 959 1304 tum
977 1266 1156 1304 Etruscae
1187 1266 1317 1314 gentis
1343 1278 1488 1315 regem,
1521 1264 1695 1314 amplum

218 1339 403 1378 5Tuscis
433 1342 555 1389 ratus,
596 1339 763 1377 Romam
802 1339 947 1377 infesto
986 1338 1166 1376 exercitu
1205 1337 1329 1375 venit.
1389 1337 1480 1376 Non
1518 1349 1693 1387 unquam

259 1412 357 1450 alias
389 1415 479 1449 ante
510 1414 645 1448 tantus
676 1414 808 1448 terror
834 1414 1015 1448 senatum
1041 1410 1207 1455 invasit3
1240 1409 1338 1446 adeo
1364 1408 1501 1447 valida
1524 1422 1586 1446 res
1609 1412 1695 1446 tum

260 1482 427 1521 Clusina
458 1486 543 1520 erat
574 1495 840 1532 magnumque
858 1482 1067 1520 Porsinnae
1098 1494 1251 1519 nomen.
1297 1480 1382 1520 Nec
1412 1481 1545 1518 hostes
1577 1479 1693 1518 modo

258 1555 463 1602 timebant,
497 1554 566 1592 sed
597 1558 770 1593 suosmet
800 1555 878 1605 ipsi
902 1554 1020 1603 cives,
1054 1566 1103 1590 ne
1127 1553 1308 1590 Romana
1333 1553 1447 1603 plebs
1472 1555 1580 1590 metu
1605 1565 1694 1603 per-

259 1627 379 1674 culsa,
412 1626 584 1676 receptis
610 1627 649 1663 in
675 1627 815 1664 urbem
838 1626 1015 1675 regibus,
1046 1625 1109 1663 vel
1141 1638 1228 1662 cum
1252 1625 1444 1662 servitute
1467 1637 1605 1674 pacem
1632 1637 1693 1663 ac-

216 1699 418 1749 6ciperet.
477 1698 609 1736 Multa
648 1698 773 1746 igitur
812 1697 1086 1735 blandimenta
1123 1696 1232 1746 plebi
1272 1709 1343 1746 per
1382 1696 1425 1733 id
1457 1699 1612 1746 tempus
1643 1695 1693 1734 ab

258 1774 399 1808 senatu
430 1769 535 1810 data.
596 1769 780 1807 Annonae
812 1770 853 1807 in
884 1769 1023 1820 primis
1053 1768 1195 1806 habita
1226 1781 1333 1815 cura,
1371 1771 1409 1805 et
1440 1768 1492 1806 ad
1522 1768 1692 1806 frumen-

256 1846 340 1880 tum
382 1841 690 1892 comparandum
730 1842 840 1880 missi
870 1841 943 1878 alii
975 1841 1017 1878 in
1048 1839 1228 1890 Volscos,
1269 1839 1342 1877 alii
1373 1839 1528 1877 Cumas.
1588 1838 1693 1877 Salis

258 1927 416 1963 quoque
447 1913 647 1951 vendendi
679 1913 903 1959 arbitrium,
934 1912 1030 1962 quia
1062 1912 1240 1961 impenso
1272 1912 1405 1961 pretio
1436 1911 1613 1958 venibat,
1650 1911 1693 1948 in

257 1985 462 2035 publicum
494 1998 607 2022 omne
639 1989 850 2035 sumptum,
884 1985 1112 2034 ademptum
1130 1983 1315 2033 privatis;
1349 1983 1623 2033 portoriisque
1654 1985 1693 2020 et

256 2055 408 2094 tributo
433 2055 571 2105 plebes
596 2056 778 2104 liberata,
804 2060 850 2094 ut
875 2056 1018 2094 divites
1045 2055 1282 2104 conferrent,
1308 2055 1379 2104 qui
1403 2055 1514 2093 oneri
1531 2053 1694 2092 ferendo

258 2130 406 2165 essent:
438 2141 632 2178 pauperes
663 2129 761 2166 satis
792 2127 983 2179 stipendii
1014 2126 1199 2177 pendere,
1232 2127 1265 2164 si
1289 2126 1439 2164 liberos
1466 2127 1691 2164 educerent.

217 2198 400 2248 7Itaque
440 2199 522 2236 haec
565 2199 815 2249 indulgentia
845 2203 1004 2250 patrum
1036 2198 1187 2248 asperis
1218 2197 1470 2247 postmodum
1500 2197 1621 2236 rebus
1652 2198 1693 2235 in

257 2270 467 2308 obsidione
494 2283 538 2308 ac
562 2271 665 2309 fame
691 2271 790 2310 adeo
817 2270 1050 2310 concordem
1076 2269 1278 2307 civitatem
1303 2270 1445 2317 tenuit,
1468 2273 1512 2307 ut
1535 2269 1692 2318 regium

214 2341 240 2378 8
256 2355 398 2379 nomen
423 2355 502 2380 non
527 2344 668 2380 summi
695 2344 821 2392 magis
846 2356 964 2393 quam
991 2341 1118 2379 infimi
1143 2341 1363 2389 horrerent,
1394 2354 1465 2379 nec
1482 2341 1691 2392 quisquam

256 2427 357 2452 unus
382 2413 496 2451 malis
519 2413 675 2452 artibus
702 2418 841 2464 postea
864 2419 945 2452 tam
970 2412 1179 2464 popularis
1206 2417 1321 2459 esset,
1348 2427 1467 2463 quam
1491 2417 1575 2451 tum
1592 2413 1692 2451 bene

258 2485 489 2535 imperando
521 2486 730 2522 universus
762 2490 920 2523 senatus
951 2486 1039 2523 fuit.

372 2556 503 2604 Quum
533 2555 666 2594 hostes
692 2556 886 2603 adessent,
917 2569 990 2606 pro
1015 2570 1055 2594 se
1085 2557 1255 2607 quisque
1283 2556 1324 2593 in
1347 2555 1487 2593 urbem
1511 2568 1560 2593 ex
1584 2556 1692 2605 agris

258 2627 502 2677 demigrant;
531 2628 667 2666 urbem
701 2628 827 2677 ipsam
858 2628 1031 2677 saepiunt
1061 2627 1272 2677 praesidiis.
1311 2627 1411 2664 Alia
1442 2627 1578 2674 muris,
1610 2627 1691 2666 alia

214 2699 237 2735 2
256 2698 394 2737 Tiberi
427 2700 583 2738 obiecto
614 2699 858 2737 videbantur
888 2702 994 2745 tuta3
1028 2712 1126 2748 pons
1158 2698 1351 2736 sublicius
1382 2699 1458 2736 iter
1485 2711 1597 2748 paene
1620 2699 1690 2737 ho·
