1821 2928
298 142 375 180 160
676 138 789 175 Liber
814 138 887 173 ΠΙ.
939 140 998 183 (A.
1024 152 1058 177 u.
1085 151 1114 174 c.
1140 141 1350 185 304—305.)

295 267 512 307 crudelitas
545 274 657 316 esset,
703 269 895 307 bonorum
938 267 1106 306 donatio
1131 268 1243 317 sequi
1275 268 1427 306 domini
1465 269 1717 320 supplicium.

293 337 382 376 Hac
415 343 593 380 mercede
632 342 818 381 iuventus
857 340 1006 379 nobilis
1045 343 1232 389 corrupta
1270 353 1348 378 non
1389 341 1506 379 modo
1544 355 1622 380 non
1660 342 1720 380 ire

296 410 451 449 obviam
495 413 669 464 iniuriae,
717 414 785 452 sed
816 413 1022 464 propalam
1054 411 1257 449 licentiam
1296 425 1406 450 suam
1445 414 1561 451 malle
1601 427 1719 464 quam

296 483 469 521 omnium
500 485 739 524 libertatem.

178 548 232 598 38
408 555 506 594 Idus
524 558 640 596 Maiae
657 571 811 597 venere.
845 557 978 597 Nullis
995 556 1221 605 subrogatis
1239 555 1548 605 magistratibus,
1571 557 1722 606 privati

84 618 122 643 A.
133 625 161 644 u.
175 627 198 645 c.
225 623 282 646 305.

101 659 138 685 A.
154 660 273 687 mmm
295 639 367 676 pro
394 627 642 677 decemviris,
674 644 803 681 neque
829 630 972 669 animis
999 628 1049 666 ad
1076 628 1285 678 imperium
1312 627 1572 665 inhibendum
1595 628 1722 666 immi-

294 699 404 737 nutis
431 715 558 751 neque
590 702 640 740 ad
671 702 844 753 speciem
872 701 1032 739 honoris
1049 700 1287 749 insignibus,
1320 700 1530 750 prodeunt.
1562 699 1613 737 Id
1628 713 1723 739 vero

249 778 272 814 2
292 783 458 820 regnum
483 774 588 812 haud
618 775 737 812 dubie
759 774 905 812 videri.
965 773 1214 822 Deploratur
1231 772 1271 809 in
1287 774 1522 822 perpetuum
1541 771 1722 822 libertas,

294 855 368 880 nec
399 844 546 883 vindex
581 846 791 896 quisquam
825 846 979 883 exsistit
1010 847 1078 882 aut
1108 844 1264 881 futurus
1295 843 1469 882 videtur.
1528 843 1613 882 Nec
1643 843 1722 894 ipsi

290 914 416 952 solum
449 916 744 967 desponderant
775 917 941 965 animos,
975 916 1043 954 sed
1068 900 1273 953 'contemni
1304 915 1425 965 coepti
1449 918 1565 954 erant
1587 930 1610 954 a
1631 915 1721 953 fini-

291 985 403 1024 timis
435 990 605 1039 populis,
653 989 946 1039 imperiumque
980 988 1036 1026 ibi
1069 1002 1164 1035 esse,
1204 987 1274 1024 ubi
1306 1000 1385 1024 non
1416 991 1518 1026 esset
1547 987 1724 1035 libertas,

247 1061 270 1098 3
293 1058 626 1108 indignabantur.
697 1060 841 1099 Sabini
874 1073 1016 1109 magna
1046 1073 1165 1098 manu
1194 1059 1459 1097 incursionem
1497 1059 1538 1097 in
1582 1073 1721 1110 agrum

290 1129 514 1170 Romanum
556 1134 703 1180 fecere;
763 1134 922 1183 lateque
969 1133 1151 1182 populati
1197 1145 1318 1181 quum
1349 1131 1552 1170 hominum
1597 1135 1718 1182 atque

249 1198 256 1202 ⁴
290 1203 486 1251 pecudum
520 1205 637 1243 inulti
681 1205 836 1255 praedas
868 1205 1056 1254 egissent,
1101 1207 1262 1253 recepto
1301 1204 1352 1241 ad
1390 1203 1568 1253 Eretum,
1616 1204 1723 1254 quod

294 1275 441 1323 passim
473 1282 658 1326 vagatum
693 1280 788 1323 erat,
820 1277 977 1326 agmine
995 1280 1125 1314 castra
1142 1276 1288 1324 locant,
1321 1288 1430 1325 spem
1456 1275 1497 1312 in
1522 1275 1724 1314 discordia

250 1345 274 1380 4
301 1345 482 1386 Romana
512 1352 721 1399 ponentes:
768 1362 854 1387 eam
896 1347 1223 1398 impedimentum
1262 1347 1426 1385 dilectui
1463 1347 1559 1386 fore.
1634 1347 1724 1386 Non

292 1420 425 1457 nuntii
456 1422 596 1470 solum,
644 1422 713 1460 sed
754 1434 825 1471 per
865 1421 1002 1457 urbem
1044 1419 1259 1468 agrestium
1289 1419 1385 1469 fuga
1412 1419 1722 1470 trepidationem
1779 1425 1786 1430 '

291 1490 438 1529 iniecit.
501 1493 729 1532 Decemviri
761 1493 999 1539 consultant,
1039 1491 1136 1541 quid
1167 1504 1265 1541 opus
1296 1491 1400 1529 facto
1431 1490 1494 1541 sit,
1542 1490 1726 1528 destituti

287 1562 394 1599 inter
424 1568 581 1613 patrum
615 1570 654 1603 et
685 1566 813 1615 plebis
847 1565 950 1604 odia.
1020 1564 1153 1601 Addit
1183 1568 1375 1601 terrorem
1406 1563 1570 1612 insuper
1600 1562 1723 1600 alium

247 1618 459 1673 5fortuna.
534 1637 660 1686 AEqui
700 1637 780 1674 alia
820 1651 867 1674 ex
907 1640 1023 1686 parte
1069 1640 1199 1674 castra
1237 1635 1280 1671 in
1311 1633 1466 1684 Algido
1497 1634 1632 1672 locant
1661 1633 1726 1672 de-

289 1706 612 1758 populanturque
631 1708 723 1746 inde
743 1708 1045 1746 excursionibus
1063 1706 1333 1744 Tusculanum
1351 1718 1510 1754 agrum;
1537 1705 1660 1754 legati
1679 1718 1726 1744 ea

253 1770 276 1807 6
296 1779 345 1817 ab
378 1778 563 1829 Tusculo,
595 1779 825 1831 praesidium
858 1783 1026 1825 orantes,
1059 1777 1258 1816 nuntiant.
1318 1777 1360 1815 Is
1391 1787 1516 1827 pavor
1547 1777 1726 1827 perpulit

289 1850 544 1898 decemviros,
575 1856 620 1890 ut
651 1855 843 1898 senatum,
875 1851 993 1888 simul
1026 1850 1179 1888 duobus
1206 1848 1555 1887 circumstantibus
1585 1848 1723 1886 urbem

288 1922 419 1971 bellis,
438 1925 702 1962 consulerent.
749 1923 876 1961 Citari
895 1923 1033 1960 iubent
1049 1922 1089 1959 in
1107 1922 1256 1959 curiam
1273 1925 1421 1972 patres,
1452 1921 1559 1959 haud
1575 1921 1722 1971 ignari,

250 2008 270 2044 7
299 1998 449 2044 quanta
478 1995 642 2034 invidiae
673 1996 899 2033 immineret
928 1997 1158 2044 tempestas:
1191 2007 1324 2032 omnes
1340 1992 1487 2031 vastati
1513 1993 1600 2042 agri
1622 1993 1725 2043 peri-

300 2067 557 2118 culorumque
573 2067 863 2105 imminentium
880 2080 1018 2105 causas
1041 2066 1082 2103 in
1098 2079 1138 2103 se
1155 2068 1426 2115 congesturos,
1451 2065 1727 2102 tentationem·

288 2151 365 2189 que
382 2152 466 2176 eam
485 2140 569 2178 fore
586 2139 772 2178 abolendi
789 2138 868 2176 sibi
895 2138 1164 2188 magistratus,
1197 2137 1239 2174 ni
1271 2149 1465 2175 consensu
1490 2137 1725 2176 resisterent

286 2212 534 2261 imperioque
553 2211 772 2249 inhibendo
786 2211 932 2249 acriter
949 2210 990 2247 in
1006 2222 1156 2260 paucos
1174 2208 1403 2259 praeferocis
1419 2208 1542 2246 animi
1559 2211 1723 2247 conatus

242 2283 266 2320 8
286 2283 458 2321 aliorum
490 2284 809 2333 comprimerent.
872 2282 1092 2332 Postquam
1109 2281 1249 2319 audita
1264 2293 1341 2319 vox
1364 2279 1405 2317 in
1431 2279 1517 2318 foro
1541 2283 1601 2318 est
1621 2293 1722 2331 prae-

289 2355 400 2393 conis
431 2358 565 2406 patres
590 2355 632 2392 in
660 2355 808 2394 curiam
828 2355 879 2392 ad
900 2353 1145 2392 decemviros
1161 2352 1352 2402 vocantis,
1384 2351 1498 2389 velut
1520 2365 1623 2390 nova
1644 2365 1722 2400 res,

294 2428 389 2478 quia
418 2427 716 2465 intermiserant
746 2426 824 2463 iam
856 2425 925 2463 diu
957 2437 1106 2463 morem
1138 2423 1370 2462 consulendi
1400 2426 1572 2473 senatus,
1604 2424 1721 2462 mira-

294 2499 471 2537 bundam
501 2498 659 2548 plebem
691 2497 898 2543 convertit,
944 2496 1136 2546 quidnam
1166 2495 1383 2542 incidisset,
1429 2507 1500 2533 cur
1530 2507 1578 2533 ex
1607 2497 1720 2533 tanto

251 2578 274 2614 9
292 2571 504 2608 intervallo
529 2583 611 2608 rem
628 2568 831 2607 desuetam
855 2571 1112 2617 usurparent3
1143 2567 1326 2606 hostibus
1341 2565 1530 2618 belloque
1547 2566 1720 2617 gratiam

292 2642 537 2690 habendam,
584 2640 693 2692 quod
738 2639 899 2678 solitum
943 2639 1159 2689 quicquam
1204 2638 1342 2676 liberae
1387 2635 1546 2674 civitati
1589 2634 1717 2674 fieret.

294 2713 637 2764 Circumspectare
682 2710 866 2751 omnibus
911 2710 988 2749 fori
1032 2709 1214 2760 partibus
1258 2710 1493 2754 senatorem,
1546 2717 1722 2756 raroque
