1821 2928
515 135 630 170 Liber
655 135 727 170 ΙΙΙ.
779 137 839 179 (A.
867 135 932 170 Ch.
958 137 1051 181 449.)
1425 141 1499 176 177

66 266 218 304 sulatus
249 263 456 315 popularis
488 263 573 301 sine
604 263 688 300 ulla¹
714 266 873 313 patrum
899 263 1047 301 iniuria
1079 276 1149 301 nec
1181 263 1266 301 sine
1293 262 1508 302 offensione

65 338 161 384 fuit;
194 336 387 387 quicquid
413 335 517 372 enim
535 334 717 372 libertati
741 334 870 385 plebis
889 339 1110 384 caveretur,
1144 335 1183 372 id
1215 336 1296 373 suis
1313 336 1504 374 decedere
1522 337 1545 373 2

66 408 209 460 opibus
241 407 468 446 credebant.
539 405 728 444 Omnium
759 407 946 457 primum,
980 420 1102 456 quum
1133 408 1241 444 velut
1275 408 1316 445 in
1349 412 1504 446 contro·
1523 409 1546 446 3

66 494 179 519 verso
198 481 283 518 iure
302 483 418 527 esset,
450 482 732 516 tenerenturne
749 482 883 528 patres
900 478 1138 528 plebiscitis,
1165 479 1291 528 legem
1311 480 1508 518 centuria—

59 553 119 590 tis
137 553 308 591 comitiis
333 552 474 601 tulere,
509 554 565 597 ut,
598 551 705 600 quod
733 551 917 589 tributim
935 550 1072 601 plebes
1092 551 1284 597 iussisset,
1316 552 1506 602 populum

66 627 240 671 teneret3
260 637 338 674 qua
354 624 442 673 lege
459 623 689 660 tribuniciis
698 623 975 672 rogationibus
987 623 1111 661 telum
1125 624 1359 661 acerrimum
1371 624 1506 662 datum

67 700 139 735 est.
186 695 323 733 Aliam
356 695 499 733 deinde
517 695 768 732 consularem
787 695 915 744 legem
947 694 996 732 de
1011 695 1310 745 provocatione,
1343 697 1503 733 unicum
1522 702 1546 738 4

67 767 300 818 praesidium
325 767 539 813 libertatis,
571 766 834 804 decemvirali
858 769 1057 816 potestate
1074 780 1265 817 eversam,
1299 780 1377 805 non
1394 769 1506 806 resti-

66 844 186 878 tuunt
202 839 331 886 modo,
365 839 433 877 sed
466 839 585 876 etiam
618 839 659 876 in
690 842 892 888 posterum
918 839 1103 876 muniunt
1126 839 1340 877 sanciendo
1366 853 1507 878 novam

67 912 207 962 legem,
238 924 286 949 ne
319 911 407 961 quis
439 911 563 948 ullum
595 911 875 960 magistratum
907 911 992 948 sine
1016 911 1303 960 provocatione
1335 915 1505 950 crearet:
1526 916 1548 953 5

68 985 137 1034 qui
169 987 352 1031 creasset,
385 997 472 1020 eum
503 983 564 1021 ius
592 983 730 1033 fasque
758 986 860 1020 esset
888 983 1028 1029 occidi,
1061 995 1161 1020 neve
1185 996 1231 1020 ea
1256 983 1383 1021 caedes
1401 984 1506 1034 capi-

68 1056 162 1094 talis
179 1069 293 1093 noxae
311 1056 538 1093 haberetur.
581 1055 635 1092 Et
659 1069 781 1106 quum
799 1055 958 1106 plebem
974 1055 1070 1093 hinc
1086 1056 1380 1105 provocatione,
1413 1056 1506 1094 hinc
1525 1062 1548 1098 6

65 1128 281 1166 tribunicio
325 1128 475 1165 auxilio
507 1128 606 1165 satis
637 1127 872 1175 firmassent,
905 1128 1004 1178 ipsis
1037 1141 1196 1178 quoque
1235 1127 1424 1174 tribunis,
1463 1133 1506 1166 ut

69 1200 313 1238 sacrosancti
330 1200 577 1247 viderentur,
608 1200 722 1237 cuius
739 1200 799 1237 rei
816 1213 942 1250 prope
959 1201 1037 1238 iam
1055 1200 1244 1238 memoria
1261 1199 1505 1248 aboleverat,

66 1272 209 1310 relatis
241 1271 480 1322 quibusdam
513 1286 561 1309 ex
593 1285 736 1321 magno
764 1272 975 1310 intervallo
994 1271 1233 1309 caerimoniis
1250 1275 1506 1321 renovarunt,

68 1348 109 1381 et
139 1358 261 1394 quum
279 1345 475 1393 religione
492 1344 707 1382 inviolatos
724 1357 803 1392 eos,
836 1347 920 1381 tum
951 1344 1037 1393 lege
1055 1344 1175 1381 etiam
1191 1344 1382 1383 fecerunt.
1416 1357 1504 1382 san·
1525 1345 1546 1382 7

69 1416 222 1463 ciendo,
261 1420 316 1462 ut,
349 1417 418 1466 qui
443 1416 621 1454 tribunis
645 1415 789 1465 plebis,
815 1415 1014 1465 aedilibus,
1034 1415 1250 1466 iudicibus,
1269 1416 1507 1454 decemviris

66 1487 280 1537 nocuisset,
329 1488 412 1525 eius
455 1491 575 1537 caput
613 1487 703 1525 Iovi
745 1501 899 1526 sacrum
942 1492 1054 1536 esset,
1099 1488 1253 1526 familia
1298 1488 1348 1525 ad
1381 1487 1505 1525 aedem

67 1558 237 1608 Cereris,
270 1559 410 1597 Liberi
427 1559 666 1609 Liberaeque
696 1572 840 1597 venum
873 1560 963 1598 iret.
1008 1560 1098 1598 Hac
1130 1560 1218 1609 lege
1251 1560 1348 1597 iuris
1382 1560 1501 1598 inter·
1521 1565 1545 1602 8

66 1635 199 1681 pretes
231 1635 377 1680 negant
409 1645 646 1681 quemquam
679 1635 976 1670 sacrosanctum
1009 1646 1106 1683 esse,
1150 1632 1230 1679 sed,
1261 1645 1383 1682 quum
1415 1633 1505 1682 quis

64 1715 201 1740 eorum
241 1703 413 1754 cuipiam
452 1704 645 1753 nocuerit,
694 1703 735 1741 id
775 1717 932 1742 sacrum
963 1705 1131 1751 sanciri3
1178 1704 1315 1755 itaque
1348 1705 1544 1747 aedilem9

66 1775 211 1825 prendi
243 1775 416 1825 ducique
448 1776 708 1814 amaioribus
724 1777 1038 1825 magistratibus,
1070 1776 1178 1827 quod
1211 1777 1285 1815 etsi
1317 1790 1396 1814 non
1420 1778 1506 1815 iure

63 1845 135 1885 fiat
165 1846 316 1895 (noceri
342 1847 446 1885 enim
473 1848 520 1895 ei,
555 1848 618 1885 cui
645 1848 718 1886 hac
744 1849 831 1898 lege
856 1863 934 1887 non
967 1847 1111 1900 liceat),
1143 1853 1276 1888 tamen
1294 1862 1506 1898 argumen-

62 1922 149 1956 tum
182 1932 278 1966 esse,
311 1932 389 1957 non
416 1919 556 1957 haberi
589 1933 662 1970 pro
679 1924 932 1959 sacrosancto
958 1921 1137 1968 aedilem;
1168 1922 1354 1960 tribunos
1372 1925 1502 1960 vetere
1526 1926 1576 1963 10

65 1991 153 2029 iure
191 1991 362 2029 iurando
400 1991 540 2042 plebis,
581 2005 702 2042 quum
741 1992 915 2042 primum
956 2006 1040 2031 eam
1073 1996 1312 2043 potestatem
1344 1995 1507 2041 creavit,

64 2066 338 2101 sacrosanctos
371 2077 467 2101 esse.
542 2064 686 2114 Fuere,
733 2065 803 2114 qui
843 2065 1216 2115 interpretarentur,
1262 2066 1396 2104 eadem
1429 2067 1501 2105 hac
1522 2070 1571 2109 11

64 2135 240 2174 Horatia
271 2136 358 2184 lege
383 2135 615 2174 consulibus
633 2149 791 2187 quoque
824 2140 864 2174 et
880 2138 1132 2187 praetoribus,
1163 2138 1259 2187 quia
1272 2138 1420 2176 eisdem
1439 2153 1506 2177 au-

68 2208 219 2258 spiciis,
251 2207 396 2258 quibus
414 2207 607 2258 consules,
627 2213 868 2256 crearentur,
901 2212 1061 2247 cautum
1078 2223 1178 2248 esse:
1211 2210 1384 2249 iudicem
1402 2211 1505 2249 enim

68 2279 271 2318 consulem
304 2279 516 2329 appellari.
592 2280 691 2327 Quae
728 2281 928 2319 refellitur
970 2281 1260 2332 interpretatio,
1306 2283 1414 2333 quod
1452 2283 1502 2321 iis
1524 2287 1572 2323 12

62 2351 317 2402 temporibus
334 2351 511 2389 nondum
536 2353 738 2390 consulem
764 2353 946 2401 iudicem,
978 2354 1048 2392 sed
1072 2358 1283 2405 praetorem
1311 2354 1505 2405 appellari

66 2436 150 2462 mos
181 2423 314 2462 fuerit.
361 2423 436 2461 Hae
463 2424 692 2462 consulares
724 2425 833 2474 leges
864 2426 987 2464 fuere.
1033 2425 1270 2464 Institutum
1302 2427 1419 2464 etiam
1451 2427 1501 2464 ab
1525 2428 1573 2466 13

68 2494 211 2533 iisdem
242 2495 485 2542 consulibus,
527 2500 571 2534 ut
612 2499 772 2535 senatus
805 2497 988 2536 consulta
1026 2498 1068 2535 in
1107 2497 1232 2536 aedem
1264 2497 1422 2536 Cereris
1454 2498 1504 2536 ad

67 2565 204 2605 aediles
235 2567 362 2617 plebis
394 2567 656 2616 deferrentur,
696 2581 784 2618 quae
823 2572 942 2608 antea
973 2569 1142 2608 arbitrio
1174 2569 1380 2607 consulum
1412 2582 1503 2619 sup·

65 2637 343 2688 primebantur
358 2639 700 2690 vitiabanturque.
733 2640 788 2678 M.
805 2640 990 2679 Duillius
1009 2641 1155 2679 deinde
1171 2641 1356 2678 tribunus
1372 2640 1500 2691 plebis
1525 2645 1573 2685 14

63 2709 222 2759 plebem
261 2712 419 2760 rogavit
457 2712 675 2762 plebesque
707 2713 835 2763 scivit,
886 2713 954 2762 qui
1002 2712 1158 2762 plebem
1206 2712 1291 2750 sine
1329 2711 1503 2751 tribunis

135 2779 240 2806 Livius
259 2788 298 2807 ex
316 2788 375 2807 rec„
394 2782 552 2815 Madvigii.
590 2783 612 2808 1.
1257 2793 1299 2826 12
