1821 2928
523 109 640 146 Liber
663 109 740 144 111.
788 110 848 155 (A.
876 108 941 144 Oh.
966 108 1062 152 449.)
1437 110 1515 148 169

78 242 186 281 oleta
215 244 334 288 veste,
378 237 664 277 comitantibus
696 237 852 288 aliquot
883 236 1088 286 matronis,
1137 248 1224 273 cum
1263 235 1420 284 ingenti
1451 235 1517 273 ad-

77 314 286 353 vocatione
310 312 352 350 in
376 312 505 349 forum
530 310 706 348 deducit.
761 309 983 348 Circumire
1002 309 1060 346 ibi
1077 311 1118 346 et
1133 320 1320 358 prensare
1336 307 1515 346 homines
1534 307 1557 343 2

78 387 198 437 coepit
229 388 269 424 et
298 397 379 423 non
413 397 526 422 orare
557 383 685 421 solum
726 381 951 432 precariam
992 394 1120 431 opem,
1165 380 1234 418 sed
1273 393 1344 430 pro
1384 379 1519 417 debita

77 461 230 510 petere:
273 470 314 496 se
345 469 417 507 pro
450 455 592 494 liberis
625 468 763 492 eorum
794 467 839 492 ac
872 453 1108 502 coniugibus
1143 452 1326 502 quotidie
1359 452 1401 501 in
1433 452 1519 490 acie

76 535 196 581 stare,
228 543 301 568 nec
332 530 456 568 alium
486 527 618 566 virum
649 541 746 575 esse,
784 527 897 564 cuius
928 529 1088 564 strenue
1121 538 1165 563 ac
1196 525 1384 563 ferociter
1414 524 1520 562 facta

78 603 120 641 in
151 602 258 640 bello
290 602 410 652 plura
441 600 652 638 memorari
684 602 865 650 possent;
899 598 998 649 quid
1028 597 1231 648 prodesse,
1265 598 1298 635 si
1324 597 1518 635 incolumi

75 675 186 720 urbe,
219 687 308 724 quae
340 676 457 724 capta
486 673 629 710 ultima
659 673 888 718 timeantur,
919 670 1061 708 liberis
1086 669 1167 707 suis
1193 669 1273 707 sint
1298 668 1519 719 patienda?

76 746 175 785 Haec
205 760 330 797 prope
362 745 709 784 contionabundus
741 743 980 782 circumibat
1011 742 1204 781 homines.
1266 740 1425 779 Similia
1454 738 1558 778 his3

76 819 126 857 ab
157 818 277 856 Icilio
309 818 575 857 iactabantur.
637 817 858 856 Comitatus
897 814 1107 853 muliebris
1144 814 1236 864 plus
1266 814 1390 851 tacito
1421 813 1519 850 fletu

76 904 196 942 quam
240 891 326 929 ulla
369 904 447 930 vox
492 891 688 929 movebat.
748 888 958 927 Adversus
1005 900 1093 937 quae
1134 886 1269 924 omnia
1315 883 1560 924 obstinato4

77 963 211 1001 animo
236 962 400 1014 Appius
427 966 556 1012 (tanta
577 963 638 1000 vis
663 961 845 1000 amentiae
869 960 1003 999 verius
1031 973 1150 1009 quam
1176 959 1321 997 amoris
1346 961 1519 996 mentem

75 1036 327 1083 turbaverat)
374 1036 415 1073 in
454 1035 635 1073 tribunal
677 1033 871 1082 escendit,
919 1035 971 1082 et,
1012 1032 1120 1070 ultro
1162 1034 1353 1081 querente
1394 1043 1520 1080 pauca

76 1109 261 1158 petitore,
311 1107 418 1158 quod
458 1110 523 1147 ius
565 1108 641 1145 sibi
681 1107 814 1157 pridie
854 1119 925 1156 per
966 1104 1227 1142 ambitionem
1259 1103 1408 1140 dictum
1440 1116 1520 1140 non

76 1184 193 1228 esset,
223 1180 456 1231 priusquam
495 1183 567 1218 aut
598 1180 670 1217 ille
700 1179 947 1230 postulatum
978 1180 1190 1227 perageret
1221 1179 1289 1213 aut
1322 1175 1518 1224 Verginio

75 1252 346 1302 respondendi
380 1252 545 1291 daretur
574 1252 696 1298 locus,
729 1251 890 1301 Appius
915 1250 1139 1287 interfatur.
1199 1248 1329 1295 Quem
1357 1247 1518 1285 decreto
1537 1242 1560 1280 5

77 1337 299 1363 sermonem
325 1325 601 1375 praetenderit,
634 1325 769 1362 forsan
794 1324 969 1373 aliquem
992 1334 1130 1359 verum
1154 1324 1336 1358 auctores
1360 1319 1520 1369 antiqui

76 1396 341 1443 tradiderint3
389 1397 484 1447 quia
522 1410 719 1446 nusquam
757 1395 885 1433 ullum
927 1394 967 1431 in
999 1395 1112 1431 tanta
1151 1392 1334 1431 foeditate
1367 1392 1520 1429 decreti

77 1469 163 1507 veri
196 1469 370 1506 similem
401 1469 574 1519 invenio,
616 1469 668 1516 id,
707 1467 814 1518 quod
845 1469 1011 1516 constat,
1056 1465 1203 1502 nudum
1234 1464 1398 1502 videtur
1428 1477 1519 1514 pro-

77 1541 319 1592 ponendum,
367 1541 549 1579 decresse
579 1541 775 1578 vindicias
816 1539 1032 1577 secundum
1075 1538 1319 1576 servitutem.
1380 1532 1559 1574 Primoss

80 1616 220 1663 stupor
252 1627 387 1651 omnes
420 1613 688 1651 admiratione
720 1612 779 1650 rei
810 1615 891 1650 tam
924 1611 1071 1649 atrocis
1112 1610 1269 1657 defixit;
1316 1610 1519 1647 silentium

77 1685 171 1723 inde
202 1686 452 1737 aliquamdiu
492 1685 633 1723 tenuit.
694 1684 814 1734 Dein,
864 1697 984 1735 quum
1015 1683 1070 1721 M.
1103 1682 1310 1732 Claudius,
1352 1682 1520 1720 circum·

79 1758 281 1796 stantibus
298 1758 504 1806 matronis,
528 1758 606 1796 iret
632 1758 682 1795 ad
709 1756 981 1807 prendendam
998 1757 1208 1805 virginem,
1233 1754 1520 1793 lamentabilis-

78 1843 155 1881 que
174 1844 262 1868 eum
281 1831 493 1869 mulierum
510 1829 776 1881 comploratio
795 1829 1031 1879 excepisset,
1056 1828 1288 1878 Verginius,
1317 1827 1518 1865 intentans
1539 1822 1561 1857 7

79 1902 121 1940 in
152 1902 334 1954 Appium
374 1916 525 1950 manus,
575 1902 747 1953 „Icilio“
782 1902 928 1952 inquit,
978 1901 1128 1952 „Appi‚
1167 1915 1247 1939 non
1286 1900 1364 1938 tibi
1394 1899 1521 1937 filiam

81 1974 279 2025 despondi
319 1979 358 2013 et
397 1975 446 2013 ad
488 1975 666 2026 nuptias,
712 1988 792 2012 non
832 1974 882 2012 ad
921 1978 1100 2024 stuprum
1142 1973 1319 2011 educavi.
1380 1972 1524 2010 Placet

78 2047 276 2097 pecudum
321 2048 575 2098 ferarumque
615 2047 697 2084 ritu
743 2046 970 2097 promiscue
1009 2045 1050 2083 in
1097 2045 1334 2084 concubitus
1376 2043 1523 2082 ruere?

80 2119 297 2158 Passurine
328 2120 414 2158 haec
444 2120 513 2157 isti
538 2120 631 2169 sint,
663 2119 820 2165 nescio;
853 2131 933 2156 non
957 2132 1072 2168 spero
1101 2132 1183 2156 esse
1209 2131 1398 2168 passuros
1423 2117 1524 2163 illos,

31 2246 36 2250 .
79 2191 151 2242 qui
189 2205 298 2229 arma
336 2192 520 2230 habent.“
584 2190 716 2238 Quum
757 2191 1026 2241 ,repelleretur
1079 2193 1253 2229 assertor
1288 2189 1461 2240 virginis
1501 2189 1565 2227 a8

80 2263 200 2313 globo
247 2263 461 2302 mulierum
504 2264 930 2314 circumstantiumque
971 2263 1270 2310 advocatorum,
1316 2262 1524 2300 silentium

82 2335 230 2374 factum
254 2349 324 2387 per
348 2349 584 2387 praeconem.
634 2336 861 2386 Deeemvir,
888 2336 1062 2374 alienato
1079 2336 1130 2374 ad
1148 2335 1361 2373 libidinem
1379 2334 1522 2378 animo,
1595 2316 1653 2365 48

82 2411 204 2458 negat
227 2422 275 2446 ex
302 2408 490 2447 hesterno
515 2412 671 2447 tantum
698 2408 876 2446 convicio
902 2408 1012 2446 Icilii
1035 2408 1306 2458 violentiaque
1324 2404 1524 2453 Verginii,

83 2479 195 2519 cuius
224 2483 368 2519 testem
399 2481 593 2531 populum
624 2480 850 2519 Romanum
888 2481 1047 2529 habeat,
1095 2480 1164 2518 sed
1203 2479 1322 2517 certis
1363 2489 1521 2527 quoque

85 2550 248 2591 indiciis
280 2555 527 2603 compertum
553 2566 594 2590 se
618 2552 778 2600 habere,
809 2556 926 2591 nocte
951 2555 1039 2591 tota
1062 2555 1187 2590 coetus
1213 2551 1252 2588 in
1275 2549 1374 2586 urbe
1398 2548 1524 2586 factos

85 2635 169 2662 esse
200 2623 251 2662 ad
280 2624 516 2663 movendam
547 2623 796 2662 seditionem.
857 2624 1002 2674 Itaque
1026 2637 1080 2673 se,
1113 2621 1219 2661 haud
1244 2621 1413 2659 inscium
1438 2620 1521 2658 eius
1539 2623 1563 2658 2

88 2694 370 2744 dimicationis,
397 2709 485 2734 cum
509 2696 676 2734 armatis
703 2696 969 2742 descendisse,
994 2708 1075 2732 non
1098 2697 1144 2731 ut
1160 2705 1398 2743 quemquam
1415 2692 1525 2743 quie·
