1821 2928
342 164 420 201 182
766 159 880 194 Liber
903 159 977 194 ΠΙ.
1025 160 1086 203 (Α.
1111 172 1147 193 u.
1173 171 1202 194 c.
1228 161 1320 204 305.)

339 287 589 335 magistratui
606 300 724 336 quam
740 287 910 336 patricio
934 300 1029 324 cura
1055 287 1205 335 fuisset,
1233 290 1272 324 et
1288 289 1379 325 ante
1397 285 1579 324 inimicos
1603 287 1764 325 satietas

338 371 544 408 poenarum
569 371 727 395 suarum
752 359 932 408 cepisset,
965 371 1081 408 quam
1107 357 1264 395 obviam
1293 357 1419 396 ituros
1436 357 1609 395 licentioe
1627 370 1763 395 eorum

298 424 321 461 5
340 429 520 466 consules
552 432 773 479 appareret.
841 429 1043 479 Multique
1075 432 1200 474 erant,
1243 429 1313 478 qui
1345 429 1506 467 mollius
1538 429 1760 467 consultum

339 500 528 547 dicerent,
559 501 665 550 quod
698 501 829 549 legum
861 502 909 538 ab
943 502 991 538 iis
1015 488 1186 538 latarum
1211 504 1344 550 patres
1371 502 1551 539 auctores
1577 499 1763 546 fuissent3

338 584 466 620 neque
497 574 582 608 erat
613 571 790 618 dubium,
831 573 926 621 quin
966 572 1127 610 turbato
1166 572 1226 609 rei
1258 571 1427 621 publicae
1458 574 1566 609 statu
1594 572 1765 621 tempori

338 642 649 680 succubuissent.

219 708 276 757 60
449 712 652 760 Consules,
703 714 821 751 rebus
867 714 1029 751 urbanis
1071 714 1301 764 compositis
1346 713 1591 764 fundatoque
1634 714 1764 764 pl‘ebis

338 787 456 829 statu,
489 784 531 821 in
562 785 789 834 provincias
822 785 968 822 diversi
1001 785 1145 823 abiere.
1234 785 1422 823 Valerius
1454 785 1644 823 adversus
1674 798 1767 823 con-

338 856 493 894 iunctos
536 856 614 894 iam
657 857 697 893 in
740 856 892 905 Algido
935 856 1134 894 exercitus
1173 856 1397 906 AEquorum
1444 856 1763 906 Volscorumque

298 930 320 966 2
338 928 527 964 sustinuit
557 928 722 965 consilio
753 928 916 974 bellum3
949 927 1055 977 quod
1081 928 1113 965 si
1140 928 1337 978 extemplo
1361 941 1442 965 rem
1468 928 1635 965 fortunae
1660 941 1762 965 com-

336 999 523 1047 misisset,
556 999 662 1036 haud
694 1000 774 1037 scio
807 1013 868 1049 an,
902 1000 970 1048 qui
1000 1004 1085 1037 tum
1120 1000 1243 1038 animi
1276 999 1324 1037 ab
1359 999 1672 1037 decemvirorum
1703 999 1760 1036 in-

336 1069 524 1107 felicibus
556 1071 744 1120 auspiciis
775 1071 967 1108 Romanis
999 1071 1260 1121 hostibusque
1292 1073 1417 1120 erant,
1463 1083 1608 1119 magno
1640 1069 1762 1108 detri-

297 1143 321 1179 3
340 1145 471 1179 mento
503 1145 703 1179 certamen
735 1145 929 1180 staturum
961 1143 1092 1180 fuerit.
1165 1143 1319 1180 Castris
1351 1142 1463 1180 mille
1494 1155 1680 1192 passuum
1712 1141 1762 1180 ab

334 1214 447 1250 hoste
478 1213 620 1262 positis
653 1213 787 1263 copias
819 1214 1059 1251 continebat.
1133 1214 1281 1251 Hostes
1320 1213 1491 1251 medium
1532 1214 1637 1251 inter
1665 1213 1760 1251 bina

335 1290 463 1322 castra
502 1285 673 1333 spatium
712 1285 796 1321 acie
836 1285 1030 1322 instructa
1067 1286 1328 1335 complebant,
1375 1284 1763 1335 provocantibusque

294 1356 388 1393 4ad
418 1356 601 1406 proelium
634 1369 867 1406 responsum
906 1356 1110 1394 Romanus
1150 1370 1263 1394 nemo
1303 1356 1509 1395 reddebat.
1585 1355 1761 1395 Tandem

333 1427 493 1476 fatigati
525 1427 666 1464 stando
706 1441 750 1464 ac
793 1428 1054 1478 nequicquam
1099 1428 1367 1478 exspectando
1411 1431 1608 1466 certamen
1639 1427 1764 1478 AEqui

334 1498 565 1548 Volscique,
611 1502 821 1548 postquam
873 1512 1099 1537 concessum
1151 1499 1437 1550 propemodum
1490 1499 1538 1536 de
1592 1499 1760 1538 victoria

333 1569 558 1616 credebant,
602 1583 694 1619 pars
742 1571 783 1607 in
829 1571 1042 1617 Hernicos,
1099 1585 1190 1621 pars
1236 1571 1278 1608 in
1323 1570 1490 1608 Latinos
1538 1570 1758 1620 praedatum

334 1640 502 1685 abeunt,
558 1641 800 1690 relinquitur
852 1643 978 1691 magis
1030 1644 1171 1680 castris
1225 1642 1457 1691 praesidium
1503 1655 1619 1692 quam
1664 1642 1759 1680 satis
1818 1692 1821 1696 .

292 1711 480 1755 5virium
514 1711 564 1748 ad
597 1715 805 1750 certamen.
897 1713 1015 1760 Quod
1045 1713 1116 1750 ubi
1148 1713 1285 1750 consul
1324 1713 1458 1759 sensit,
1500 1713 1634 1750 reddit
1672 1713 1758 1751 illa-

331 1786 415 1820 tum
456 1786 571 1820 antea
611 1786 813 1829 terrorem,
860 1784 1134 1834 instructaque
1174 1784 1259 1822 acie
1299 1784 1404 1822 ultro
1443 1784 1597 1822 hostem
1635 1784 1757 1823 laces-

293 1854 316 1891 6
335 1853 396 1891 sit.
456 1853 539 1891 Ubi
570 1854 631 1890 illi
663 1855 918 1903 conscientia,
966 1856 1061 1905 quid
1093 1856 1250 1893 abesset
1280 1856 1438 1904 virium,
1486 1855 1756 1894 detrectavere

331 1938 516 1974 pugnam,
549 1925 674 1962 crevit
704 1927 904 1976 extemplo
921 1927 1112 1964 Romanis
1139 1928 1304 1973 animus,
1336 1930 1376 1964 et
1401 1940 1473 1976 pro
1497 1928 1614 1966 victis
1641 1928 1756 1966 habe·

291 1997 313 2033 7
332 1996 429 2033 bant
446 2000 634 2046 paventes
658 1997 763 2034 intra
789 1998 946 2035 vallum.
1009 1999 1139 2046 Quum
1171 2012 1242 2049 per
1271 2003 1399 2036 totum
1425 1998 1528 2036 diem
1553 1999 1758 2037 stetissent

332 2067 474 2103 intenti
506 2068 557 2104 ad
587 2072 800 2115 certamen,
830 2071 937 2107 nocti
969 2083 1129 2108 cessere.
1189 2070 1242 2107 Et
1267 2070 1439 2108 Romani
1456 2070 1617 2119 quidem
1644 2071 1755 2120 pleni

329 2137 412 2185 spei
445 2150 611 2187 corpora
641 2140 854 2186 curabant;
885 2141 1193 2191 haudquaquam
1229 2141 1317 2191 pari
1341 2141 1473 2178 hostes
1501 2142 1630 2179 animo
1657 2155 1755 2179 nun-

328 2206 405 2243 tios
436 2209 582 2256 passim
613 2211 762 2260 trepidi
793 2212 843 2249 ad
874 2212 1117 2250 revocandos
1145 2211 1389 2262 praedatores
1415 2212 1632 2252 dimittunt.
1673 2212 1755 2250 Re-

287 2279 313 2316 8
330 2278 504 2315 curritur
521 2292 568 2316 ex
586 2282 781 2329 proximis
800 2283 913 2329 locis;
946 2284 1157 2321 ulteriores
1181 2296 1257 2320 non
1286 2283 1450 2322 inventi.
1499 2282 1579 2321 Ubi
1608 2283 1755 2330 illuxit,
1790 2266 1793 2269 Ι

328 2349 534 2397 egreditur
564 2352 705 2389 castris
736 2353 950 2401 Romanus,
982 2356 1130 2392 vallum
1162 2356 1382 2401 invasurus,
1412 2354 1454 2391 ni
1480 2355 1595 2404 copia
1611 2367 1754 2404 pugnae
1806 2400 1809 2403 ·

327 2419 449 2458 fieret.
521 2421 575 2458 Et
605 2426 815 2472 postquam
856 2426 980 2462 multa
1023 2427 1099 2463 iam
1132 2426 1216 2463 dies
1247 2429 1332 2463 erat
1362 2438 1489 2475 neque
1521 2424 1753 2463 movebatur

327 2491 537 2540 quicquam
570 2492 620 2529 ab
653 2493 775 2539 hoste,
807 2495 917 2532 iubet
947 2497 1061 2544 signa
1092 2496 1231 2535 inferri
1256 2497 1414 2542 consu13
1446 2499 1631 2546 motaque
1655 2497 1750 2544 acie,

328 2561 549 2614 indignatio
591 2563 744 2615 AEquos
783 2570 822 2602 et
862 2565 1031 2604 Volscos
1062 2566 1234 2613 incessit,
1279 2567 1312 2604 si
1352 2567 1515 2605 victoris
1553 2567 1752 2605 exercitus

325 2632 473 2669 vallum
503 2635 634 2683 potius
666 2648 783 2684 quam
814 2636 941 2673 virtus
972 2642 1011 2674 et
1042 2651 1149 2674 arma
1178 2641 1372 2685 tegerent.
1442 2637 1574 2686 Igitur
1604 2641 1642 2676 et
1673 2638 1752 2688 ipsi

283 2702 589 2752 9efflagitatum
631 2706 681 2743 ab
721 2706 887 2744 ducibus
927 2707 1081 2756 signum
1122 2720 1265 2757 pugnae
1303 2721 1502 2758 accepere.
1585 2708 1750 2758 Iamque
