1821 2928
383 207 464 244 232
801 216 890 242 Liber
906 216 943 242 x,
979 216 1027 245 (A.
1045 224 1074 242 u.
1093 224 1119 242 e.
1137 218 1292 247 459—480.)

289 331 312 368 9
329 331 478 368 nitibus
507 331 780 380 triumphavit.
838 330 995 368 Milites
1024 331 1332 381 triumphantem
1363 333 1488 371 secuti
1518 337 1619 372 sunt.
1678 333 1748 373 Ce-

327 399 480 436 lebrata
510 399 724 437 inconditis
755 399 999 437 militaribus
1018 397 1284 440 carminibus
1314 415 1393 439 non
1424 402 1550 451 magis
1577 402 1750 442 victoria

328 466 374 513 Q.
405 467 524 504 Fabii
555 480 672 517 quam
702 480 807 505 mors
836 467 1030 517 praeclara
1059 467 1106 505 P.
1136 468 1254 506 Decii
1285 472 1361 517 est,
1391 471 1641 521 excitataque
1669 484 1749 509 me-

325 535 453 573 moria
482 535 672 584 parentis,
703 538 859 585 aequata
889 538 1032 573 eventu
1062 535 1226 585 publico
1257 537 1494 589 privatoque
1521 538 1597 577 filii
1620 539 1748 577 laudi·
1819 546 1821 549 “

262 604 312 641 10
327 603 412 641 bus.
470 603 581 641 Data
620 617 667 641 ex
705 605 842 654 praeda
880 604 1075 642 militibus
1115 605 1205 643 aeris
1246 607 1428 655 octogeni
1457 606 1545 645 bini
1575 621 1748 658 sagaque

327 675 366 709 et
394 672 549 718 tunicae,
579 672 745 722 praemia
775 672 845 709 illa
874 676 1108 722 tempestate
1138 673 1295 711 militiae
1317 674 1626 725 haudquaquam
1641 688 1749 726 sper·

327 740 467 777 nenda.

194 802 248 850 31
444 808 520 845 His
565 808 621 845 ita
664 808 780 845 rebus
825 808 946 857 gestis
983 822 1055 846 nec
1093 809 1134 846 in
1165 808 1411 848 Samnitibus
1447 811 1576 849 adhuc
1605 825 1678 850 nec
1708 812 1749 849 in

327 876 491 914 Etruria
515 890 593 926 pax
619 879 721 922 erat;
752 889 842 913 nam
869 879 907 913 et
932 876 1140 914 Perusinis
1165 878 1395 915 auctoribus
1420 882 1512 928 post
1537 879 1749 918 deductum

286 945 308 980 2
328 945 378 982 ab
411 945 570 982 consule
602 944 816 981 exercitum
839 945 1075 982 rebellatum
1090 945 1227 993 fuerat,
1259 949 1297 983 et
1314 944 1511 985 Samnites
1527 948 1750 997 praedatum

325 1014 366 1050 in
406 1027 543 1062 agrum
575 1012 788 1050 Vescinum
819 1013 1156 1063 Formianumque
1201 1017 1239 1051 et
1278 1017 1392 1064 parte
1433 1015 1513 1053 alia
1542 1016 1585 1053 in
1615 1015 1748 1055 AEser-

286 1081 308 1118 3
325 1082 474 1127 ninum,
505 1094 670 1131 quaeque
686 1081 891 1119 Vulturno
909 1082 1093 1120 adiacent
1107 1082 1273 1130 flumini,
1297 1082 1547 1121 descendere.
1590 1083 1748 1122 Adver-

326 1163 391 1186 sus
422 1163 488 1187 eos
519 1149 626 1199 App.
658 1149 850 1187 Claudius
881 1154 1027 1199 praetor
1058 1164 1147 1187 cum
1177 1152 1353 1188 exercitu
1383 1151 1563 1189 Deciano
1594 1152 1747 1190 missus.

326 1217 477 1255 Fabius
506 1218 548 1254 in
579 1217 744 1255 Etruria
772 1218 993 1256 rebellante
1030 1218 1158 1255 denuo
1191 1223 1378 1269 quattuor
1407 1219 1537 1257 millia
1566 1223 1606 1258 et
1634 1220 1748 1270 quin-

325 1289 465 1335 gentos
496 1286 781 1324 Perusinorum
812 1287 971 1330 occidit,
1002 1287 1107 1338 cepit
1137 1287 1188 1324 ad
1218 1288 1327 1326 mille
1357 1288 1632 1338 septingentos
1654 1302 1748 1339 qua-

285 1353 525 1403 4draginta,
557 1354 625 1403 qui
656 1354 855 1404 redempti
887 1355 1036 1403 singuli
1067 1355 1156 1393 aeris
1191 1356 1380 1393 trecentis
1418 1355 1569 1403 decem3
1613 1356 1750 1406 praeda

286 1421 406 1460 5alia
437 1423 565 1460 omnis
605 1423 800 1460 militibus
841 1436 1035 1462 concessa.
1109 1423 1347 1461 Samnitium
1385 1424 1582 1473 legiones,
1628 1437 1750 1474 quum

324 1495 479 1541 partem
495 1491 603 1542 App.
632 1490 826 1528 Claudius
857 1495 1015 1541 praetor,
1046 1495 1200 1541 partem
1225 1492 1270 1530 L.
1298 1491 1537 1531 Volumnius
1560 1505 1633 1542 pro
1660 1505 1748 1531 con-

325 1559 409 1596 sule
440 1564 680 1609 sequeretur,
711 1560 752 1597 in
783 1573 923 1609 agrum
940 1558 1148 1598 Stellatem
1179 1564 1463 1606 convenerunt;
1493 1560 1552 1598 ibi
1583 1563 1623 1598 et
1638 1559 1747 1599 Sam·

322 1627 468 1664 nitium
499 1641 631 1664 omnes
649 1626 780 1678 copia}
797 1628 1018 1675 considunt,
1051 1632 1090 1666 et
1104 1629 1265 1679 Appius
1283 1629 1603 1679 Volumniusque
1620 1634 1750 1668 castra

283 1694 306 1731 6
325 1694 583 1743 coniungunt.
642 1695 871 1743 Pugnatum
902 1696 1165 1734 infestissimis
1203 1697 1362 1743 animis,
1400 1697 1491 1734 hinc
1522 1697 1584 1735 ira
1612 1698 1748 1737 stimu-

325 1763 432 1800 lante
463 1763 651 1800 adversus
683 1763 923 1801 rebellantes
954 1765 1090 1811 toties,
1130 1765 1241 1801 illinc
1274 1765 1323 1802 ab
1354 1764 1495 1802 ultima
1525 1765 1603 1802 iam
1635 1765 1748 1802 dimi-

286 1830 307 1866 7
326 1831 506 1868 cantibus
537 1845 618 1881 spe.
678 1831 789 1869 Caesa
820 1845 914 1880 ergo
942 1831 1183 1870 Samnitium
1213 1832 1382 1870 sedecim
1412 1833 1541 1870 millia
1569 1833 1750 1880 trecenti,

323 1904 439 1949 capta
470 1900 547 1937 duo
587 1899 716 1936 millia
755 1900 1013 1949 septingenti3
1058 1914 1105 1938 ex
1134 1901 1316 1938 Romano
1357 1900 1533 1939 exercitu
1572 1900 1749 1938 cecidere

323 1967 402 2005 duo
433 1967 563 2004 millia
593 1968 846 2018 septingenti.

283 2034 308 2071 8
438 2035 553 2072 Felix
584 2049 710 2074 annus
733 2037 891 2074 bellicis
913 2036 1044 2083 rebus,
1075 2037 1306 2086 pestilentia
1328 2038 1460 2086 gravis
1474 2036 1749 2087 prodigiisque

324 2103 541 2149 sollicitus3
581 2117 672 2141 nam
712 2108 751 2141 et
790 2108 896 2142 terra
935 2105 1196 2143 multifariam
1225 2106 1402 2156 pluvisse
1432 2110 1472 2143 et
1500 2105 1542 2142 in
1571 2105 1748 2143 exercitu
1811 2116 1813 2118 '

324 2172 432 2220 App.
449 2170 611 2208 Claudii
633 2172 846 2221 plerosque
868 2173 1103 2210 fulminibus
1119 2174 1219 2211 ictos
1236 2173 1462 2211 nuntiatum
1479 2176 1548 2220 est,
1572 2173 1749 2223 librique

285 2238 376 2278 90b
418 2240 500 2276 haec
541 2239 654 2276 aditi.
712 2240 772 2278 Eo
812 2254 914 2278 anno
947 2240 993 2287 Q„
1025 2242 1174 2279 Fabius
1206 2240 1375 2290 Gurges,
1415 2241 1590 2279 consulis
1629 2241 1748 2287 filius,

324 2307 480 2357 aliquot
510 2312 710 2345 matronas
742 2308 792 2345 ad
823 2309 1015 2358 populum
1046 2309 1174 2359 stupri
1212 2309 1418 2347 damnatas
1448 2309 1619 2359 pecunia
1647 2309 1747 2347 mul-

323 2375 436 2421 tavit,
467 2389 513 2412 ex
544 2389 622 2425 quo
654 2377 877 2414 multaticio
909 2390 986 2414 aere
1018 2377 1188 2415 Veneris
1219 2377 1360 2424 aedem,
1399 2389 1486 2427 quae
1515 2390 1640 2427 prope
1670 2376 1745 2414 cir-

325 2456 412 2480 cum
444 2447 513 2490 est,
543 2443 764 2481 faciendam
795 2444 960 2482 curavit.

259 2511 310 2547 10
440 2509 663 2561 Supersunt
702 2511 821 2549 etiam
860 2526 964 2549 nunc
995 2511 1233 2550 Samnitium
1272 2513 1389 2560 bella,
1434 2525 1522 2562 quae
1561 2511 1748 2549 continua

326 2592 396 2628 per
427 2583 613 2628 quartum
643 2580 722 2617 iam
737 2579 921 2617 volumen
937 2593 1159 2629 annumque
1177 2584 1328 2618 sextum
1345 2585 1383 2618 et
1400 2579 1747 2630 quadragesimum

326 2659 348 2683 a
378 2647 432 2683 M.
449 2646 625 2694 Valerio,
655 2648 706 2684 A.
731 2647 914 2685 Cornelio
946 2648 1189 2695 consulibus,
1220 2648 1289 2698 qui
1312 2648 1431 2697 primi
1455 2645 1615 2685 Samnio
1639 2659 1749 2685 arma
