1821 2928
663 203 756 229 Liber
773 203 810 228 x.
848 203 897 234 (A.
918 203 969 230 ch.
989 204 1058 235 293.)
1451 196 1534 233 249

145 318 348 358 Carvilius
381 317 543 356 Veliam
574 321 613 355 et
644 317 935 357 Palumbinum
967 323 1005 357 et
1035 320 1336 358 Herculaneum
1367 334 1414 358 ex
1438 319 1593 360 Samni-

141 389 254 427 tibus
286 391 458 438 ceperat,
489 386 649 426 Veliam
681 387 788 425 intra
818 401 966 438 paucos
999 388 1095 436 dies,
1127 389 1415 428 Palumbinum
1442 391 1592 438 eodem,

144 472 224 510 quo
271 457 323 496 ad
376 470 510 495 muros
565 456 743 494 accessit.
818 456 888 494 Ad
933 457 1232 496 Herculaneum
1288 460 1410 497 etiam
1466 460 1592 510 signis
1612 461 1663 498 10

145 527 301 566 collatis
348 525 522 576 ancipiti
567 525 710 576 proelio
758 529 797 563 et
842 539 931 563 cum
971 527 1122 565 maiore
1163 541 1234 565 sua
1266 542 1386 578 quam
1416 528 1592 566 hostium

144 596 301 634 iactura
332 595 560 642 dimicavit3
592 595 734 633 castris
766 594 911 633 deinde
941 597 1095 645 positis,
1126 597 1325 635 moenibus
1351 597 1506 635 hostem
1533 598 1593 635 in-

144 665 283 712 clusit3
315 668 591 715 oppugnatum
617 664 814 714 oppidum
831 667 1083 714 captumque.
1127 664 1178 702 In
1194 665 1257 703 his
1273 666 1405 703 tribus
1421 667 1590 704 urbibus
1611 667 1658 704 11

145 736 262 783 capta
292 736 363 771 aut
394 746 496 771 caesa
527 733 579 771 ad
611 733 748 770 decem
778 733 908 771 millia
938 733 1163 781 hominum,
1203 734 1260 771 ita
1290 739 1335 772 ut
1366 748 1492 785 parvo
1524 737 1591 774 ad-

146 801 308 840 modum
338 802 475 852 plures
507 805 756 852 caperentur.
805 801 1082 848 Sortientibus
1100 803 1330 853 provincias
1348 805 1592 851 consulibus,

143 871 312 909 Etruria
330 870 513 909 Carvilio
547 871 682 909 evenit
713 871 932 909 secundum
963 875 1057 909 vota
1087 872 1276 919 militum,
1308 873 1379 923 qui
1409 874 1491 911 vim
1523 874 1593 912 fri-

144 940 254 990 goris
278 939 359 978 iam
392 939 433 977 in
460 938 626 978 Samnio
657 954 738 978 non
768 940 1040 991 patiebantur.
1100 940 1270 992 Papirio
1303 941 1353 978 ad
1386 939 1592 992 Saepinum
1613 944 1662 980 12

144 1009 274 1048 maior
304 1009 366 1047 vis
396 1009 573 1046 hostium
603 1009 766 1046 restitit.
843 1007 958 1059 Saepe
990 1010 1033 1047 in
1064 1011 1168 1057 acie,
1208 1023 1311 1060 saepe
1349 1011 1390 1048 in
1423 1012 1593 1060 agmine,

144 1091 248 1128 saepe
280 1078 387 1116 circa
418 1078 549 1128 ipsam
579 1078 720 1115 urbem
751 1078 942 1116 adversus
975 1079 1204 1128 eruptiones
1235 1079 1413 1118 hostium
1437 1094 1591 1131 pugna-

142 1150 240 1194 tum,
270 1160 343 1184 nec
376 1146 549 1194 obsidio,
579 1147 650 1185 sed
679 1146 830 1184 bellum
861 1161 908 1184 ex
941 1160 1054 1198 aequo
1082 1151 1185 1194 erat;
1226 1162 1306 1186 non
1333 1149 1437 1186 enim
1468 1149 1593 1188 muris

143 1216 272 1265 magis
318 1229 359 1253 se
390 1213 592 1254 Samnites
639 1229 758 1267 quam
799 1216 923 1254 armis
955 1230 999 1254 ac
1031 1217 1132 1255 viris
1164 1218 1312 1255 moenia
1341 1218 1593 1257 tutabantur.

145 1284 327 1323 Tandem
342 1285 561 1335 pugnando
587 1285 630 1322 in
646 1285 902 1323 obsidionem
918 1286 1065 1323 iustam
1083 1286 1216 1336 coegit
1240 1287 1386 1334 hostes,
1405 1287 1591 1325 obsiden-
1613 1288 1663 1326 13

143 1354 275 1404 doque
305 1354 347 1392 vi
377 1357 497 1405 atque
529 1353 720 1404 operibus
757 1355 898 1392 urbem
932 1355 1194 1405 expugnavit.
1254 1355 1399 1406 Itaque
1438 1357 1488 1394 ab
1531 1357 1592 1394 ira
1612 1357 1664 1394 14

140 1423 232 1473 plus
279 1422 399 1461 caedis
445 1423 599 1460 editum
641 1426 760 1473 capta
789 1424 907 1469 urbe3
954 1427 1106 1475 septem
1136 1424 1270 1462 millia
1302 1425 1592 1475 quadringenti

143 1492 247 1539 caesi,
280 1497 396 1543 capta
412 1492 543 1530 minus
568 1492 648 1530 tria
672 1492 804 1529 millia
828 1493 1047 1530 hominum.
1108 1493 1267 1541 Praeda,
1299 1506 1387 1543 quae
1418 1493 1593 1543 plurima

141 1560 221 1599 fuit
251 1562 452 1611 congestis
483 1559 728 1599 Samnitium
759 1560 879 1599 rebus
911 1562 952 1599 in
983 1563 1101 1600 urbes
1140 1575 1309 1612 paucas,
1348 1562 1471 1600 militi
1502 1576 1593 1601 con·

144 1643 254 1668 cessa
285 1634 354 1668 est.

258 1699 383 1738 Nives
429 1699 508 1737 iam
555 1699 688 1737 omnia
735 1698 1002 1748 oppleverant
1041 1712 1113 1736 nec
1161 1698 1300 1736 durari
1341 1703 1456 1737 extra
1486 1704 1593 1738 tecta
1667 1695 1723 1743 46

142 1771 322 1819 poterat;
355 1768 493 1818 itaque
517 1768 654 1806 consul
679 1768 901 1806 exercitum
920 1768 969 1805 de
986 1767 1153 1806 Samnio
1172 1768 1351 1806 deduxit.
1398 1768 1592 1806 Venienti
1610 1768 1633 1805 2

144 1836 317 1875 Romam
347 1836 578 1887 triumphus
625 1837 803 1874 omnium
849 1851 1044 1875 consensu
1090 1840 1149 1875 est
1190 1837 1359 1874 delatus.
1434 1836 1593 1874 Trium-

143 1905 286 1955 phavit
317 1905 360 1942 in
391 1906 649 1955 magistram,
688 1906 858 1956 insigni,
895 1909 941 1942 ut
979 1906 1143 1943 illorum
1173 1908 1399 1955 temporum
1429 1905 1594 1943 habitus

144 1977 241 2022 erat,
285 1973 502 2025 triumpho.
564 1974 731 2012 Pedites
770 1974 1004 2024 equitesque
1038 1975 1217 2023 insignes
1249 1974 1365 2012 donis
1395 1974 1634 2012 transiere3

145 2057 192 2081 ac
207 2043 431 2081 transvecti
448 2047 561 2089 sunt3
592 2043 729 2080 multae
755 2043 892 2080 civicae
918 2055 1073 2080 coronae
1090 2043 1342 2093 vallaresque
1360 2057 1404 2081 ac
1422 2044 1595 2081 murales

145 2115 388 2163 conspectae3
421 2112 647 2162 inspectata
678 2112 807 2161 spolia
824 2110 1080 2158 Samnitium,
1113 2115 1151 2149 et
1169 2112 1312 2149 decore
1338 2126 1383 2150 ac
1413 2112 1592 2163 pulchri·
1610 2112 1635 2149 4

144 2181 286 2219 tudine
317 2181 497 2232 paternis
529 2180 681 2231 spoliis,
713 2193 801 2230 quae
832 2184 928 2218 nota
952 2180 1153 2230 frequenti
1176 2181 1432 2230 publicorum
1450 2184 1595 2218 ornatu

147 2250 327 2289 locorum
359 2253 483 2297 erant,
516 2248 870 2299 comparabantur3
904 2249 1061 2286 nobiles
1093 2249 1251 2299 aliquot
1283 2249 1453 2299 captivi,
1493 2249 1594 2287 clari

144 2319 226 2357 suis
258 2322 499 2370 patrumque
530 2318 667 2365 factis,
700 2318 823 2355 ducti.
883 2318 995 2355 AEris
1037 2318 1171 2367 gravis
1209 2321 1437 2356 transvecta
1467 2318 1591 2356 vicies
1611 2317 1634 2355 5

144 2390 306 2424 centum
336 2388 466 2425 millia
493 2390 532 2425 et
549 2387 768 2437 quingenta
793 2386 967 2436 triginta
982 2386 1063 2424 tria
1078 2386 1228 2433 millia3
1262 2387 1302 2424 id
1320 2399 1372 2424 aes
1389 2386 1595 2425 redactum

144 2469 194 2493 ex
225 2456 398 2506 captivis
430 2455 661 2503 dicebatur3
693 2455 864 2505 argenti,
895 2454 1004 2505 quod
1036 2458 1199 2505 captum
1230 2469 1278 2493 ex
1303 2455 1473 2493 urbibus
1497 2459 1593 2502 erat,

144 2525 280 2575 pondo
312 2525 423 2563 mille
456 2524 690 2574 octingenta
719 2523 902 2573 triginta.
978 2522 1105 2561 Omne
1147 2537 1199 2561 aes
1230 2527 1522 2574 argentumque
1554 2524 1595 2561 in

144 2593 331 2631 aerarium
363 2593 580 2641 conditum,
612 2592 813 2630 militibus
844 2592 948 2629 nihil
980 2592 1120 2630 datum
1152 2606 1199 2629 ex
1229 2591 1368 2642 praeda
1394 2595 1473 2637 est3
1505 2604 1593 2629 auc·
1613 2592 1636 2629 6

143 2664 266 2712 taque
307 2676 353 2701 ea
399 2662 556 2701 invidia
602 2665 660 2700 est
707 2660 757 2699 ad
803 2660 972 2711 plebem,
1019 2660 1127 2710 quod
1168 2660 1365 2698 tributum
1399 2660 1521 2698 etiam
1552 2660 1595 2697 in
