1821 2928
395 165 447 201 34
853 170 942 196 Liber
960 171 1012 195 VI.
1049 171 1096 198 (A.
1116 178 1143 196 u.
1163 178 1188 196 e.
1208 171 1277 199 377.)

338 293 467 326 motus
499 286 728 331 exstitisset,
759 285 808 322 ad
839 284 975 321 subita
1008 284 1107 321 belli
1141 284 1248 321 mitt-i
1271 288 1423 334 posset3
1453 284 1618 322 tertium
1648 284 1766 332 longe

336 355 631 393 validissimum
662 353 707 390 P.
725 353 914 390 Valerius
947 356 985 389 et
1015 352 1060 389 L.
1078 352 1269 389 AEmilius
1300 352 1350 389 ad
1377 350 1577 389 Satricum
1609 351 1767 389 duxere.

296 426 318 461 6
337 423 422 461 Ubi
454 435 574 472 quum
605 421 731 458 aciem
770 421 1003 457 instructam
1040 420 1213 457 hostium
1244 421 1332 457 loco
1365 433 1477 469 aequo
1508 418 1768 464 invenissent,

337 491 534 540 extemplo
576 492 812 539 pugnatum,
858 492 897 525 et
936 491 980 524 ut
1019 488 1195 524 nondum
1236 488 1333 525 satis
1365 488 1513 525 claram
1541 486 1767 532 victoriam,

338 560 394 596 sic
434 569 634 607 prosperae
676 556 759 606 spei
792 569 965 605 pugnam
1006 555 1134 592 imber
1176 555 1407 604 ingentibus
1437 554 1628 605 procellis
1659 555 1767 592 fusus

300 625 514 663 7diremit.
595 624 764 661 Postero
805 623 870 660 die
912 623 1057 661 iterata
1097 636 1242 672 pugna,
1283 627 1321 659 et
1361 622 1615 672 aliquamdiu
1655 635 1768 671 aequa

335 695 485 731 virtute
516 693 754 741 fortunaque
786 691 944 727 Latinae
975 691 1144 728 maxime
1182 690 1371 738 legiones,
1412 691 1533 740 longa
1573 689 1765 727 societate

297 761 530 799 81nilitiam
560 760 782 798 Romanam
824 759 986 805 edoctae,
1026 758 1242 795 restabant.
1301 759 1434 807 Eques
1474 758 1674 796 immissus
1706 770 1767 794 or-

337 830 451 866 dines
490 828 688 873 turbavit,
732 826 908 863 turbatis
947 826 1062 875 signa
1101 826 1282 875 peditum
1323 826 1456 873 illata,
1497 829 1766 876 quantumque

336 898 517 934 Romana
549 910 588 933 se
620 896 773 932 invexit
805 896 919 941 acies,
948 897 1104 931 tantum
1135 894 1267 931 hostes
1297 895 1424 942 gradu
1455 894 1622 939 demoti;
1654 896 1694 930 et
1723 895 1768 929 ut

337 965 457 1002 semel
506 964 719 1001 inclinavit
758 977 903 1012 pugna,
944 963 1022 998 iam
1065 962 1338 999 intolerabilis
1368 962 1550 1000 Romana
1578 961 1640 999 vis
1671 962 1767 998 erat.

297 1033 436 1070 9Fusi
477 1033 610 1069 hostes
649 1044 768 1080 quum
800 1030 1011 1070 Satricum,
1053 1030 1160 1078 quod
1201 1030 1279 1067 duo
1320 1030 1452 1067 millia
1492 1029 1586 1066 inde
1617 1028 1768 1074 aberat,

336 1115 415 1138 non
447 1104 576 1138 castra
607 1101 800 1148 peterent,
846 1097 895 1135 ab
939 1097 1072 1146 equite
1113 1097 1282 1135 maxime
1325 1098 1434 1143 caesi;
1481 1099 1611 1134 castra
1650 1098 1767 1145 capta

270 1168 321 1204 1Ο
339 1170 587 1217 direptaque.
661 1165 730 1202 Ab
772 1163 929 1201 Satrico
970 1168 1103 1211 nocte,
1148 1178 1234 1213 quae
1274 1165 1417 1214 proelio
1456 1164 1640 1215 proxima
1678 1163 1767 1210 fuit,

335 1236 439 1283 fugae
470 1234 597 1272 simili
629 1234 786 1282 agmine
817 1236 958 1282 petunt
989 1232 1178 1279 Antium3
1211 1236 1249 1270 et
1279 1246 1399 1282 quum
1422 1233 1626 1270 Romanus
1658 1244 1766 1269 exer-

337 1303 440 1340 citus
470 1315 594 1351 prope
625 1301 811 1349 vestigiis
843 1304 1086 1350 sequeretur,
1122 1301 1213 1349 plus
1243 1304 1375 1337 tamen
1404 1301 1527 1337 timor
1558 1313 1675 1350 quam
1705 1299 1767 1336 ira

272 1372 317 1408 11
339 1371 557 1407 celeritatis
602 1370 755 1407 habuit.
836 1369 958 1405 Prius
1003 1369 1140 1417 itaque
1185 1369 1331 1406 moenia
1376 1369 1576 1405 intravere
1621 1368 1766 1413 hostes,

337 1452 455 1488 quam
485 1438 689 1474 Romanus
722 1440 896 1474 extrema
937 1436 1109 1484 agminis
1142 1449 1302 1485 carpere
1334 1439 1403 1473 aut
1442 1435 1590 1473 morari
1621 1438 1765 1485 posset.

336 1506 437 1543 Inde
469 1506 626 1554 aliquot
657 1505 741 1542 dies
764 1503 957 1542 vastando
982 1516 1079 1551 agro
1112 1502 1325 1552 absumpti,
1355 1517 1428 1540 nec
1444 1503 1637 1541 Romanis
1668 1503 1765 1540 satis

337 1573 544 1610 instructis
585 1576 780 1622 apparatu
820 1571 968 1608 bellico
1001 1571 1050 1607 ad
1091 1571 1236 1608 moenia
1268 1571 1539 1620 aggredienda
1569 1584 1640 1608 nec
1680 1570 1766 1607 illis

337 1640 387 1677 ad
419 1639 666 1676 subeundum
699 1652 841 1688 pugnae
874 1652 1017 1675 casum.

205 1706 264 1753 33
453 1706 610 1744 Seditio
641 1710 726 1743 tum
758 1706 862 1742 inter
879 1705 1069 1742 Antiates
1086 1705 1332 1755 Latinosque
1365 1710 1511 1753 coorta,
1543 1720 1664 1756 quum
1680 1705 1766 1743 An—

334 1776 453 1812 tiates
483 1775 582 1812 victi
625 1774 741 1811 malis
780 1772 1015 1821 subactique
1055 1773 1174 1820 bello,
1216 1774 1257 1810 in
1289 1786 1366 1822 quo
1399 1777 1439 1810 et
1468 1774 1553 1812 nati
1585 1777 1698 1812 erant
1729 1777 1767 1810 et

296 1845 318 1880 2
338 1846 636 1888 consenuerant,
667 1841 913 1878 deditionem
945 1844 1180 1890 spectarent,
1211 1841 1379 1878 Latinos
1411 1855 1458 1878 ex
1482 1842 1640 1879 diutina
1669 1854 1766 1891 pace

334 1924 437 1948 nova
469 1910 639 1947 defectio
681 1908 910 1946 recentibus
941 1908 1070 1945 adhuc
1112 1909 1258 1946 animis
1297 1909 1513 1947 ferociores
1544 1908 1594 1946 ad
1634 1922 1766 1958 perse-

333 1978 552 2015 verandum
584 1978 625 2014 in
655 1977 763 2014 bello
795 1977 954 2014 faceret.
1013 1976 1130 2013 Finis
1169 1978 1400 2015 certaminis
1430 1977 1520 2024 fuit,
1556 1979 1767 2026 postquam

333 2045 513 2094 utrisque
545 2045 744 2094 apparuit,
775 2045 880 2081 nihil
910 2057 980 2093 per
1012 2044 1158 2082 alteros
1190 2048 1306 2092 stare,
1339 2059 1416 2095 quo
1443 2045 1575 2082 minus
1606 2044 1767 2093 incepta

297 2115 319 2151 3
336 2116 679 2162 persequerentur.
724 2112 863 2149 Latini
886 2112 1057 2161 profecti
1082 2126 1104 2149 a
1128 2113 1318 2150 societate
1341 2113 1463 2162 pacis,
1493 2112 1766 2158 ut-rebantur,

335 2181 554 2218 inhonestae
586 2194 669 2217 sese
701 2180 1026 2226 vindicaverunt;
1064 2180 1265 2227 Antiates,
1303 2181 1568 2218 incommodis
1599 2179 1766 2217 arbitris

335 2249 573 2286 salutarium
583 2247 843 2285 consiliorum
854 2249 1028 2295 remotis,
1044 2248 1185 2285 urbem
1195 2261 1391 2297 agrosque
1400 2248 1595 2286 Romanis
1604 2247 1767 2284 dedunt.

296 2316 405 2353 4Ira
437 2319 474 2353 et
503 2315 638 2353 rabies
654 2315 903 2361 Latinorum,
934 2316 1029 2365 quia
1060 2330 1131 2353 nec
1149 2316 1350 2353 Romanos
1380 2316 1487 2354 bello
1519 2315 1665 2353 laedere
1695 2327 1767 2352 nec

335 2383 505 2420 Volscos
536 2383 578 2420 in
609 2382 730 2419 armis
761 2382 932 2419 retinere
962 2387 1186 2432 potuerant,
1228 2397 1273 2421 eo
1306 2384 1450 2433 erupit,
1489 2387 1534 2421 ut
1565 2382 1766 2421 Satricum

333 2451 486 2497 urbem,
517 2464 602 2500 quae
633 2450 927 2498 receptaculum
959 2451 1132 2499 primum
1164 2451 1221 2488 eis
1245 2451 1421 2488 adversae
1451 2464 1594 2501 pugnae
1624 2451 1766 2497 fuerat,

335 2520 421 2568 igni
452 2521 759 2556 concremarent.
817 2517 900 2554 Nec
941 2518 1052 2555 aliud
1091 2522 1241 2556 tectum
1280 2519 1366 2556 eius
1405 2518 1602 2568 superfuit
1641 2517 1766 2565 urbis,

335 2600 455 2636 quum
486 2587 590 2623 faces
620 2585 773 2635 pariter
798 2584 922 2622 sacris
946 2586 1204 2635 profanisque
1230 2587 1454 2633 iniicerent,
1485 2599 1603 2635 quam
1626 2586 1767 2623 matris
