1821 2928
305 143 386 179 272
697 137 812 172 Liber
837 137 885 172 v.
934 138 995 180 (A.
1020 149 1055 171 u.
1081 148 1110 171 0.
1137 121 1346 180 356—357.)

263 268 289 304 4
308 265 553 316 Delphicum
571 265 785 302 oraculum.
831 263 910 302 Sed
928 265 1094 315 propior
1111 265 1308 314 interpres
1324 265 1418 302 fatis
1435 264 1593 303 oblatus
1609 265 1743 303 senior

305 338 466 388 quidam
494 337 654 384 Veiens,
686 337 756 386 qui
787 337 892 374 inter
923 337 1157 375 cavillantes
1188 337 1229 373 in
1260 336 1503 374 stationibus
1535 350 1580 374 ac
1612 340 1740 376 custo-

305 410 381 447 diis
438 409 583 446 milites
630 409 834 446 Romanos
879 409 1149 458 Etruscosque
1193 409 1451 447 vaticinantis
1497 409 1538 446 in
1583 408 1741 446 modum

305 482 462 529 cecinit,
507 481 743 531 priusquam
780 494 828 518 ex
858 481 947 518 lacu
979 479 1142 518 Albano
1175 494 1279 530 aqua
1310 481 1454 518 emissa
1483 481 1601 528 foret,
1643 493 1744 518 nun-

263 553 286 590 5
306 567 423 604 quam
454 554 676 603 potiturum
708 552 821 591 Veiis
852 553 1090 591 Romanum.
1148 552 1263 599 Quod
1294 553 1423 602 primo
1453 553 1566 589 velut
1595 554 1743 589 temere

306 626 452 663 iactum
483 625 628 675 sperni,
672 625 818 674 agitari
852 624 996 663 deinde
1027 624 1275 662 sermonibus
1307 627 1479 674 coeptum
1501 627 1581 670 est,
1619 624 1743 662 donec

304 711 406 735 unus
439 710 487 735 ex
519 698 689 735 statione
706 697 888 735 Romana
913 700 1171 747 percontatus
1196 696 1421 746 proximum
1439 695 1743 746 oppidanorum,

303 770 381 806 iam
413 783 484 819 per
515 769 851 819 longinquitatem
876 768 976 805 belli
994 768 1227 806 commercio
1245 781 1470 806 sermonum
1487 768 1605 815 facto,
1635 767 1743 818 quis-

264 841 397 879 6nam
429 842 463 879 is
495 845 607 888 esset,
641 841 709 890 qui
741 854 812 891 per
843 841 1029 889 ambages
1061 839 1110 877 de
1141 840 1231 876 lacu
1255 839 1420 877 Albano
1445 840 1605 887 iaceret,
1636 841 1744 890 post-

305 927 421 963 quam
449 913 614 960 audivit,
637 913 887 963 haruspicem
915 926 1009 960 esse,
1034 912 1095 950 vir
1110 911 1217 949 haud
1235 912 1377 949 intacti
1393 911 1590 960 religione
1608 911 1743 957 animi,

305 989 488 1022 causatus
521 985 569 1022 de
601 984 749 1034 privati
781 985 959 1035 portenti
989 984 1285 1034 procuratione,
1318 984 1352 1021 si
1383 996 1513 1034 operae
1541 983 1602 1020 illi
1630 986 1745 1030 esset,

266 1058 288 1093 7
309 1057 512 1094 consulere
544 1057 658 1103 velle,
691 1056 740 1093 ad
773 1057 1017 1107 colloquium
1048 1060 1178 1094 vatem
1210 1055 1362 1094 elicuit.
1425 1055 1636 1105 Quumque
1652 1068 1744 1105 pro-

305 1129 432 1177 gressi
479 1129 594 1166 ambo
642 1143 664 1166 a
710 1129 792 1166 suis
832 1129 994 1178 longius
1036 1132 1166 1166 essent
1195 1129 1366 1165 inermes
1397 1128 1482 1165 sine
1512 1127 1594 1164 ullo
1626 1130 1744 1174 metu,

305 1201 528 1251 praevalens
577 1200 730 1238 iuvenis
767 1200 972 1238 Romanus
1017 1214 1149 1238 senem
1195 1200 1395 1237 infirmum
1441 1199 1484 1236 in
1531 1201 1745 1250 conspectu

306 1273 481 1310 omnium
507 1276 679 1322 raptum,
703 1273 970 1323 nequicquam
996 1272 1336 1310 tumultuantibus
1359 1271 1553 1318 Etruscis,
1580 1271 1631 1309 ad
1654 1284 1745 1309 suos

264 1344 523 1382 Stranstulit.
571 1344 650 1392 Qui
682 1358 803 1394 quum
833 1344 1050 1395 perductus
1074 1345 1124 1381 ad
1141 1345 1430 1394 imperatorem,
1463 1343 1558 1381 inde
1574 1343 1746 1381 Romam

305 1417 354 1454 ad
379 1420 559 1454 senatum
584 1417 725 1454 missus
750 1420 862 1463 esset,
889 1417 1199 1463 sciscitantibus,
1223 1417 1411 1467 quidnam
1438 1415 1479 1453 id
1496 1419 1610 1463 esset,
1637 1416 1745 1465 quod

267 1489 357 1527 9de
403 1489 493 1526 lacu
534 1488 698 1526 Albano
745 1489 957 1536 docuisset,
1003 1489 1222 1539 respondit,
1267 1488 1445 1539 profecto
1490 1488 1613 1525 iratos
1653 1487 1747 1525 deos

307 1561 470 1598 Veienti
501 1561 650 1610 populo
682 1561 752 1598 illo
784 1562 906 1599 fuisse
939 1561 1015 1612 die,
1050 1575 1127 1611 quo
1160 1561 1237 1599 sibi
1270 1574 1356 1598 eam
1383 1564 1552 1598 mentem
1577 1559 1745 1597 obiecis-

243 1633 293 1670 10
312 1636 409 1678 sent,
435 1636 481 1669 ut
508 1633 707 1670 excidium
731 1634 873 1682 patriae
897 1634 1018 1671 fatale
1042 1633 1241 1683 proderet.
1287 1632 1445 1682 Itaque,
1471 1644 1559 1682 quae
1584 1634 1669 1669 tum
1686 1643 1747 1669 ce-

308 1705 451 1741 cinerit
483 1704 620 1741 divino
652 1705 799 1755 spiritu
829 1706 1053 1751 instinctus,
1085 1718 1130 1742 ea
1155 1718 1196 1742 se
1224 1718 1307 1752 nec,
1338 1709 1381 1742 ut
1399 1704 1550 1741 indicta
1567 1703 1658 1750 sint,
1688 1716 1747 1741 re-

307 1790 450 1813 vocare
482 1790 612 1826 posse,
644 1780 683 1814 et
712 1777 880 1815 tacendo
912 1777 1089 1823 forsitan,
1121 1789 1208 1826 quae
1240 1777 1281 1813 di
1312 1776 1556 1813 immortales
1586 1774 1748 1824 vulgari

241 1848 286 1885 11
309 1848 447 1895 velint,
479 1848 585 1885 haud
618 1849 749 1886 minus
781 1862 900 1899 quam
932 1848 1099 1886 celanda
1126 1848 1279 1886 effando
1303 1849 1413 1886 nefas
1439 1846 1635 1885 contrahi.
1680 1844 1747 1883 Sic

309 1920 434 1968 igitur
474 1920 591 1957 libris
622 1921 824 1968 fatalibus,
865 1922 922 1958 sic
961 1921 1178 1971 disciplina
1208 1920 1380 1958 Etrusca
1419 1919 1614 1957 traditum
1653 1931 1748 1965 esse,

309 1992 468 2041 quando
501 2006 605 2041 aqua
636 1993 800 2030 Albana
831 1993 1085 2040 abundasset,
1123 1996 1219 2039 tum,
1251 1993 1285 2030 si
1317 2006 1402 2030 eam
1432 1991 1638 2029 Romanus
1669 1990 1748 2027 rite

309 2064 515 2110 emisisset,
563 2064 771 2102 victoriam
818 2065 865 2102 de
899 2065 1138 2103 Veientibus
1186 2065 1291 2111 dari;
1340 2067 1553 2113 antequam
1593 2063 1635 2100 id
1666 2061 1748 2109 fiat,

243 2136 292 2173 12
312 2135 404 2172 deos
445 2136 592 2172 moenia
630 2136 860 2174 Veientium
903 2137 1129 2174 deserturos
1169 2150 1249 2174 non
1289 2149 1383 2173 esse.
1444 2135 1748 2184 Exsequebatur

309 2207 412 2257 inde,
447 2221 534 2257 quae
566 2208 770 2246 sollemnis
802 2209 998 2247 derivatio
1031 2212 1151 2256 esset3
1183 2208 1253 2246 sed
1284 2211 1485 2245 auctorem
1516 2207 1644 2244 levem
1674 2218 1746 2243 nec

309 2279 404 2316 satis
435 2278 557 2315 fidum
590 2293 708 2329 super
738 2283 851 2318 tanta
874 2295 916 2318 re
933 2285 1066 2331 patres
1084 2281 1162 2318 rati
1179 2280 1584 2328 decrevere,⁴·legatos
1601 2280 1744 2315 sortes-

310 2364 385 2400 que
417 2351 570 2388 oraculi
603 2351 764 2399 Pythici
797 2352 1094 2402 exspectandas.

179 2420 231 2473 16
425 2422 668 2472 Priusquam
700 2437 722 2461 a
739 2423 916 2473 Delphis
947 2428 1124 2462 oratores
1150 2423 1331 2461 redirent
1346 2422 1551 2461 Albanive
1567 2419 1747 2471 prodigii

103 2494 211 2566 2³¹6?
231 2495 288 2566 {Z}
309 2494 472 2544 piacula
504 2494 790 2541 invenirentur,
822 2496 915 2533 novi
945 2496 1099 2533 tribuni
1124 2495 1296 2532 militum
1321 2493 1521 2533 consulari
1537 2494 1745 2542 potestate,

136 2557 143 2566 ’
205 2558 211 2566 ’
284 2559 356 2605 'L.
389 2567 521 2604 Iulius
552 2566 676 2613 Iulus,
722 2566 768 2605 L.
803 2567 951 2604 Furius
982 2567 1232 2604 Medullinus
1263 2570 1460 2617 quartum,
1505 2564 1551 2602 L.
1582 2562 1745 2612 Sergius

309 2638 495 2685 Fidenas,
529 2639 579 2676 A.
599 2637 827 2676 Postumius
851 2639 1112 2688 Regillensis,
1144 2639 1190 2676 P.
1209 2638 1419 2676 Cornelius
1442 2634 1746 2684 Maluginensis,

270 2710 362 2748 2A.
394 2710 581 2758 Manlius,
621 2710 895 2760 magistratum
935 2710 1126 2748 inierunt.
1193 2710 1253 2748 Eo
1292 2723 1394 2747 anno
1425 2707 1745 2758 Tarquinienses
