1821 2928
316 152 392 189 122
714 149 828 184 Liber
853 151 904 184 ΙΙ.
944 152 1001 191 (A.
1028 163 1062 184 u.
1091 164 1119 187 c.
1146 152 1355 196 285-286.)

312 277 464 314 consuli
498 278 637 323 visum,
669 291 738 314 cur
769 291 840 327 pro
870 279 978 317 victo
1010 280 1254 329 relinqueret
1281 280 1442 327 hostem,
1461 280 1616 329 integro
1648 281 1741 319 inde

312 349 505 386 decedens
537 349 652 386 bello.

197 419 251 467 63
424 421 536 458 Inter
567 422 649 459 haec
693 422 800 459 bella
847 427 1026 460 manente
1073 423 1274 461 discordia
1318 423 1436 473 domi,
1481 424 1660 462 consules
1691 423 1737 462 T.

267 495 289 530 ‘2
310 493 518 530 Numicius
550 493 724 537 Priscus,
756 493 804 531 A.
840 494 1055 543 Verginius
1096 494 1200 532 facti.
1262 494 1351 533 Non
1393 496 1497 532 ultra
1527 495 1739 533 videbatur

107 558 128 581 Α
159 565 184 581 u.
197 564 220 581 c.
232 557 289 580 283.

123 598 178 621 ΑΛ
195 597 221 619 ῃ-
233 598 290 620 W.
313 566 443 603 latura
461 565 596 614 plebes
614 565 843 603 dilationem
861 567 1028 613 agrariae
1047 566 1162 614 legis,
1180 567 1401 616 ultimaque
1423 567 1483 604 vis
1506 566 1736 616 parabatur,

311 650 443 686 quum,
478 636 644 674 Volscos
683 637 830 683 adesse,
860 638 966 674 fumo
1008 651 1056 673 ex
1104 638 1298 676 incendiis
1338 639 1527 676 villarum
1568 639 1739 688 fugaque

312 710 526 758 agrestium
559 710 759 757 cognitum
793 714 862 747 est.
922 709 981 746 Ea
1013 723 1075 746 res
1106 714 1301 747 maturam
1333 711 1407 747 iam
1441 710 1676 748 seditionem
1692 723 1736 747 ac

269 782 292 818 3
311 794 435 831 prope
452 786 720 830 erumpentem
736 782 936 831 repressit.
966 781 1307 828 Consules,coacti
1324 782 1523 831 extemplo
1541 781 1590 818 ab
1601 784 1738 819 senatu

310 854 360 890 ad
393 853 553 901 bellum,
586 852 729 890 educta
761 867 808 890 ex
840 853 939 890 urbe
972 853 1188 900 iuventute,
1213 851 1534 902 tranquilliorem
1566 856 1736 891 ceteram

270 926 468 976 4plebem
500 925 687 962 fecerunt.
732 925 786 962 Et
815 925 947 962 hostes
979 925 1151 975 quidem,
1182 925 1284 962 nihil
1303 925 1413 962 aliud
1430 939 1549 975 quam
1567 925 1738 975 perfusis

271 1000 293 1037 5
313 1013 412 1037 vano
431 999 571 1035 timore
588 997 792 1046 Romanis,
820 998 942 1034 citato
970 998 1126 1047 agmine
1153 998 1316 1043 abeunt3
1342 997 1550 1035 Numicius
1568 997 1734 1034 Antium

309 1072 497 1109 adversus
530 1068 712 1107 Volscos,
747 1068 965 1118 Verginius
996 1074 1134 1107 contra
1157 1070 1311 1118 AEquos
1342 1069 1553 1119 profectus.
1599 1069 1665 1106 lbi
1688 1082 1736 1106 ex

309 1143 466 1180 insidiis
497 1154 620 1190 prope
651 1154 795 1189 magna
826 1144 990 1190 accepta
1021 1141 1143 1187 clade,
1175 1142 1303 1179 virtus
1330 1141 1504 1179 militum
1535 1155 1617 1178 rem
1647 1153 1736 1190 pro-

267 1217 289 1251 6
309 1216 459 1264 lapsam
491 1213 738 1261 negligentia
754 1213 928 1250 consulis
960 1213 1147 1250 restituit.
1196 1213 1342 1251 Melius
1375 1214 1415 1250 in
1439 1213 1598 1251 Volscis
1614 1213 1735 1262 impe-

308 1290 437 1323 ratum
470 1289 547 1330 est3
580 1284 654 1321 fusi
680 1285 808 1333 primo
834 1285 977 1334 proelio
1010 1285 1141 1322 hostes
1168 1285 1342 1334 fugaque
1374 1286 1414 1322 in
1445 1286 1584 1323 urbem
1615 1284 1735 1322 Anti·

307 1371 384 1403 um,
415 1361 459 1394 ut
488 1361 573 1394 tum
603 1370 665 1393 res
711 1361 833 1402 erant,
883 1357 1224 1406 opulentissimam
1271 1357 1361 1395 acti.
1423 1357 1550 1404 Quam
1596 1357 1734 1394 consul

308 1442 539 1479 oppugnare
556 1442 634 1465 non
652 1441 770 1466 ausus
788 1428 1010 1475 Caenonem,
1034 1429 1143 1466 aliud
1169 1428 1361 1477 oppidum
1386 1442 1639 1478 nequaquam
1654 1432 1736 1466 tam

265 1500 285 1534 7
307 1501 549 1551 opulentum,
569 1499 617 1537 ab
638 1499 873 1537 Antiatibus
891 1501 1009 1550 cepit.
1043 1500 1150 1537 Dum
1169 1499 1736 1549 AEquiVolsciqueRomanos

307 1572 506 1610 exercitus
536 1575 683 1618 tenent,
730 1571 873 1609 Sabini
919 1585 1044 1621 usque
1090 1572 1141 1609 ad
1186 1577 1320 1622 portas
1360 1572 1470 1609 urbis
1500 1572 1736 1622 populantes

306 1646 513 1681 incessere.
560 1642 720 1680 Deinde
751 1644 828 1692 ipsi
859 1644 995 1692 paucis
1011 1646 1102 1693 post
1125 1644 1264 1681 diebus
1296 1645 1345 1681 ab
1371 1644 1523 1682 duobus
1554 1644 1735 1682 exerciti-

306 1717 389 1762 bus,
420 1719 589 1765 utroque
608 1729 677 1764 per
708 1715 809 1752 iram
840 1715 1000 1752 consule
1019 1716 1194 1763 ingresso
1227 1715 1269 1752 in
1299 1714 1407 1760 fines,
1435 1716 1522 1764 plus
1553 1716 1736 1763 cladium,

306 1802 423 1838 quam
456 1788 686 1834 intulerant,
723 1791 972 1836 acceperunt.

188 1858 245 1905 64
420 1860 609 1896 Extremo
642 1872 744 1896 anno
776 1860 885 1908 pacis
917 1858 1072 1908 aliquid
1103 1859 1189 1905 fuit,
1228 1858 1309 1908 sed,
1350 1862 1395 1895 ut
1432 1872 1584 1909 semper
1623 1860 1734 1907 alias,

262 1933 284 1969 2
305 1932 489 1969 sollicitae
507 1931 614 1982 pacis
632 1931 846 1968 certamine
866 1935 1022 1980 patrum
1041 1934 1080 1967 et
1095 1931 1239 1979 plebis.
1276 1930 1386 1968 Irata
1413 1930 1524 1980 plebs
1543 1931 1732 1970 interesse

306 2003 580 2040 consularibus
611 2003 784 2041 comitiis
830 2002 980 2047 noluit3
1018 2015 1091 2051 per
1121 2007 1254 2051 patres
1302 2003 1543 2052 clientesque
1574 2007 1732 2052 patrum

98 2061 283 2090 A'”‘⁰·²⁸⁶'
305 2075 486 2111 consules
517 2075 641 2112 creati
672 2073 716 2112 T.
750 2073 973 2121 Quinctius,
1014 2073 1062 2120 Q.
1103 2072 1306 2112 Servilius.
1367 2073 1548 2112 Similem
1585 2088 1731 2113 annum

116 2104 284 2130 11111468.

304 2146 430 2195 priori
462 2146 674 2196 [consules]
706 2146 863 2192 habent,
895 2145 1083 2183 seditiosa
1114 2146 1241 2194 initia,
1269 2145 1375 2183 bello
1401 2145 1544 2184 deinde
1567 2151 1732 2185 externo

261 2215 283 2251 3
302 2218 530 2266 tranquilla.
585 2217 728 2255 Sabini
761 2217 1034 2255 Crustuminos
1067 2230 1225 2267 campos
1257 2218 1379 2255 citato
1411 2218 1572 2267 agmine
1602 2222 1728 2256 trans·

304 2289 440 2336 gressi,
474 2302 593 2337 quum
626 2289 752 2326 caedes
783 2294 821 2326 et
852 2289 1035 2326 incendia
1066 2289 1214 2326 circum
1243 2289 1441 2327 Anienem
1456 2289 1601 2326 flumen
1618 2290 1730 2327 fecis-

304 2365 400 2408 sent.
433 2373 456 2397 a
486 2365 602 2408 porta
632 2374 756 2410 prope
782 2360 941 2398 Collina
957 2360 1232 2410 moenibusque
1256 2361 1361 2410 pulsi
1386 2361 1567 2410 ingentes
1598 2363 1730 2398 tamen

258 2429 457 2481 4praedas
487 2430 690 2468 hominum
723 2445 988 2481 pecorumque
1019 2445 1147 2480 egere.
1210 2432 1319 2479 Quos
1358 2432 1552 2470 Servilius
1591 2432 1729 2470 consul

303 2504 444 2540 infesto
477 2502 655 2540 exercitu
688 2503 887 2539 insecutus
919 2503 1048 2552 ipsum
1072 2503 1235 2552 quidem
1251 2517 1392 2553 agmen
1409 2504 1582 2554 adipisci
1605 2503 1729 2552 aequis

303 2575 400 2612 locis
431 2588 507 2612 non
539 2574 683 2624 potuit,
715 2573 1011 2623 populationem
1044 2575 1142 2612 adeo
1174 2575 1294 2613 effuse
1311 2575 1417 2624 fecit,
1435 2578 1479 2612 ut
1494 2575 1595 2611 nihil
1621 2575 1728 2612 bello

305 2647 494 2683 intactum
526 2645 770 2695 relinqueret
802 2645 1092 2694 multiplicique
1125 2650 1240 2695 capta
1269 2645 1408 2695 praeda
1437 2645 1599 2683 rediret.
