1821 2928
600 217 691 242 Liber
707 216 744 242 x.
782 216 831 246 (A.
851 216 904 243 ch.
924 218 1081 247 ³02—300.)
1395 208 1478 246 203

90 333 271 372 Romam.
340 331 428 370 Pax
458 334 621 381 negata,
662 331 832 370 indutiae
870 332 1027 370 biennii
1065 332 1180 371 datae.
1246 333 1438 372 Dictator
1466 332 1539 370 tri·
1562 333 1611 370 13

89 401 286 452 umphans
315 401 357 439 in
388 401 526 438 urbem
556 401 690 438 rediit.
750 401 892 438 Habeo
924 405 1124 449 auctores,
1163 402 1246 440 sine
1277 402 1360 439 ullo
1391 415 1536 440 memo·

90 470 211 508 rabili
240 469 386 520 proelio
416 474 597 519 pacatam
622 469 672 506 ab
695 469 892 507 dictatore
913 469 1118 508 Etruriam
1141 484 1236 517 esse,
1267 470 1536 508 seditionibus

91 541 249 576 tantum
280 537 566 576 Arretinorum
606 539 838 588 compositis
876 541 915 575 et
953 537 1086 576 Cilnio
1126 552 1270 588 genere
1301 553 1390 577 cum
1420 539 1537 589 plebe

93 606 137 644 in
167 606 342 656 gratiam
372 606 548 644 reducto.
609 606 759 644 Consul
789 620 836 644 ex
867 605 1068 644 dictatura
1097 608 1226 645 factus
1258 608 1313 645 M.
1339 607 1539 646 Valerius.
1561 606 1612 644 14

92 674 184 714 Non
214 678 417 725 petentem
447 678 567 725 atque
599 675 697 712 adeo
741 675 860 712 etiam
891 675 1096 713 absentem
1128 679 1304 713 creatum
1333 676 1538 714 tradidere

93 742 274 793 quidam,
321 746 362 781 et
397 757 469 794 per
507 744 748 792 interregem
787 758 833 781 ea
870 744 1034 782 comitia
1063 746 1187 792 facta;
1233 745 1275 782 id
1305 759 1429 783 unum
1459 758 1539 782 non

93 811 329 861 ambigitur,
361 812 612 850 consulatum
644 826 733 849 cum
764 812 942 863 Apuleio
973 813 1108 851 Pansa
1138 814 1316 863 gessisse.
1329 815 1360 863 1)

207 880 263 918 M.
295 879 462 918 Valerio
495 884 535 918 et
565 880 612 929 Q.
653 880 830 931 Apuleio
869 882 1101 920 consulibus
1132 883 1229 921 satis
1259 885 1413 933 pacatae
1442 881 1540 920 foris
1630 875 1656 923 6

94 962 158 987 res
195 949 318 987 fuere.
384 949 599 987 Etruscum
636 950 805 987 adversa
843 950 941 988 belli
978 964 1041 988 res
1079 955 1118 988 et
1154 951 1323 988 indutiae
1360 950 1542 1001 quietum
1560 947 1746 1008 2:¹3³·-3gg2

93 1019 302 1064 tenebant;
349 1016 568 1056 Samnitem
613 1019 830 1057 multorum
875 1033 1070 1056 annorum
1117 1018 1303 1057 cladibus
1344 1018 1540 1056 domitum

92 1086 299 1124 hauddum
343 1087 505 1125 foederis
550 1087 646 1124 novi
691 1088 919 1137 paenitebat.
993 1088 1133 1125 Romae
1179 1101 1338 1137 quoque
1381 1086 1581 1137 plebem3

94 1155 272 1205 quietam
303 1159 519 1193 exonerata
554 1156 596 1193 in
636 1156 816 1194 colonias
854 1157 1070 1194 multitudo
1101 1156 1331 1207 praestabat.
1390 1156 1541 1193 Tamen

94 1237 144 1261 ne
173 1223 353 1274 undique
374 1224 608 1274 tranquillae
632 1238 695 1261 res
720 1228 861 1271 essent,
893 1229 1090 1263 certamen
1114 1226 1307 1263 iniectum
1329 1225 1434 1262 inter
1458 1224 1540 1275 pri-

93 1306 223 1330 mores
255 1293 441 1340 civitatis,
470 1293 665 1343 patricios
696 1293 967 1343 plebeiosque,
999 1295 1048 1332 ab
1072 1294 1252 1332 tribunis
1275 1294 1407 1345 plebis
1431 1294 1479 1341 Q.
1503 1295 1543 1331 et

50 1365 54 1368 ⁴
96 1360 166 1398 Cn.
190 1360 387 1411 Ogulniis,
419 1363 498 1412 qui,
528 1362 707 1412 undique
725 1363 1062 1401 criminandorum
1084 1367 1245 1413 patrum
1261 1363 1368 1413 apud
1384 1362 1541 1412 plebem
1559 1362 1585 1400 4

97 1431 374 1468 occasionibus
415 1430 611 1480 quaesitis,
656 1435 869 1481 postquam
915 1432 996 1470 alia
1041 1433 1193 1470 frustra
1230 1434 1386 1469 tentata
1417 1433 1543 1477 erant,

96 1511 182 1536 eam
212 1499 411 1537 actionem
441 1503 718 1548 susceperunt,
763 1514 843 1550 qua
882 1514 962 1538 non
993 1500 1170 1538 infimam
1209 1500 1367 1550 plebem
1404 1512 1542 1536 accen-

96 1565 248 1614 derent,
279 1567 349 1604 sed
378 1567 466 1617 ipsa
497 1568 629 1618 capita
660 1568 802 1618 plebis,
833 1569 1062 1607 consulares
1092 1569 1435 1619 triumphalesque
1458 1567 1542 1618 ple-

95 1635 220 1682 beios,
251 1649 422 1685 quorum
445 1636 667 1674 honoribus
691 1637 794 1674 nihil
817 1640 964 1687 praeter
987 1638 1221 1685 sacerdotia,
1252 1649 1341 1687 quae
1363 1635 1541 1674 nondum
1559 1641 1582 1678 5

96 1704 325 1753 promiscua
363 1708 493 1752 erant,
540 1705 706 1744 deesset.
773 1706 1043 1755 Rogationem
1088 1719 1183 1755 ergo
1221 1705 1582 1756 promulgarunt,6

94 1775 150 1819 ut,
181 1786 304 1822 quum
336 1777 527 1823 quattuor
557 1787 739 1823 augures,
770 1778 962 1825 quattuor
990 1774 1200 1825 pontifices
1232 1788 1278 1812 ea
1306 1775 1542 1823 tempestate

95 1843 236 1888 essent,
266 1842 523 1892 placeretque
547 1843 685 1891 augeri
708 1843 959 1881 sacerdotum
985 1857 1206 1890 numerum,
1232 1845 1424 1892 quattuor
1445 1854 1542 1891 pon-

92 1908 233 1956 tifices,
259 1911 438 1960 quinque
462 1911 653 1960 augureS,
669 1911 717 1949 de
744 1912 862 1962 plebe
892 1926 1038 1959 omnes,
1061 1912 1343 1960 allegerentur.
1395 1910 1539 1958 Quem·
1560 1919 1582 1954 7

95 1977 311 2016 admodum
343 1979 395 2016 ad
426 1982 617 2029 quattuor
633 1993 829 2028 augurum
852 1993 1074 2027 numerum,
1104 1980 1183 2017 nisi
1206 1982 1333 2017 morte
1360 1978 1542 2024 duorum,

97 2045 139 2084 id
169 2046 300 2096 redigi
332 2048 544 2096 collegium
571 2048 760 2097 potuerit,
789 2061 869 2085 non
894 2048 1066 2095 invenio,
1097 2062 1219 2098 quum
1243 2048 1348 2085 inter
1371 2060 1542 2096 augures

97 2118 262 2162 constet,
292 2116 484 2166 imparem
510 2130 718 2154 numerum
743 2116 887 2154 debere
911 2130 1007 2164 esse,
1029 2120 1075 2154 ut
1095 2120 1176 2154 tres
1200 2117 1376 2166 antiquae
1398 2115 1543 2162 tribus,

95 2183 287 2231 Ramnes,
327 2184 537 2232 Titienses,
575 2184 759 2231 Luceres,
796 2198 910 2222 suum
948 2199 1116 2235 quaeque
1147 2198 1339 2235 augurem
1369 2185 1544 2222 habeant

97 2256 183 2299 aut,
229 2253 263 2290 si
301 2253 486 2303 pluribus
524 2253 579 2291 sit
615 2267 735 2304 opus,
780 2253 868 2303 pari
906 2253 1011 2291 inter
1048 2268 1088 2292 se
1119 2267 1284 2292 numero
1315 2253 1583 2297 sacerdotesg

96 2321 380 2371 multiplicent,
411 2323 515 2360 sicut
545 2322 805 2372 multiplicati
837 2325 941 2369 sunt,
973 2335 1095 2372 quum
1127 2322 1178 2359 ad
1209 2326 1400 2372 quattuor
1425 2321 1541 2370 quin-

98 2403 176 2440 que
206 2390 354 2428 adiecti
384 2405 526 2429 novem
556 2404 775 2437 numerum,
813 2394 859 2428 ut
887 2391 994 2428 terni
1025 2392 1066 2429 in
1097 2391 1275 2441 singulas
1305 2393 1448 2434 essent,
1478 2403 1541 2427 ex-

97 2458 320 2508 pleverunt.
381 2458 585 2506 Ceterum,
624 2459 719 2508 quia
750 2459 799 2496 de
830 2459 946 2509 plebe
977 2459 1273 2510 allegebantur,
1313 2459 1424 2496 iuxta
1454 2471 1541 2495 eam
1559 2465 1582 2501 9

97 2540 181 2564 rem
212 2540 317 2577 aegre
348 2528 456 2578 passi
486 2532 632 2578 patres,
665 2541 783 2577 quam
815 2541 937 2577 quum
968 2529 1219 2566 consulatum
1241 2527 1403 2576 vulgari
1431 2525 1540 2564 vide-

97 2599 196 2634 rent.
257 2596 523 2643 Simulabant,
553 2596 604 2634 ad
636 2595 730 2634 deos
772 2595 814 2633 id
853 2597 980 2646 magis
1017 2611 1136 2647 quam
1167 2596 1219 2634 ad
1251 2609 1290 2633 se
1321 2595 1538 2645 pertinere:
1561 2601 1611 2638 10

135 2685 163 2729 ¹)
189 2684 236 2720 In
272 2685 378 2719 fastis
410 2684 628 2730 vulgaribus
667 2682 719 2716 M.
749 2682 891 2717 Valerii
929 2683 1127 2719 dictaturae
1153 2684 1303 2728 integer
1327 2683 1541 2727 assignatur

193 2754 320 2785 annus,
349 2753 379 2776 a.
405 2754 440 2776 u.
467 2753 496 2776 c.
521 2742 598 2783 453,
627 2752 656 2775 a.
684 2740 750 2774 Ch.
775 2742 852 2775 301.
