1821 2928
260 139 338 177 108
650 135 761 170 Liber
785 134 837 169 11.
886 135 946 178 (A.
972 146 1008 169 u.
1035 145 1065 169 c.
1090 135 1297 179 274—275.)

256 264 451 313 opposito,
499 262 683 299 hostibus
729 262 836 300 viam
885 263 1092 301 clauserat.
1169 262 1230 300 Ea
1276 262 1503 312 desperatio
1549 261 1690 301 Tuscis

256 335 408 373 rabiem
454 334 580 383 magis
622 347 737 383 quam
778 334 986 372 audaciam
1019 333 1211 372 accendit.
1271 333 1375 371 Nam
1407 347 1526 384 quum
1559 334 1690 372 incur-

257 410 399 453 santes,
446 418 683 456 quacunque
730 406 881 443 exitum
920 405 1148 444 ostenderet
1189 418 1290 455 spes,
1337 419 1438 443 vano
1480 405 1692 456 aliquoties

260 480 410 529 impetu
428 478 561 527 issent,
584 477 729 526 globus
747 478 935 516 iuvenum
952 491 1053 515 unus
1071 478 1111 514 in
1129 477 1260 526 ipsum
1278 477 1478 515 consulem
1496 478 1692 527 insignem

216 550 237 586 7
258 551 376 588 armis
409 550 576 587 invadit.
621 549 759 587 Prima
785 549 1360 599 exceptaacircumstantibus
1375 549 1475 596 tela;
1506 549 1694 588 sustineri

259 623 401 660 deinde
427 622 488 660 vis
514 622 672 671 nequit3
706 622 844 659 consul
862 621 1067 659 mortifero
1084 621 1250 658 vulnere
1268 621 1371 659 ictus
1388 621 1508 669 cadit,
1537 621 1694 671 fusique

215 693 365 732 Scirca
397 707 541 732 omnes.
590 693 733 731 Tuscis
766 694 908 731 crescit
939 692 1126 739 audacia;
1159 692 1361 731 Romanos
1377 696 1506 731 terror
1523 706 1594 743 per
1609 697 1694 741 tota

260 770 388 804 castra
418 765 598 815 trepidos
630 766 725 814 agit,
766 769 804 803 et
845 765 894 802 ad
927 768 1102 802 extrema
1132 769 1293 802 ventum
1324 765 1438 812 foret,
1483 765 1527 802 ni
1556 764 1693 814 legati,

259 841 375 888 rapto
409 837 581 875 consulis
613 850 793 887 corpore,
826 837 1108 887 patefecissent
1138 850 1218 874 una
1247 840 1364 886 porta
1379 837 1561 875 hostibus
1576 836 1693 875 viam.

217 910 319 948 9Ea
360 912 595 959 erumpunt3
641 912 974 958 consternatoque
1015 909 1170 958 agmine
1211 909 1401 947 abeuntes
1432 909 1472 946 in
1503 909 1696 946 victorem

259 984 429 1020 alterum
462 981 645 1019 incidunt
678 981 896 1027 consulem3
938 980 995 1017 ibi
1033 981 1175 1018 iterum
1219 981 1312 1019 caesi
1341 980 1502 1030 fusique
1533 980 1695 1030 passim.

375 1053 559 1092 Victoria
590 1053 755 1102 egregia
786 1056 913 1102 parta,
953 1053 1080 1090 tristis
1110 1056 1244 1090 tamen
1277 1052 1433 1090 duobus
1463 1055 1545 1090 tam
1576 1051 1696 1090 claris

191 1125 477 1163 lOfuneribus.
538 1125 682 1174 Itaque
715 1125 865 1171 consul,
913 1125 1149 1162 decernente
1188 1128 1329 1162 senatu
1358 1124 1618 1174 triumphum,
1665 1123 1698 1162 si

262 1198 457 1235 exercitus
497 1198 582 1234 sine
622 1198 860 1246 imperatore
897 1197 1145 1246 triumphare
1184 1197 1320 1246 possit,
1367 1210 1440 1246 pro
1471 1196 1621 1233 eximia
1652 1208 1698 1234 eo

262 1269 367 1306 bello
401 1282 521 1318 opera
552 1268 670 1305 facile
702 1281 912 1317 passurum
943 1268 1171 1317 respondit3
1205 1281 1258 1317 se,
1290 1268 1444 1305 familia
1474 1268 1631 1306 funesta
1649 1266 1697 1314 Q.

262 1340 381 1378 Fabii
413 1341 550 1378 fratris
582 1343 722 1389 morte,
755 1352 798 1377 re
828 1339 991 1389 publica
1024 1353 1071 1376 ex
1103 1343 1216 1389 parte
1243 1340 1352 1386 orba,
1385 1340 1546 1378 consule
1572 1339 1698 1378 altero

262 1413 418 1459 amisso,
451 1412 617 1462 publico
650 1412 887 1462 privatoque
915 1411 1126 1449 deformem
1146 1412 1257 1449 luctu
1274 1412 1448 1448 lauream
1466 1425 1545 1449 non
1562 1424 1699 1462 accep·

194 1484 242 1520 11
261 1489 406 1523 turum.
454 1483 573 1521 Omni
605 1487 694 1522 acto
724 1483 928 1532 triumpho
962 1483 1168 1533 depositus
1192 1483 1420 1533 triumphus
1443 1482 1588 1520 clarior
1603 1483 1700 1521 fuit5

262 1557 360 1594 adeo
408 1559 542 1606 spreta
587 1556 627 1592 in
673 1559 851 1605 tempore
896 1555 1025 1603 gloria
1065 1556 1266 1593 interdum
1307 1554 1547 1592 cumulatior
1577 1555 1697 1595 redit.

261 1628 422 1666 Funera
455 1627 602 1664 deinde
635 1626 711 1663 duo
746 1627 932 1676 deinceps
958 1627 1122 1675 collegae
1149 1626 1366 1675 fratrisque
1385 1626 1504 1673 ducit,
1535 1626 1641 1664 idem
1657 1627 1697 1666 in

261 1704 433 1749 utroque
478 1698 677 1746 laudator⁷
727 1711 847 1747 quum
893 1697 1148 1735 concedendo
1194 1698 1273 1735 illis
1319 1710 1410 1734 suas
1441 1697 1580 1736 laudes
1610 1698 1697 1748 ipse

193 1774 242 1810 12
261 1772 470 1809 maximam
501 1774 655 1820 partem
688 1783 820 1808 earum
854 1769 986 1807 ferret.
1049 1769 1190 1819 Neque
1221 1769 1424 1806 immemor
1456 1769 1552 1816 eius,
1593 1769 1699 1819 quod

262 1844 378 1881 initio
397 1843 624 1880 consulatus
650 1842 875 1887 imbiberat,
899 1840 1188 1878 reconciliandi
1205 1841 1357 1878 animos
1374 1840 1520 1890 plebis,
1544 1842 1699 1880 saucios

262 1916 410 1953 milites
452 1914 648 1952 curandos
689 1913 833 1951 dividit
864 1913 1060 1963 patribus.
1121 1912 1261 1949 Fabiis
1292 1912 1454 1961 plurimi
1484 1913 1580 1963 dati,
1627 1926 1699 1952 nec

263 1987 361 2024 alibi
391 1986 542 2024 maiore
575 1999 670 2024 cura
701 1985 842 2023 habiti.
889 1985 989 2022 Inde
1021 1984 1236 2035 populares
1267 1984 1344 2021 iam
1377 1997 1460 2022 esse
1478 1984 1600 2022 Fabii
1627 1998 1698 2023 nec

262 2059 336 2095 hoc
368 2058 450 2095 ulla
482 2058 560 2094 nisi
592 2057 745 2095 salubri
778 2058 837 2094 rei
866 2057 1041 2107 publicae
1073 2060 1169 2094 arte.

134 2129 191 2176 48
378 2130 511 2179 Igitur
542 2143 621 2167 non
653 2132 809 2179 patrum
842 2128 970 2178 magis
1002 2141 1120 2178 quam
1152 2128 1282 2178 plebis
1313 2126 1456 2166 studiis
1473 2127 1528 2165 K.
1548 2127 1699 2166 Fabius

58 2202 167 2228 A.u.c.
186 2203 244 2258 ²3⁵·
264 2215 353 2240 cum
371 2201 417 2240 T.
436 2201 633 2250 Verginio
659 2201 796 2239 consul
819 2201 948 2238 factus
971 2213 1100 2250 neque
1125 2199 1221 2237 belli
1238 2212 1367 2249 neque
1385 2198 1554 2236 dilectus
1571 2212 1700 2249 neque

58 2247 165 2275 A'Ch'
184 2249 244 2272 4‘9‘
263 2274 387 2312 ullam
435 2273 554 2310 aliam
593 2273 766 2322 priorem
806 2285 942 2309 curam
974 2284 1091 2321 agere
1123 2284 1242 2320 quam
1271 2274 1329 2320 ut,
1375 2270 1454 2307 iam
1485 2270 1621 2320 aliqua
1651 2283 1700 2309 ex

263 2348 378 2396 parte
426 2345 611 2382 inchoata
658 2344 880 2381 concordiae
926 2357 1007 2393 spe,
1053 2343 1180 2392 primo
1213 2354 1370 2392 quoque
1400 2344 1579 2392 tempore
1610 2356 1698 2380 cum

226 2417 448 2468 2patribus
493 2415 761 2453 coalescerent
807 2415 930 2451 animi
974 2414 1115 2464 plebis.
1175 2414 1319 2464 Itaque
1364 2413 1564 2464 principio
1604 2414 1699 2452 anni

267 2488 434 2537 censuit,
472 2487 702 2538 priusquam
745 2486 960 2535 quisquam
1000 2486 1170 2535 agrariae
1207 2485 1311 2535 legis
1343 2488 1482 2523 auctor
1511 2485 1699 2523 tribunus

267 2561 487 2606 exsisteret,
512 2561 753 2608 occuparent
774 2560 910 2607 patres
934 2556 1012 2606 ipsi
1028 2569 1142 2594 suum
1159 2569 1300 2593 munus
1315 2556 1465 2602 facere;
1498 2557 1699 2606 captivum

267 2645 407 2680 agrum
452 2630 562 2680 plebi
609 2639 725 2679 quam
771 2629 938 2665 maxime
977 2628 1186 2677 aequaliter
1226 2627 1387 2672 darent;
1431 2639 1568 2665 verum
1600 2641 1698 2678 esse,
