1821 2928
282 136 361 174 136
713 129 830 165 Liber
854 130 924 166 111.
973 130 1034 174 (A.
1062 141 1095 165 u.
1125 141 1154 164 c.
1180 130 1272 174 293.)

276 260 470 297 sinebant.
531 258 615 297 Nec
646 259 728 296 fere
760 259 935 297 seniores
966 259 1025 296 rei
1057 259 1295 305 intererant,
1338 259 1487 309 quippe
1518 271 1605 308 quae
1637 272 1714 296 non

280 332 447 369 consilio
478 330 676 380 regenda,
719 330 787 368 sed
819 330 1013 380 permissa
1050 330 1270 367 temeritati
1310 330 1566 380 audaciaeque
1597 334 1710 370 esset.

239 403 261 440 5
280 403 454 440 Multum
482 406 519 440 et
545 403 724 440 consules
756 416 795 440 se
823 401 1089 449 abstinebant,
1122 414 1170 438 ne
1197 401 1260 438 cui
1284 401 1325 438 in
1342 401 1567 440 colluvione
1583 416 1713 440 rerum

239 475 261 511 6
281 476 525 512 maiestatem
556 488 666 512 suam
698 474 946 512 contumeliae
979 473 1178 511 offerrent.
1240 472 1351 511 Caeso
1384 476 1470 511 erat
1486 474 1713 524 Quinctius,

276 548 386 584 ferox
420 547 572 583 iuvenis
604 560 682 596 qua
712 546 926 584 nobilitate
954 545 1098 592 gentis.
1132 558 1211 595 qua
1237 545 1414 595 corporis
1438 542 1715 591 magnitudine

278 623 318 656 et
354 619 519 658 viribus.
595 618 663 656 Ad
711 631 756 656 ea
802 631 964 655 munera
1009 617 1101 654 data
1143 630 1164 654 a
1212 617 1273 654 dis
1311 620 1349 654 et
1380 617 1466 667 ipse
1508 614 1718 654 addiderat

277 690 404 728 multa
427 690 525 727 belli
549 690 691 727 decora
714 690 1018 738 facundiamque
1048 689 1089 726 in
1114 689 1212 739 foro,
1245 694 1289 726 ut
1317 703 1430 727 nemo
1454 701 1534 726 non
1562 688 1715 735 lingua,

239 762 261 798 7
280 775 358 800 non
390 775 508 799 manu
525 762 748 812 promptior
776 762 817 798 in
842 761 1002 798 civitate
1029 760 1254 798 haberetur.
1294 761 1373 798 Hic
1391 773 1512 811 quum
1529 759 1569 796 in
1588 757 1718 796 medio

277 838 435 884 patrum
467 834 624 883 agmine
657 834 909 878 constitisset,
943 833 1120 870 eminens
1154 832 1258 870 inter
1289 833 1402 878 alios,
1442 832 1552 870 velut
1583 843 1717 868 omnes

280 905 502 943 dictaturas
534 905 841 954 consulatusque
872 919 1012 954 gerens
1044 906 1084 942 in
1111 918 1207 943 voce
1240 918 1285 942 ac
1308 904 1461 942 viribus
1489 903 1583 952 suis,
1615 915 1717 939 unus

239 977 454 1028 8impetus
494 977 734 1014 tribunicios
773 977 1067 1027 popularesque
1107 976 1300 1027 procellas
1331 975 1566 1014 sustinebat.
1628 973 1717 1011 Hoc

279 1049 378 1086 duce
410 1061 512 1099 saepe
543 1049 649 1098 pulsi
680 1050 764 1086 foro
796 1049 961 1095 tribuni,
1003 1050 1088 1086 fusa
1119 1062 1163 1086 ac
1195 1048 1331 1097 fugata
1362 1048 1498 1097 plebes
1530 1049 1604 1092 est3
1646 1045 1716 1095 qui

282 1121 425 1160 obvius
451 1123 592 1167 fuerat,
625 1122 821 1159 mulcatus
849 1122 1102 1171 nudatusque
1127 1120 1274 1166 abibat,
1304 1124 1349 1157 ut
1371 1120 1468 1157 satis
1494 1122 1714 1169 appareret,

242 1195 264 1231 9
284 1194 317 1231 si
350 1194 407 1230 sic
439 1194 505 1243 agi
538 1193 691 1240 liceret,
722 1194 867 1231 victam
898 1194 1026 1241 legem
1058 1206 1152 1232 esse.
1214 1191 1328 1238 Tum,
1366 1205 1490 1242 prope
1521 1191 1598 1228 iam
1629 1203 1717 1240 per·

279 1266 400 1303 culsis
431 1265 522 1303 aliis
552 1265 740 1312 tribunis,
781 1265 832 1303 A.
864 1264 1094 1314 Verginius,
1135 1279 1181 1302 ex
1212 1264 1377 1312 collegio
1409 1276 1522 1311 unus,
1563 1261 1717 1300 Caesoni

282 1338 422 1387 capitis
454 1337 559 1374 diem
591 1337 701 1374 dicit.
749 1338 881 1374 Atrox
906 1337 1109 1384 ingenium
1134 1336 1371 1374 accenderat
1398 1349 1442 1373 eo
1470 1336 1573 1372 facto
1591 1334 1717 1382 magis

280 1423 399 1459 quam
430 1412 721 1455 conterruerat3
761 1422 806 1447 eo
847 1408 977 1446 acrius
1017 1409 1175 1446 obstare
1213 1408 1314 1456 legi,
1359 1408 1516 1456 agitare
1546 1406 1716 1457 plebem,

217 1481 266 1518 10
284 1480 469 1518 tribunos
501 1482 612 1518 velut
636 1481 739 1518 iusto
767 1480 953 1530 persequi
979 1481 1096 1518 bello.
1137 1480 1360 1518 Accusator
1376 1479 1460 1529 pati
1477 1492 1587 1516 reum
1603 1491 1718 1515 ruere

283 1552 530 1602 invidiaeque
560 1553 757 1590 flammam
789 1566 834 1590 ac
866 1553 1071 1590 materiam
1104 1552 1342 1589 criminibus
1373 1551 1454 1589 suis
1485 1562 1717 1599 suggerere3

284 1625 412 1673 legem
450 1624 612 1661 interim
653 1637 730 1661 non
769 1628 848 1661 tam
881 1623 931 1661 ad
962 1637 1069 1673 spem
1107 1623 1336 1673 perferendi
1367 1637 1485 1673 quam
1517 1622 1567 1660 ad
1596 1622 1718 1660 laces-

217 1697 263 1732 11
285 1696 447 1733 sendam
465 1695 640 1733 Caesonis
671 1696 933 1733 temeritatem
965 1696 1081 1732 ferre.
1143 1695 1208 1732 Ibi
1233 1695 1358 1732 multa
1375 1707 1478 1744 saepe
1507 1694 1556 1731 ab
1582 1693 1718 1730 iuven-

282 1771 367 1805 tute
414 1767 637 1804 inconsulte
676 1768 783 1804 dicta
822 1767 1006 1817 factaque
1044 1768 1084 1804 in
1123 1767 1240 1804 unius
1280 1766 1455 1804 Caesonis
1493 1769 1719 1815 suspectum

219 1841 267 1877 12
286 1838 470 1877 incidunt
501 1839 717 1887 ingenium.
765 1838 914 1876 Tamen
939 1839 1019 1888 legi
1043 1838 1316 1876 resistebatur.
1363 1838 1416 1875 Et
1433 1837 1483 1875 A.
1502 1836 1719 1886 Verginius

284 1910 503 1948 identidem
527 1911 654 1960 plebi:
690 1910 874 1961 „Ecquid
897 1911 1053 1948 sentitis
1080 1911 1171 1958 iam,
1197 1924 1280 1959 vos,
1299 1909 1490 1958 Quirites,
1516 1908 1720 1947 Caesonem

217 1983 269 2021 13
288 1982 405 2019 simul
423 1982 547 2019 civem
573 1987 611 2020 et
637 1983 776 2032 legem,
809 1996 926 2033 quam
952 1983 1109 2032 cupitis,
1139 1982 1287 2019 habere
1313 1995 1393 2019 non
1409 1980 1554 2031 posse?
1586 1979 1719 2027 Quan-

286 2067 404 2103 quam
436 2054 533 2104 quid
565 2068 636 2103 ego
669 2055 795 2103 legem
828 2054 998 2104 loquor?
1058 2053 1262 2091 Libertati
1288 2053 1440 2099 obstat3
1473 2065 1605 2090 omnes
1623 2051 1722 2088 Tar·

286 2125 445 2174 quinios
477 2126 666 2175 superbia
698 2131 920 2176 exsuperat.
967 2127 1222 2176 Exspectate,
1255 2125 1348 2162 dum
1373 2123 1510 2162 consul
1540 2126 1610 2161 aut
1641 2123 1722 2160 dic-

285 2201 392 2233 tator
407 2196 488 2243 fiat,
521 2210 636 2246 quem
653 2198 852 2247 privatum
872 2198 1028 2235 viribus
1046 2201 1086 2236 et
1102 2197 1271 2235 audacia
1286 2199 1518 2245 regnantem
1534 2193 1689 2232 videtis.
1699 2196 1716 2214 “

288 2268 622 2306 Assentiebantur
654 2270 782 2315 multi,
820 2270 999 2319 pulsatos
1031 2283 1072 2307 se
1103 2273 1326 2318 querentes,
1365 2272 1404 2305 et
1433 2267 1638 2304 tribunum
1669 2264 1721 2303 ad

287 2353 368 2377 rem
401 2340 671 2389 peragendam
703 2342 810 2378 ultro
842 2341 1074 2379 incitabant.

158 2409 207 2457 12
392 2411 478 2448 Iam
512 2411 651 2449 aderat
684 2412 835 2450 iudicio
868 2414 951 2451 dies
983 2413 1292 2463 apparebatque,
1324 2411 1444 2461 vulgo
1469 2409 1646 2448 homines
1677 2408 1721 2446 in

290 2483 541 2521 damnatione
583 2482 758 2520 Caesonis
800 2484 1027 2521 libertatem
1075 2485 1139 2533 agi
1180 2483 1353 2521 credere.
1422 2481 1522 2519 Tum
1563 2480 1720 2519 demum

290 2559 448 2592 coactus
495 2568 582 2593 cum
623 2555 747 2592 multa
785 2555 1025 2604 indignitate
1065 2555 1280 2605 prensabat
1317 2553 1511 2602 singulos.
1571 2549 1723 2601 Seque-

251 2629 274 2664 2
292 2627 438 2664 bantur
454 2627 678 2673 necessarii,
710 2627 910 2676 principes
935 2626 1126 2665 civitatis.
1160 2626 1206 2663 Τ.
1225 2625 1439 2673 Quinctius
1456 2623 1722 2673 Capitolinus,

291 2698 361 2747 qui
399 2701 461 2735 ter
501 2699 636 2736 consul
675 2698 826 2745 fuerat,
869 2710 989 2748 quum
1021 2697 1146 2735 multa
1183 2697 1351 2734 referret
1381 2708 1451 2733 sua
1479 2695 1722 2744 familiaeque
