1821 2928
534 70 649 106 Liber
674 71 741 106 1v.
792 73 852 115 (A.
879 71 944 106 ch.
968 73 1062 117 423.)
1432 77 1512 115 233

77 200 187 247 lucis,
217 199 371 237 hostem
401 200 542 237 tenuit.
587 198 678 237 Nox
711 198 883 236 incertos
915 198 1092 245 diremit;
1123 203 1336 250 tantusque
1364 200 1413 238 ab
1441 202 1509 238 im-
1529 204 1552 240 6

76 272 292 321 prudentia
323 276 489 310 eventus
512 275 682 321 utraque
712 274 842 308 castra
857 271 988 308 tenuit
1004 284 1142 321 pavor,
1172 275 1226 319 ut,
1256 272 1412 310 relictis
1428 286 1513 311 sau-

75 343 148 382 ciis
174 347 213 381 et
236 356 380 393 magna
404 346 518 393 parte
544 342 930 392 impedimentorum,
958 343 1073 381 ambo
1089 356 1162 394 pro
1178 343 1297 381 victis
1314 345 1514 383 exercitus

76 429 118 454 se
156 416 198 454 in
229 420 383 454 montes
422 415 626 466 proximos
658 415 893 464 reciperent.
953 414 1148 453 Tumulus
1179 419 1312 454 tamen
1343 416 1510 455 circum·
1531 420 1552 456 7

75 501 206 526 sessus
235 487 342 526 ultra
373 488 544 526 mediam
575 492 731 525 noctem
764 490 843 533 est;
875 500 953 536 quo
980 499 1100 536 quum
1129 487 1514 526 circumsedentibus

76 560 304 598 nuntiatum
336 564 448 606 esset,
487 563 617 598 castra
648 560 805 598 deserta
836 572 932 605 esse,
963 559 1090 596 victos
1121 560 1200 597 rati
1231 572 1322 597 suos
1354 563 1392 597 et
1423 561 1512 610 ipsi,

74 645 154 682 qua
190 645 389 682 quemque
427 632 467 670 in
497 632 676 670 tenebris
708 645 831 682 pavor
861 631 965 676 tulit,
1006 631 1207 680 fugerunt.
1268 631 1554 682 Tempanius8

75 708 182 742 metu
213 704 450 742 insidiarum
482 717 573 742 suos
606 703 656 741 ad
683 704 811 742 lucem
834 703 975 742 tenuit.
1021 702 1248 752 Degressus
1265 703 1409 742 deinde
1427 705 1513 754 ipse

75 789 164 814 cum
194 777 331 827 paucis
362 776 621 826 speculatum,
653 789 775 826 quum
806 775 854 813 ab
885 775 1035 813 sauciis
1065 775 1249 813 hostibus
1272 775 1513 814 sciscitando

74 849 343 900 comperisset,
373 852 503 886 castra
536 847 777 886 Volscorum
809 847 967 886 deserta
998 860 1092 893 esse,
1133 847 1248 885 laetus
1280 847 1329 885 ab
1360 848 1513 886 tumulo

72 934 164 959 suos
197 921 363 958 devocat
394 925 432 958 et
462 921 504 958 in
534 923 665 958 castra
681 919 862 958 Romana
892 922 1089 969 penetrat.
1135 918 1218 958 Ubi
1250 932 1372 970 quum
1398 923 1511 958 vasta
1529 923 1551 959 9

75 994 311 1043 desertaque
336 992 470 1031 omnia
495 995 616 1042 atque
640 991 818 1039 eandem,
842 1005 959 1042 quam
984 991 1091 1041 apud
1117 990 1263 1038 hostes,
1292 992 1512 1030 foeditatem

71 1065 300 1111 invenisset,
330 1065 564 1115 priusquam
582 1064 750 1102 Volscos
776 1064 961 1112 cognitus
986 1076 1099 1101 error
1116 1063 1336 1112 reduceret,
1367 1064 1513 1114 quibus

71 1140 242 1188 poterat,
273 1136 418 1175 sauciis
450 1136 578 1174 ductis
611 1149 757 1182 secum,
789 1136 965 1186 ignarus,
997 1148 1117 1186 quam
1148 1136 1353 1185 regionem
1377 1138 1512 1175 consul

72 1209 249 1258 petisset,
283 1208 332 1246 ad
363 1209 503 1246 urbem
535 1208 725 1258 proximis
757 1208 970 1262 itineribus
1001 1208 1146 1258 pergit.

186 1280 272 1319 Iam
312 1293 358 1318 eo
399 1281 504 1319 fama
542 1293 686 1330 pugnae
726 1279 902 1318 adversae
934 1283 1234 1330 castrorumque
1266 1279 1513 1318 desertorum
1586 1278 1647 1327 40

75 1354 232 1403 perlata
262 1356 361 1399 erat,
392 1355 431 1390 et
462 1355 554 1390 ante
586 1352 719 1390 omnia
736 1351 937 1402 deplorati
956 1354 1070 1389 erant
1086 1352 1241 1402 equites
1258 1365 1338 1390 non
1355 1353 1512 1402 privato

72 1426 199 1474 magis
238 1438 356 1474 quam
393 1424 555 1474 publico
597 1424 720 1470 luctu,
767 1423 997 1474 Fabiusque
1038 1423 1188 1470 consul,
1233 1428 1385 1462 terrore
1416 1424 1551 1463 urbi2

71 1510 231 1547 quoque
263 1497 423 1542 iniecto,
466 1497 675 1534 stationem
716 1499 808 1534 ante
838 1500 975 1546 portas
1006 1496 1161 1544 agebat,
1202 1509 1323 1546 quum
1356 1496 1512 1546 equites

71 1554 212 1619 procul
243 1569 319 1606 visi
350 1581 429 1606 non
461 1568 549 1606 siue
579 1572 733 1607 terrore
765 1567 814 1606 ab
846 1567 991 1614 dubiis,
1039 1568 1201 1618 quinam
1233 1572 1374 1614 essent,
1421 1581 1513 1606 mox

72 1640 223 1690 cogniti
251 1643 403 1678 tantam
436 1654 483 1678 ex
514 1644 621 1678 metu
651 1640 835 1678 laetitiam
859 1640 999 1687 fecere,
1029 1643 1073 1678 ut
1101 1640 1250 1678 clamor
1265 1641 1406 1678 urbem
1423 1653 1510 1690 per-

70 1713 233 1751 vaderet
263 1713 565 1762 gratulantium,
595 1713 726 1751 salvos
756 1713 1008 1762 victoresque
1035 1712 1185 1750 redisse
1203 1713 1372 1763 equites,
1403 1716 1442 1750 et
1460 1726 1508 1750 ex
1527 1714 1550 1751 3

70 1785 220 1823 maestis
251 1785 370 1835 paulo
401 1789 492 1823 ante
531 1784 726 1831 domibus,
772 1797 860 1835 quae
892 1785 1242 1823 conclamaverant
1272 1798 1375 1831 suos,
1421 1798 1510 1834 pro-

71 1860 299 1895 curreretur
331 1857 374 1895 in
405 1857 502 1904 vias,
531 1857 771 1907 pavidaeque
802 1860 949 1894 matres
980 1870 1025 1894 ac
1043 1857 1243 1906 coniuges,
1274 1857 1412 1894 oblitae
1427 1869 1510 1907 prae

70 1930 217 1979 gaudio
249 1929 415 1980 decoris,
458 1928 618 1967 obviam
650 1929 802 1978 agmini
833 1932 1099 1974 occurrerent,
1137 1929 1178 1966 in
1219 1941 1310 1967 suos
1341 1941 1510 1978 quaeque

71 2001 390 2051 simul,corpore
423 2004 542 2050 atque
574 2001 717 2047 animo,
747 2001 816 2038 vix
847 2013 928 2051 prae
955 2000 1102 2050 gaudio
1121 2004 1336 2051 compotes,
1367 1999 1510 2038 effusae.

71 2072 264 2111 Tribunis
295 2073 416 2124 plebi,
447 2072 517 2122 qui
535 2072 590 2110 M.
608 2072 815 2110 Postumio
849 2076 888 2110 et
904 2072 949 2110 T.
968 2072 1157 2120 Quinctio
1182 2073 1286 2111 diem
1312 2072 1508 2117 dixerant,
1524 2074 1549 2111 4

71 2145 178 2196 quod
210 2145 260 2184 ad
291 2145 415 2183 Veios
447 2157 582 2183 eorum
624 2158 746 2195 opera
787 2145 889 2182 male
929 2138 1148 2195 pugnatum
1195 2148 1308 2190 esset,
1356 2146 1508 2183 occasio

69 2218 154 2256 visa
192 2204 253 2255 est
292 2230 364 2268 per
393 2230 530 2255 recens
562 2216 695 2254 odium
727 2216 954 2267 Sempronii
986 2217 1163 2255 consulis
1195 2216 1434 2255 renovandae
1467 2217 1507 2253 in

70 2302 135 2328 eos
167 2289 340 2327 invidiae.
394 2288 539 2338 Itaque
570 2288 766 2327 advocata
796 2289 991 2335 contione,
1022 2302 1144 2339 quum
1175 2288 1375 2339 proditam
1394 2287 1506 2325 Veiis
1526 2289 1548 2326 5

69 2374 151 2399 rem
189 2361 390 2412 publicam
432 2374 514 2398 esse
556 2360 606 2398 ab
639 2361 819 2408 ducibus,
863 2361 1066 2412 proditum
1099 2361 1255 2408 deinde,
1301 2360 1394 2410 quia
1427 2359 1508 2396 illis

70 2432 230 2484 impune
260 2433 393 2479 fuerit,
431 2433 472 2470 in
507 2431 667 2471 Volscis
708 2433 757 2470 ab
788 2434 952 2471 consule
985 2433 1215 2480 exercitum,
1254 2431 1425 2470 traditos
1457 2430 1507 2469 ad

70 2505 216 2542 caedem
239 2504 478 2544 fortissimos
505 2505 671 2554 equites,
697 2504 854 2543 deserta
870 2505 974 2543 foede
991 2509 1122 2544 castra
1138 2503 1348 2543 vociferati
1366 2507 1509 2548 essent,

71 2575 114 2614 G,
129 2576 283 2623 Iunius,
314 2589 417 2614 unus
448 2589 496 2614 ex
528 2576 713 2624 tribunis,
744 2576 1007 2627 Tempanium
1032 2577 1207 2627 equitem
1231 2575 1367 2614 vocari
1392 2575 1507 2613 iussit
1524 2577 1547 2614 6

71 2660 280 2699 coramque
312 2648 350 2686 ei
385 2647 500 2695 „Sex.
531 2647 751 2698 Tempani“
787 2649 930 2699 inquit,
972 2661 1132 2698 ‚.quaero
1163 2647 1211 2685 de
1250 2651 1301 2691 te,
1341 2647 1507 2685 arbitre-
