1821 2928
289 129 371 165 ‘270
683 124 797 159 hiber
820 124 867 159 V.
917 125 978 168 (A.
1002 136 1038 159 u.
1065 137 1094 160 c.
1120 125 1328 169 354—356.)

290 252 388 289 adeo
419 256 464 288 ut
493 252 567 288 viae
598 251 754 297 clausae,
787 248 946 289 Tiber'is
980 251 1265 301 innavigabilis
1296 252 1426 290 fuerit.
1473 252 1649 291 Annona
1675 267 1722 291 ex

251 324 275 359 2
294 328 382 361 ante
415 327 605 360 convecta
636 324 750 373 copia
781 323 880 360 nihil
914 325 1093 360 mutavit.
1154 324 1207 360 Et
1237 324 1332 373 quia
1363 324 1410 363 P.
1443 325 1635 371 Licinius,
1679 331 1724 363 ut

291 400 451 445 ceperat
491 395 596 432 haud
638 395 882 432 tumultuose
921 397 1194 443 magistratum
1236 395 1385 433 maiore
1416 397 1562 446 gaudio
1592 397 1725 447 plebis

291 481 409 517 quam
442 467 721 515 indignatione
752 471 922 516 patrum,
960 468 1015 504 ita
1046 468 1165 504 etiam
1197 467 1330 516 gessit,
1377 467 1543 506 dulcedo
1574 469 1726 508 invasit

248 538 482 589 3proximis
516 539 688 576 comitiis
718 539 970 576 tribunorum
1000 539 1173 576 militum
1200 540 1376 589 plebeios
1394 540 1563 577 creandi.
1608 541 1725 579 Unus

291 611 345 648 M.
365 611 558 648 Veturius
583 624 630 648 ex
655 611 836 660 patriciis
864 611 1086 648 candidatis
1105 612 1232 648 locum
1250 613 1398 658 tenuit;
1428 612 1607 662 plebeios
1623 613 1726 651 alios

290 684 475 720 tribunos
496 683 665 719 militum
685 683 884 720 consulari
904 687 1099 732 potestate
1117 697 1249 721 omnes
1267 685 1347 721 fere
1365 685 1555 722 centuriae
1573 685 1725 732 dixere,

290 755 345 793 M.
394 755 674 804 Pomponium,
719 754 789 792 Cn.
822 755 1033 799 Duillium,
1082 755 1322 793 Voleronem
1368 756 1607 804 Publilium,
1652 757 1723 796 Cn.

292 826 526 873 Genucium,
557 827 601 864 L.
635 827 819 864 Atilium.

250 896 276 932 4
406 899 580 936 Tristem
605 899 771 936 hiemem
800 900 882 937 sive
901 913 946 936 ex
965 900 1200 948 intemperie
1219 901 1316 947 oaeli,
1342 901 1489 950 raptim
1505 901 1726 940 mutatione

83 958 194 1026 ssucii'.
213 959 271 1024 {gg
292 972 333 1009 in
367 972 608 1009 contrarium
639 972 755 1018 facta,
788 972 869 1009 sive
901 972 979 1008 alia
1010 984 1089 1021 qua
1106 971 1154 1009 de
1172 985 1290 1009 causa
1305 973 1439 1020 gravis
1454 973 1726 1024 pestilensque

252 1045 474 1082 50mnibus
513 1044 752 1081 animalibus
794 1047 908 1080 aestas
940 1043 1113 1092 excepit3
1162 1044 1272 1080 cuius
1305 1044 1517 1082 insanabili
1548 1046 1726 1095 pernicie

265 1111 451 1166 ‘quando
497 1130 567 1153 nec
606 1130 723 1153 causa
763 1129 836 1152 nec
866 1115 956 1152 finis
989 1115 1278 1162 inveniebatur,
1325 1116 1423 1153 libri
1455 1115 1646 1165 Sibyllini
1676 1131 1724 1154 ex

252 1184 274 1225 6
294 1192 450 1226 senatus
484 1189 664 1225 consulto
696 1188 795 1224 aditi
827 1192 929 1224 sunt.
976 1187 1193 1224 Duumviri
1224 1187 1349 1224 sacris
1374 1187 1583 1234 faciundis,
1615 1188 1725 1226 lecti-

291 1260 442 1297 sternio
487 1264 581 1296 tune
627 1260 798 1309 primum
841 1260 881 1296 in
912 1259 1010 1296 urbe
1041 1259 1222 1296 Romana
1253 1259 1369 1305 facto,
1415 1273 1488 1309 per
1519 1259 1605 1298 dies
1636 1263 1727 1299 octo

291 1330 522 1381 Apollinem
541 1331 828 1381 Latonamque,
847 1332 1020 1369 Dianam
1038 1335 1077 1368 et
1094 1331 1321 1377 Herculem,
1345 1331 1588 1369 Mercurium
1606 1335 1727 1383 atque

290 1403 523 1453 Neptunum
569 1404 710 1450 tribus,
756 1417 873 1453 quam
921 1403 1164 1453 amplissime
1209 1406 1293 1440 tum
1339 1404 1526 1453 apparari
1555 1407 1728 1454 poterat,

253 1477 274 1511 7
294 1475 429 1512 stratis
460 1475 572 1512 lectis
603 1476 820 1525 placavere.
866 1475 1061 1514 Privatim
1079 1489 1237 1525 quoque
1256 1474 1298 1511 id
1315 1488 1469 1512 sacrum
1485 1475 1727 1514 celebratum

293 1551 362 1585 est.
424 1547 526 1585 Tota
571 1548 669 1585 urbe
715 1549 946 1597 patentibus
986 1548 1114 1585 ianuis
1152 1547 1459 1597 promiscuoque
1489 1561 1564 1585 usu
1593 1561 1726 1585 rerum

293 1619 469 1655 omnium
502 1619 542 1656 in
575 1620 786 1669 propatulo
819 1621 961 1668 posito,
992 1623 1106 1657 notos
1130 1620 1367 1669 ignotosque
1391 1620 1538 1669 passim
1555 1620 1728 1658 advenas

294 1691 336 1727 in
366 1691 582 1740 hospitium
616 1691 754 1728 ductos
785 1692 928 1738 ferunt,
970 1695 1010 1728 et
1040 1705 1127 1728 cum
1159 1691 1333 1728 inimicis
1365 1704 1522 1741 quoque
1553 1691 1728 1740 benigne

293 1776 336 1800 ac
378 1763 542 1800 comiter
581 1777 779 1801 sermones
811 1763 985 1810 habit0s;
1024 1763 1167 1811 iurgiis
1199 1776 1243 1800 ac
1274 1763 1414 1800 litibus
1442 1765 1722 1812 temperatum

254 1836 278 1872 8
298 1835 446 1872 vinctis·
482 1849 639 1885 quoque
671 1835 830 1885 dempta
860 1837 900 1872 in
932 1849 996 1873 eos
1029 1835 1113 1872 dies
1144 1835 1323 1881 vincula;
1362 1834 1552 1884 religioni
1582 1834 1727 1872 deinde

294 1907 425 1953 fuisse,
458 1907 602 1957 quibus
635 1922 719 1945 eam
752 1922 865 1958 opem
897 1907 938 1944 di
967 1908 1164 1953 tulissent,
1194 1906 1349 1944 vinciri.

255 1980 278 2015 9
409 1979 577 2016 1nterim
609 1980 658 2017 ad
691 1980 813 2017 Veios
842 1985 971 2018 terror
1004 1979 1211 2029 multiplex
1248 1978 1336 2024 fuit,
1374 1977 1504 2014 tribus
1534 1976 1575 2014 in
1605 1989 1729 2013 unum

295 2051 413 2088 bellis
445 2052 612 2089 collatis.
659 2052 839 2102 Namque
871 2052 1022 2098 eodem,
1052 2064 1130 2101 quo
1162 2054 1288 2097 antea,
1319 2049 1437 2087 modo
1469 2049 1576 2086 circa
1599 2047 1726 2086 muni-

295 2126 436 2169 menta,
468 2137 589 2173 quum
621 2127 781 2174 repente
807 2123 1029 2173 Capenates
1053 2122 1282 2172 Faliscique
1312 2120 1493 2159 subsidio
1515 2120 1730 2166 venissent,

229 2194 278 2231 10
297 2195 486 2232 adversus
527 2199 608 2233 tres
640 2197 836 2234 exercitus
868 2196 1036 2246 ancipiti
1068 2195 1208 2245 proelio
1240 2196 1460 2244 pugnatum
1491 2195 1562 2230 est.
1619 2191 1729 2229 Ante

297 2266 427 2304 omnia
459 2266 612 2305 adiuvit
638 2270 827 2306 memoria
845 2267 1110 2306 damnationis
1128 2266 1261 2315 Sergii
1279 2279 1322 2303 ac
1341 2264 1538 2313 Verginii.
1584 2263 1727 2313 Itaque

297 2350 316 2377 e
347 2338 564 2376 maioribus
596 2341 749 2387 castris,
779 2341 885 2378 unde
917 2345 1032 2377 antea
1063 2343 1255 2376 cessatum
1287 2337 1428 2384 fuerat,
1458 2335 1572 2373 brevi
1598 2334 1727 2384 spatio

297 2410 576 2448 circumductae
608 2411 732 2461 copiae
765 2412 984 2462 Capenates
1015 2412 1056 2448 in
1086 2412 1236 2449 vallum
1259 2409 1483 2447 Romanum
1512 2419 1648 2445 versos
1678 2406 1728 2443 ab

230 2485 276 2521 11
296 2485 408 2531 tergo
440 2482 749 2531 aggrediuntur3
780 2484 872 2521 inde
902 2497 1038 2534 pugna
1065 2486 1195 2533 coepta
1211 2485 1250 2519 et
1264 2480 1434 2519 Faliscis
1450 2479 1589 2516 intulit
1603 2481 1728 2515 terro-

296 2567 390 2600 rem,
422 2554 749 2605 trepidantesque
781 2555 939 2605 eruptio
972 2569 1019 2592 ex
1045 2555 1185 2593 cast-ris
1211 2556 1435 2603 opportune
1450 2551 1556 2588 facta
1571 2548 1730 2586 avertit.

295 2626 496 2676 Repulsos
527 2627 670 2664 deinde
702 2627 870 2664 insecuti
900 2627 1071 2663 victores
1102 2626 1303 2675 ingentem
1328 2623 1540 2660 ediderunt
1561 2620 1727 2666 caedem3

231 2699 280 2737 12
298 2711 369 2735 nec
408 2699 465 2736 ita
495 2699 620 2736 multo
657 2701 747 2749 post
778 2698 854 2735 iam
885 2698 1067 2748 palantes
1097 2697 1126 2746 ἢ·
1156 2696 1283 2736 veluti
1311 2696 1414 2732 forte
1445 2692 1572 2730 oblati
1601 2703 1731 2742 popu-
