1821 2928
507 137 623 173 Liber
647 137 722 174 III.
771 138 829 182 (A.
856 137 919 173 Ch.
944 139 1041 184 451.)
1458 149 1533 187 157

95 268 336 319 infimisque,
366 267 455 305 iura
486 279 684 317 aequasse;
716 265 807 316 plus
838 266 991 316 pollere
1018 268 1232 307 multorum
1250 270 1414 321 ingenia
1441 286 1531 312 con-

94 341 279 392 siliaque.
368 337 591 378 Versarent
636 339 676 376 in
724 338 866 376 animis
913 351 1043 377 secum
1085 353 1405 394 unamquamque
1435 343 1572 394 rem,4

98 414 301 464 agitarent
324 411 469 450 deinde
496 411 749 448 sermonibus
773 414 893 460 atque
920 411 962 448 in
980 412 1167 464 medium,
1200 415 1297 465 quid
1316 416 1356 454 in
1373 430 1533 468 quaque

94 499 137 524 re
167 486 259 537 plus
290 484 469 522 minusve
487 485 603 530 esset,
634 483 873 523 conferrent.
934 483 1013 522 Eas
1032 484 1139 535 leges
1157 486 1387 526 habiturum
1404 503 1527 541 popu·
1547 491 1571 530 5

94 559 176 597 lum
207 557 448 604 Romanum,
493 568 592 606 quas
638 568 854 593 consensus
901 557 1077 594 omnium
1117 571 1194 596 non
1234 559 1394 599 iussisse
1431 562 1532 601 latas

93 630 220 681 magis
238 643 356 680 quam
372 629 517 667 tulisse
533 627 663 666 videri
680 631 827 678 posset.
889 628 1021 676 Quum
1048 629 1098 666 ad
1122 643 1298 669 rumores
1326 633 1529 672 hominum
1547 638 1571 675 6

98 702 146 740 de
177 714 418 752 unoquoque
450 701 582 750 legum
615 701 744 751 capite
776 700 903 738 editos
935 701 1032 739 satis
1064 705 1251 740 correctae
1282 704 1528 757 viderentur,

93 774 328 813 centuriatis
360 773 534 812 comitiis
566 772 701 811 decem
733 773 960 811 tabularum
993 774 1101 822 leges
1131 775 1297 825 perlatae
1328 782 1431 826 sunt,
1463 781 1532 830 qui

91 860 196 885 nunc
229 858 399 897 quoque,
428 846 468 883 in
499 845 573 883 hoc
600 846 790 883 immenso
810 845 978 884 aliarum
1002 859 1123 896 super
1139 848 1238 886 alias
1256 854 1530 890 acervatarum

91 919 225 970 legum
257 918 428 966 cumulo,
459 918 547 956 fons
579 918 704 956 omnis
736 918 891 968 publici
922 918 1152 969 privatique
1185 924 1244 958 est
1274 921 1386 961 iuris.

209 991 414 1042 Vulgatur
453 990 595 1029 deinde
633 1003 780 1038 rumor,
833 990 931 1029 duas
979 991 1115 1030 deesse
1164 993 1336 1042 tabulas,
1382 995 1570 1045 quibus7

91 1064 261 1102 adiectis
292 1064 445 1102 absolvi
477 1076 591 1114 posse
621 1063 733 1101 velut
764 1076 907 1114 corpus
941 1064 1068 1102 omnis
1091 1064 1265 1122 Romani
1300 1066 1410 1105 iuris.
1470 1068 1531 1107 Ea

92 1136 353 1187 exspectatio,
385 1149 508 1187 quum
526 1136 610 1174 dies
627 1135 880 1174 comitiorum
898 1136 1254 1189 appropinquaret,
1287 1138 1530 1178 desiderium

90 1209 334 1248 decemviros
361 1209 505 1247 iterum
531 1207 694 1247 creandi
721 1208 827 1246 fecit.
857 1210 942 1247 Iam
966 1209 1094 1260 plebs,
1127 1213 1395 1260 praeterquam
1412 1212 1520 1261 quod
1536 1213 1561 1250 8

91 1281 299 1320 consulum
345 1295 487 1320 nomen
533 1281 639 1320 haud
685 1294 797 1319 secus
845 1294 964 1331 quam
994 1294 1132 1330 regum
1163 1295 1305 1332 perosa
1336 1287 1435 1331 erat,
1480 1297 1529 1322 ne

86 1353 348 1392 tribunicium
374 1353 534 1404 quidem
559 1354 764 1401 auxilium,
796 1353 1029 1392 cedentibus
1055 1354 1095 1391 in
1118 1354 1247 1392 vicem
1265 1356 1528 1406 appellationi

89 1425 339 1476 decemviris,
373 1427 591 1476 quaerebat.
653 1425 872 1475 Postquam
892 1439 985 1464 vero
1013 1427 1174 1465 comitia
1191 1427 1427 1466 decemviris
1445 1441 1527 1466 cre·
1588 1424 1642 1473 35

88 1498 204 1536 andis
227 1498 267 1535 in
293 1498 446 1536 trinum
473 1498 694 1536 nundinum
719 1498 872 1536 indicta
903 1502 1005 1546 sunt,
1035 1502 1149 1537 tanta
1173 1500 1322 1538 exarsit
1345 1500 1524 1549 ambitio,
1542 1501 1567 1537 2

87 1573 132 1608 ut
161 1570 357 1620 primores
389 1584 547 1621 quoque
579 1571 756 1609 civitatis
789 1569 928 1624 (metu,
960 1571 1091 1622 credo,
1125 1585 1174 1610 ne
1197 1573 1300 1610 tanti
1327 1573 1525 1623 possessio

90 1641 261 1692 imperii.
294 1656 418 1681 vacuo
450 1644 499 1681 ab
531 1656 572 1681 se
604 1643 742 1681 relicto
775 1643 877 1694 loco,
917 1644 1025 1682 haud
1056 1644 1152 1682 satis
1183 1644 1318 1694 dignis
1350 1646 1522 1695 pateret)

86 1718 324 1764 prensarent
354 1715 546 1762 homines,
586 1715 776 1754 honorem
816 1729 968 1754 summa
1008 1730 1082 1767 ope
1122 1730 1145 1755 a
1176 1730 1217 1755 se
1248 1717 1526 1767 impugnatum

86 1787 136 1825 ab
153 1800 200 1826 ea
216 1787 344 1838 plebe,
377 1801 465 1826 cum
488 1801 568 1838 qua
584 1788 884 1836 contenderant,
916 1789 1154 1840 suppliciter
1183 1792 1378 1840 petentes.
1440 1790 1524 1829 De·
1542 1791 1566 1829 3

87 1860 207 1898 missa
245 1860 323 1898 iam
364 1863 404 1899 in
443 1860 658 1899 discrimen
697 1860 875 1911 dignitas
917 1875 962 1900 ea
993 1865 1111 1900 aetate
1141 1863 1271 1912 iisque
1304 1862 1525 1900 honoribus

89 1932 188 1970 actis
219 1933 452 1971 stimulabat
483 1932 594 1983 App.
628 1931 853 1972 Claudium.
927 1934 1126 1982 Nescires,
1156 1938 1291 1972 utrum
1325 1934 1430 1972 inter
1460 1934 1525 1972 de-

88 2005 284 2043 cemviros
325 2018 375 2043 an
414 2005 522 2043 inter
553 2005 788 2044 candidatos
817 2019 1067 2054 numerares3
1114 2007 1281 2057 propior
1314 2006 1556 2045 interdum4

89 2077 262 2127 petendo
288 2091 406 2128 quam
433 2077 608 2128 gerendo
636 2078 890 2127 magistratui
907 2082 1003 2117 erat.
1064 2078 1282 2117 Criminari
1300 2079 1522 2130 optimateS,

88 2150 280 2188 extollere
314 2150 620 2189 candidatorum
652 2150 898 2189 levissimum
936 2164 1132 2202 quemque
1163 2151 1525 2202 humillimumque,

86 2220 174 2272 ipse
189 2222 344 2261 medius
361 2222 466 2260 inter
481 2222 733 2273 tribunicios,
759 2223 937 2262 Duillios
954 2223 1186 2274 Iciliosque,
1216 2224 1259 2261 'in
1277 2224 1362 2263 foro
1379 2224 1519 2263 volita·
1538 2223 1561 2261 5

87 2305 143 2341 re,
173 2307 246 2345 per
263 2294 358 2333 illos
377 2307 417 2333 se
433 2295 544 2345 plebi
560 2294 780 2343 venditare,
810 2295 936 2334 donec
962 2296 1126 2346 collegae
1143 2309 1314 2346 quoque,
1349 2296 1419 2346 qui
1436 2296 1524 2334 uni-

88 2378 134 2404 ce
163 2367 228 2405 illi
260 2366 386 2405 dediti
415 2367 574 2405 fuerant
605 2367 656 2405 ad
687 2367 730 2405 id
754 2371 921 2418 tempus,
956 2367 1162 2407 coniecere
1190 2369 1232 2406 in
1263 2382 1351 2407 eum
1376 2368 1523 2417 oculos,

87 2438 290 2487 mirantes,
320 2438 418 2490 quid
449 2440 526 2478 sibi
557 2440 692 2479 vellet.
726 2439 949 2491 Apparere,
979 2440 1085 2479 nihil
1111 2441 1257 2479 sinceri
1282 2453 1384 2486 esse;
1418 2441 1546 2489 pro-6

87 2509 193 2550 fecto
217 2511 324 2550 haud
348 2512 565 2564 gratuitam
584 2511 624 2549 in
640 2515 754 2550 tanta
770 2513 960 2563 superbia
977 2513 1203 2552 comitatem
1220 2514 1324 2559 fore3
1357 2512 1523 2549 nimium

89 2581 130 2620 in
161 2583 343 2623 ordinem
373 2597 415 2623 se
446 2584 577 2635 ipsum
608 2596 750 2634 cogere
781 2587 819 2623 et
849 2585 1008 2635 vulgari
1032 2598 1121 2623 cum
1145 2584 1315 2635 privatis
1340 2596 1419 2622 non
1441 2586 1525 2621 tam

88 2656 343 2706 properantis
389 2656 503 2695 abire
548 2657 786 2706 magistratu
827 2670 945 2708 quam
985 2658 1088 2696 viam
1128 2656 1177 2694 ad
1210 2653 1525 2694 continuandum

88 2727 367 2777 magistratum
392 2729 610 2780 quaerentis
641 2741 740 2769 esse.
800 2728 1019 2780 Propalam
1043 2728 1203 2766 obviam
1229 2728 1285 2766 ire
1310 2727 1523 2778 cupiditati
1541 2728 1564 2765 7
