1821 2928
607 218 696 244 Liber
713 218 750 243 x.
768 218 816 248 (A.
836 218 888 244 eh.
908 218 980 248 29⁶.)
1369 208 1451 246 225

79 335 260 374 Romano
291 335 422 384 grates
453 337 588 382 agunt,
619 332 726 382 quod
757 346 844 370 eum
874 332 951 370 sibi
990 333 1269 383 imperatorem
1299 334 1508 372 misissent.

81 403 322 443 Circumfusi
351 401 494 440 deinde
526 415 647 452 quum
678 402 878 439 consulem
909 401 1141 450 salutarent,
1171 403 1317 453 quaerit
1347 403 1508 450 Fabius,
1526 403 1548 440 6

80 486 158 524 quo
189 475 416 522 pergerent,
446 469 869 520 respondentibusque,
899 471 1094 519 lignatum
1118 485 1158 509 se
1182 471 1252 518 ire,
1285 470 1508 519 „Ain’tan-

80 541 169 579 dem
179 540 222 578 ?“
254 539 388 589 inquit
413 552 532 586 „num
549 543 679 577 castra
694 539 845 577 vallata
866 552 944 576 non
967 538 1176 578 liabetis‘?“
1210 539 1279 577 Ad
1296 540 1370 577 hoc
1387 553 1509 590 quum
1528 541 1550 577 7

79 609 362 648 succlamatum
394 611 507 655 esset,
539 608 692 658 duplici
724 608 883 658 quidem
898 608 1003 646 vallo
1037 611 1075 645 et
1105 607 1221 656 fossa,
1252 612 1291 646 et
1312 611 1444 645 tamen
1469 608 1510 645 in

77 678 233 729 ingenti
263 680 371 715 metu
402 690 495 724 esse,
529 677 724 724 „Habetis
757 677 906 726 igitur“
940 676 1074 726 inquit
1093 676 1268 723 „affatim
1290 677 1510 726 lignorum3

77 747 206 786 redite
237 748 276 784 et
303 745 440 783 vellite
455 746 640 783 vallum.“
702 745 888 783 Redeunt
918 745 960 783 in
993 748 1132 792 castra,
1160 748 1432 795 terroremque
1448 744 1548 782 ibi8

78 815 269 855 vellentes
298 814 448 852 vallum
481 818 519 852 et
551 814 618 861 iis,
650 815 719 865 qui
751 815 790 852 in
822 814 961 852 castris
992 817 1283 860 remanserant,
1313 813 1510 850 militibus

78 889 118 923 et
148 883 227 934 ipsi
257 882 397 933 Appio
428 883 628 930 fecerunt,
657 886 742 920 tum
772 897 844 933 pro
876 896 915 920 se
947 883 1114 932 quisque
1145 882 1218 920 alii
1250 882 1341 920 aliis
1365 881 1549 928 dicere,9

79 953 252 992 consulis
283 965 323 989 se
355 940 551 999 Q.⁸Fabii
584 952 712 989 facere
744 952 865 990 iussu.
938 951 1106 989 Postero
1144 951 1237 988 inde
1276 950 1340 988 die
1379 953 1510 988 castra

78 1025 186 1060 mota
230 1025 268 1059 et
298 1020 461 1070 Appius
506 1023 654 1070 praetor
684 1020 852 1058 Romam
897 1019 1095 1057 dimissus.
1168 1019 1269 1057 Inde
1314 1032 1508 1069 nusquam
1528 1019 1578 1056 10

79 1090 225 1128 stativa
254 1089 446 1127 Romanis
483 1089 604 1126 fuere.
664 1089 868 1138 Negabat,
905 1089 1002 1127 utile
1034 1102 1117 1126 esse
1146 1101 1224 1126 uno
1256 1088 1344 1126 loco
1376 1087 1511 1125 sedere

79 1159 317 1204 exercitum,
363 1157 578 1194 itineribus
624 1170 668 1194 ac
713 1158 932 1196 mutatione
969 1158 1146 1195 locorum
1186 1157 1435 1194 mobiliorem
1466 1169 1511 1193 ac

77 1228 342 1266 salubriorem
372 1239 473 1272 esse;
510 1225 660 1263 fiebant
690 1230 821 1264 autem
854 1227 1017 1274 itinera,
1059 1229 1208 1276 quanta
1237 1225 1325 1263 fieri
1355 1225 1512 1263 sinebat

49 1296 204 1349 ‘hiems
234 1294 438 1333 hauddum
477 1298 626 1332 exacta.
687 1295 792 1333 Vere
834 1296 925 1333 inde
957 1294 1106 1345 primo,
1152 1293 1292 1332 relicta
1337 1292 1508 1330 secunda
1529 1293 1575 1330 11

77 1364 236 1414 legione
262 1363 314 1402 ad
331 1363 520 1410 Clusium,
551 1365 658 1413 quod
677 1363 839 1402 Camars
864 1364 958 1401 olim
977 1363 1246 1413 appellabant,
1278 1360 1509 1412 praeposito-

78 1446 154 1482 que
188 1432 329 1470 castris
359 1432 406 1469 L.
425 1430 614 1482 Scipione
645 1446 717 1482 pro
748 1436 930 1482 praetore,
960 1432 1130 1470 Romam
1160 1431 1244 1481 ipse
1274 1430 1325 1468 ad
1356 1429 1510 1467 consul-

78 1500 244 1539 tandum
276 1500 324 1538 de
354 1500 461 1538 bello
493 1501 625 1547 rediit,
656 1501 736 1538 sive
768 1501 852 1550 ipse
883 1503 1023 1550 sponte
1054 1514 1135 1546 sua,
1167 1499 1262 1549 quia
1293 1499 1441 1536 bellum
1473 1498 1509 1535 ei
1529 1499 1576 1536 12

80 1569 210 1607 maius
242 1569 283 1606 in
314 1573 529 1618 conspectu
561 1573 656 1616 erat,
688 1584 805 1619 quam
823 1573 1013 1619 quantum
1032 1582 1113 1606 esse
1138 1568 1251 1605 famae
1275 1567 1512 1612 crediderat,

79 1637 163 1675 sive
194 1640 353 1674 senatus
384 1637 564 1675 consulto
596 1639 760 1685 accitus,
793 1652 883 1676 nam
909 1639 949 1675 in
966 1642 1179 1687 utrumque
1203 1639 1384 1674 auctores
1410 1639 1512 1673 sunt.

80 1705 148 1744 Ab
180 1704 289 1755 App.
322 1704 490 1742 Claudio
522 1710 693 1756 praetore
730 1711 946 1744 retractum
986 1706 1148 1756 quidam
1189 1704 1319 1742 videri
1357 1705 1509 1751 volunt,
1530 1705 1578 1742 13

80 1787 203 1823 quum
233 1774 277 1811 in
307 1777 446 1811 senatu
478 1777 517 1811 et
547 1775 654 1825 apud
684 1775 888 1825 populum,
919 1775 962 1812 id
994 1775 1100 1825 quod
1131 1787 1201 1824 per
1232 1773 1389 1811 litteras
1415 1772 1513 1810 assi-

82 1842 159 1880 due
190 1843 349 1889 fecerat,
379 1846 573 1881 terrorem
604 1844 703 1881 belli
720 1844 880 1881 Etrusci
912 1847 1092 1892 augeret:
1139 1856 1218 1880 non
1255 1842 1511 1879 suffecturum

81 1911 219 1948 ducem
249 1924 371 1948 unum
403 1925 474 1948 nec
506 1912 721 1949 exercitum
752 1926 873 1950 unum
897 1912 1086 1949 adversus
1110 1906 1512 1961 quattuor'populos;

79 1978 302 2029 periculum
334 1992 428 2025 esse,
459 1979 541 2016 sive
571 1979 697 2016 iuncti
728 1993 848 2017 unum
879 1983 1061 2029 premant
1092 1979 1173 2017 sive
1197 1978 1345 2016 diversi
1371 1981 1512 2027 gerant
1531 1979 1583 2016 14

80 2047 242 2094 bellum,
272 2061 319 2084 ne
350 2047 401 2084 ad
433 2047 563 2084 omnia
594 2047 711 2085 simul
742 2047 852 2085 obire
883 2061 984 2085 unus
1015 2062 1094 2085 non
1126 2047 1263 2097 possit.
1321 2046 1436 2084 Duas
1468 2059 1508 2084 se
1528 2046 1578 2084 15

81 2116 139 2153 ibi
168 2116 345 2165 legiones
371 2115 571 2153 Romanas
602 2116 822 2166 reliquisse,
853 2120 892 2153 et
922 2117 1051 2154 minus
1083 2116 1256 2166 quinque
1287 2115 1415 2152 millia
1446 2129 1511 2165 pe-

81 2184 209 2222 ditum
241 2184 500 2234 equitumque
532 2198 618 2221 cum
650 2185 777 2222 Fabio
809 2184 972 2222 venisse.
1033 2183 1120 2222 Sibi
1152 2185 1320 2234 placere,
1350 2183 1397 2221 P.
1428 2184 1508 2222 De-

82 2253 187 2290 cium
219 2253 418 2290 consulem
450 2253 578 2302 primo
610 2267 767 2303 quoquc
797 2257 975 2303 tempore
1007 2253 1045 2290 in
1077 2253 1281 2291 Etruriam
1313 2252 1362 2290 ad
1394 2252 1510 2290 colle-

81 2334 172 2370 gam
202 2321 412 2372 proficisci,
457 2321 503 2358 L.
535 2321 752 2359 Volumnio
795 2320 996 2359 Samnium
1038 2322 1285 2372 provinciam
1327 2321 1430 2366 dari3
1476 2321 1509 2358 si
1531 2321 1580 2357 16

82 2390 220 2427 consul
252 2389 366 2427 malit
398 2390 438 2426 in
462 2403 571 2427 suam
598 2389 842 2439 provinciam
862 2390 930 2437 ire,
963 2390 1221 2428 Volumnium
1249 2390 1289 2427 in
1306 2388 1511 2426 Etruriam

83 2458 134 2496 ad
165 2458 365 2496 consulem
399 2471 486 2495 cum
518 2459 694 2495 exercitu
726 2458 828 2495 iusto
860 2459 1057 2496 consulari
1091 2458 1302 2509 proficisci.
1379 2456 1509 2504 Quum
1532 2458 1580 2494 17

82 2539 265 2576 magnam
298 2530 451 2576 partem
483 2530 658 2563 moveret
689 2526 817 2563 oratio
855 2527 1056 2576 praetoris,
1097 2526 1142 2563 P.
1174 2526 1343 2564 Decium
1376 2538 1511 2562 censu-

83 2595 159 2633 isse
190 2595 334 2642 ferunt,
365 2599 407 2631 ut
439 2595 573 2633 onmia
606 2595 759 2643 integra
791 2609 834 2632 ac.
866 2595 992 2633 libera
1025 2595 1069 2642 Q.
1088 2595 1215 2632 Fabio
1247 2597 1511 2639 servarentur,

88 2663 216 2700 donec
247 2664 310 2701 vel
343 2664 438 2713 ipse.
469 2663 501 2700 si
533 2677 603 2713 per
634 2663 878 2700 commodum
904 2664 961 2700 rei
985 2663 1155 2713 publica>
1172 2667 1316 2712 posset,
1346 2662 1513 2699 Romam

151 2741 257 2767 Livius
277 2749 313 2766 ex
333 2749 390 2767 rec.
410 2742 563 2773 Madvigii.
602 2742 640 2766 11.
1244 2741 1282 2772 15
