1821 2928
488 135 604 170 Liber
629 135 674 169 V.
724 135 784 180 (A.
812 133 877 169 Ch.
903 133 1120 177 398—397.)
1443 136 1526 174 273

82 264 176 300 novi
208 263 340 301 hostes
373 264 512 301 exorti.
574 263 678 310 Quia
710 249 846 299 mustis
878 262 995 300 simul
1035 261 1168 307 bellis,
1199 260 1439 298 Volscorum
1471 259 1523 298 ad

83 336 242 382 Anxur,
273 336 341 372 ubi
361 335 594 386 praesidium
623 334 892 380 obsidebatur,
925 334 1150 383 AEquorum
1177 332 1228 370 ad
1244 332 1428 379 Lavicos,
1455 332 1526 382 qui

80 407 305 445 Romanam
338 408 395 445 ibi
428 407 623 445 coloniam
649 406 949 456 oppugnabant,
981 406 1031 443 ad
1058 405 1133 442 hoc
1165 404 1333 459 Veienti
1365 417 1525 454 quoque

82 483 123 516 et
153 479 310 517 Falisco
359 486 396 517 et
430 478 624 528 Capenati
669 478 778 516 bello
827 480 1039 527 occupatos
1085 477 1278 514 videbant
1307 476 1525 523 Romanos,

82 564 155 588 uec
186 552 292 589 intra
325 565 456 588 muros
489 551 691 601 quietiora
732 550 891 599 negotia
931 562 1014 587 esse
1046 548 1334 586 certaminibus
1365 554 1525 598 patrum

82 637 128 661 ac
145 623 291 673 plebis,
323 623 428 660 inter
446 623 530 660 haec
549 623 678 660 locum
697 622 857 659 iniuriae
874 622 954 659 rati
970 634 1066 667 esse,
1084 620 1306 670 praedatum
1325 620 1366 657 in
1384 621 1566 669 agrum-3

82 695 308 734 Romanum
358 694 542 732 cohortes
590 695 797 745 expeditas
839 694 1021 731 mittunt:
1076 696 1146 730 aut
1191 692 1292 729 enim
1341 705 1528 742 passuros

84 768 251 805 inultam
285 780 368 804 eam
401 767 588 804 iniuriam
622 767 837 813 Romanos,
870 780 918 803 ne
950 778 1051 803 novo
1083 765 1188 802 bello
1221 777 1261 801 se
1303 768 1528 811 onerarent,

82 843 152 877 aut
183 840 329 888 exiguo
363 852 487 888 eoque
511 853 652 888 parum
677 839 812 877 valido
838 838 1017 875 exercitu
1034 841 1329 887 persecuturos.
1377 836 1522 873 Roma·
1540 837 1566 873 4

83 912 146 950 nis
178 912 400 961 indignitas
434 912 559 948 maior
591 925 709 961 quam
743 925 836 948 cura
866 909 1143 960 populationis
1175 908 1528 958 Tarquiniensium

82 983 184 1030 fuit;
217 997 263 1021 eo
294 997 367 1020 nec
398 997 540 1033 magno
569 989 712 1021 conatu
737 987 921 1032 suscepta
952 995 1023 1019 nec
1055 981 1095 1018 in
1128 981 1290 1029 longum
1324 981 1451 1018 dilata
1467 994 1529 1018 res

83 1059 155 1093 est.
216 1056 270 1093 A.
302 1055 534 1093 Postumius
567 1060 605 1093 et
636 1056 681 1093 L.
699 1056 830 1093 lulius
859 1068 936 1091 non
969 1054 1074 1091 iusto
1105 1053 1255 1091 dilectu
1286 1054 1449 1102 (etenim
1477 1053 1526 1091 ab
1545 1052 1569 1089 5

84 1128 265 1166 tribunis
282 1127 416 1178 plebis
434 1128 784 1178 impediebantur),
817 1127 886 1164 sed
911 1139 1038 1177 prope
1064 1126 1399 1172 voluntariorum,
1430 1139 1530 1176 quos

84 1200 337 1238 adhortando
369 1200 647 1247 incitaverant,
681 1203 820 1238 coacta
858 1212 990 1244 manu,
1035 1212 1107 1248 per
1153 1211 1294 1246 agrum
1336 1198 1530 1235 Caeretem

83 1272 261 1323 obliquis
285 1272 518 1309 tramitibus
536 1273 700 1321 egressi,
733 1272 945 1310 redeuntes
971 1285 993 1308 a
1010 1271 1342 1321 populationibus
1370 1283 1527 1319 graves-

83 1358 161 1396 que
192 1345 329 1395 praeda
359 1343 675 1394 Tarquinienses
717 1357 962 1394 oppressere.
1032 1343 1185 1380 Multos
1233 1343 1421 1380 mortales
1461 1341 1569 1379 ob-6

81 1421 284 1463 truncant,
317 1429 452 1453 omnes
493 1420 644 1453 exuunt
680 1416 990 1466 impedimentis,
1038 1419 1077 1452 et
1122 1415 1293 1465 receptis
1339 1427 1527 1462 agrorum

85 1503 246 1528 suorum
278 1488 417 1538 spoliis
450 1487 618 1525 Romam
650 1492 919 1526 revertuntur.
961 1488 1136 1526 Biduum
1163 1488 1214 1524 ad
1239 1500 1525 1535 recognoscen·
1545 1488 1566 1523 7

87 1561 160 1600 das
190 1575 253 1598 res
285 1560 420 1597 datum
455 1560 646 1607 dominis3
678 1562 798 1599 tertio
830 1560 1037 1610 incognita
1069 1560 1200 1610 (erant
1225 1563 1358 1596 autem
1383 1574 1428 1596 ea
1445 1559 1529 1609 ple·

84 1647 210 1684 raque
256 1633 428 1670 hostium
474 1632 671 1682 ipsorum)
719 1633 791 1670 sub
823 1632 940 1670 hasta
985 1632 1157 1678 veniere,
1203 1631 1390 1682 quodque
1437 1631 1529 1669 inde

85 1705 304 1751 redactum,
337 1704 537 1742 militibus
569 1710 629 1742 est
659 1704 847 1742 divisum.
911 1755 914 1759 .

201 1776 346 1815 Cetera
392 1777 511 1823 bella,
557 1777 808 1827 maximeque
841 1776 1000 1823 Veiens,
1046 1775 1190 1813 incerti
1235 1776 1365 1812 exitus
1403 1774 1570 1812 erant.8

84 1849 253 1900 lamque
270 1849 456 1896 Romani,
473 1850 684 1900 desperata
701 1863 775 1899 ope
792 1849 976 1895 humana,
1001 1850 1083 1886 fata
1109 1852 1148 1885 et
1173 1847 1267 1885 deos
1285 1847 1528 1897 spectabant,

85 1935 207 1972 quum
240 1922 365 1970 legati
396 1921 446 1959 ab
479 1922 653 1971 Delphis
684 1925 890 1967 venerunt,
936 1925 1082 1958 sortem
1124 1920 1277 1958 oraculi
1319 1918 1528 1956 afferentes

85 1997 371 2043 congruentem
404 2007 590 2043 responso
623 1993 775 2043 captivi
805 1992 925 2030 vatis:
971 1992 1190 2042 „Romane,
1223 2004 1366 2042 aquam
1398 1990 1524 2028 Alba·
1543 1991 1566 2028 9

85 2080 177 2104 nam
209 2079 304 2104 cave
335 2065 425 2102 lacu
471 2066 678 2113 contineri,
725 2079 820 2103 cave
862 2066 903 2102 in
935 2078 1042 2102 mare
1074 2077 1235 2102 manare
1267 2076 1336 2101 suo
1367 2062 1530 2100 flumine

87 2139 218 2185 sinas;
252 2139 434 2175 emissam
465 2151 536 2187 per
567 2151 686 2187 agros
717 2136 883 2185 rigabis,
917 2136 1234 2187 dissipatamque
1258 2136 1358 2174 rivis
1383 2135 1528 2172 exstin-

87 2224 204 2260 gues;
234 2215 319 2248 tum
351 2214 394 2247 tu
426 2210 566 2247 insiste
591 2210 722 2247 audax
747 2209 922 2246 hostium
946 2210 1083 2265 muris,
1115 2222 1275 2256 memor,
1306 2221 1424 2259 quam
1455 2220 1527 2257 per
1547 2206 1599 2243 10

86 2288 148 2321 tot
178 2296 302 2320 annos
335 2281 491 2319 obsides
523 2281 673 2328 urbem,
704 2295 753 2319 ex
781 2296 826 2320 ea
849 2281 928 2319 tibi
956 2282 1029 2329 his,
1060 2294 1148 2332 quae
1165 2295 1270 2319 nunc
1286 2280 1529 2331 panduntur,

87 2355 181 2393 fatis
213 2354 424 2392 victoriam
451 2354 596 2391 datam.
656 2353 772 2392 Bello
802 2355 990 2404 perfecto,
1023 2354 1170 2391 donum
1196 2353 1373 2403 amplum
1399 2352 1527 2389 victor
1548 2351 1596 2388 11

88 2428 139 2465 ad
172 2441 258 2465 mea
289 2427 438 2476 templa
467 2429 639 2476 portato,
672 2439 864 2476 sacraque
891 2427 1037 2476 patria,
1068 2439 1236 2476 quorum
1263 2425 1407 2462 omissa
1431 2435 1528 2460 cura

87 2502 160 2546 est,
190 2499 425 2545 instaurata,
457 2502 501 2535 ut
531 2498 689 2545 assolet,
718 2498 878 2536 facito.“
928 2498 1077 2547 Ingens
1104 2497 1197 2535 inde
1228 2496 1369 2534 haberi
1401 2494 1527 2544 capti·
1607 2490 1657 2540 17

88 2584 162 2609 vus
191 2574 303 2609 vates
335 2575 500 2621 coeptus,
532 2584 704 2621 eumque
730 2571 922 2608 adhibere
945 2570 1100 2608 tribuni
1126 2569 1296 2607 militum
1314 2566 1527 2605 Cornelius

91 2641 404 2693 Postumiusque
436 2643 485 2681 ad
518 2643 696 2693 prodigii
726 2642 881 2681 Albani
912 2642 1232 2693 procurationem
1257 2653 1302 2677 ac
1325 2639 1417 2676 deos
1448 2638 1526 2676 rite

158 2713 264 2739 Livius
283 2721 322 2740 ex
340 2721 399 2740 rec.
419 2714 574 2746 Madvigii.
612 2714 636 2738 1.
1257 2709 1300 2742 18
