1821 2928
716 138 831 173 Liber
857 138 887 172 1.
1463 139 1515 178 45

82 269 220 307 classis
252 267 440 306 centuriae
473 267 661 317 [primum
686 265 864 316 peditum
889 266 1167 316 vocabantur];
1203 265 1257 302 ibi
1275 266 1309 303 si
1326 265 1518 311 variaret,

83 340 192 392 quod
222 353 312 378 raro
344 338 558 384 incidebat,
591 341 634 376 ut
666 337 847 375 secundae
880 338 1017 376 classis
1049 341 1298 386 vocarentur,
1331 350 1403 374 nec
1434 338 1517 374 fere

81 425 256 463 unquam
302 410 407 448 infra
453 410 510 448 ita
541 409 838 449 descenderent.
886 414 928 446 ut
975 409 1025 447 ad
1058 410 1213 447 infimos
1251 410 1517 459 pervenirent.

80 485 166 523 Nec
197 484 335 521 mirari
360 485 530 532 oportet,
563 481 667 519 hunc
695 481 887 527 ordinem,
919 482 987 531 qui
1014 495 1117 519 nunc
1142 485 1200 519 est
1224 484 1314 531 post
1339 481 1519 530 expletas
1540 480 1589 518 12

81 556 259 607 quinque
291 559 328 593 et
359 555 525 603 triginta
555 554 697 599 tribus,
730 553 935 603 duplicato
967 566 1101 591 earum
1133 566 1296 591 numero
1330 552 1519 591 centuriis

85 627 286 665 iuniorum
319 627 609 675 seniorumque,
641 626 690 663 ad
723 626 945 663 institutam
977 625 1026 662 ab
1059 623 1143 662 Ser.
1161 624 1295 662 Tullio
1329 638 1520 662 summam

83 713 161 738 non
208 699 432 738 convenire.
493 697 789 746 Quadrifariam
835 697 939 734 euim
985 697 1083 734 urbe
1125 696 1255 734 divisa
1287 697 1518 746 regionibus
1541 699 1590 736 13

84 771 351 821 collibusque,
399 771 469 820 qui
500 769 800 815 habitabantur,
846 773 981 818 partes
1027 782 1093 806 eas
1124 769 1255 806 tribus
1288 769 1519 818 appellavit.

84 847 130 881 ut
174 855 240 891 ege
279 842 467 892 arbitror,
515 856 537 879 a
574 842 748 887 tributo;
795 855 886 879 nam
919 842 1004 878 eius
1039 854 1196 891 quoque
1230 841 1441 890 aequaliter
1473 854 1520 878 ex

84 928 206 953 censu
245 914 476 952 conferendi
508 914 556 951 ab
589 913 725 951 eodem
756 913 858 951 inita
889 914 992 950 ratio
1024 917 1101 959 est;
1146 926 1274 962 neque
1306 925 1360 949 eae
1391 912 1521 949 tribus

85 987 136 1024 ad
168 987 440 1024 centuriarum
480 985 803 1024 distributionem
835 999 1123 1036 numerumque
1155 985 1369 1034 quicquam
1400 984 1521 1033 perti-

85 1071 218 1096 nuere.

207 1130 336 1168 Censu
367 1130 554 1180 perfecto,
586 1144 703 1181 quem
729 1132 997 1167 maturaverat
1023 1133 1130 1166 metu
1154 1128 1254 1177 legis
1279 1128 1327 1165 de
1347 1128 1521 1166 incensis
1601 1125 1661 1173 44

86 1205 178 1242 latae
210 1216 298 1241 cum
329 1202 580 1240 vinculorum
605 1203 722 1239 minis
748 1202 977 1251 mortisque,
1012 1201 1155 1250 edixit,
1187 1205 1232 1238 ut
1256 1213 1390 1237 omnes
1419 1201 1523 1238 cives

87 1276 269 1323 Romani,
303 1275 459 1325 equites
476 1274 724 1324 peditesque,
750 1274 791 1310 in
809 1274 890 1311 suis
908 1273 1078 1323 quisque
1097 1273 1299 1318 centuriis,
1326 1273 1368 1309 in
1386 1285 1524 1322 campo

87 1348 236 1386 Martio
268 1347 397 1397 prima
421 1346 508 1383 luce
535 1347 733 1385 adessent.
778 1345 845 1383 Ibi
870 1346 1109 1383 instructum
1134 1345 1352 1382 exercitum
1370 1357 1525 1381 omnem
1543 1345 1566 1381 2

88 1418 427 1458 suovetaurilibus
460 1418 656 1467 lustravit,
692 1418 811 1467 idque
843 1417 1045 1454 conditum
1078 1416 1245 1454 lustrum
1270 1416 1527 1466 appellatum,

88 1492 185 1542 quia
216 1491 248 1528 is
280 1478 476 1527 censendo
508 1489 599 1526 finis
631 1490 757 1527 factus
789 1493 859 1527 est.
921 1489 1053 1526 Millia
1085 1488 1290 1537 octoginta
1321 1501 1365 1525 eo
1398 1488 1526 1526 lustro

90 1563 235 1600 civium
268 1574 383 1599 censa
400 1560 602 1606 dicuntum
636 1562 778 1599 adiicit
794 1561 1035 1610 scriptorum
1052 1560 1356 1608 antiquissimus
1373 1559 1527 1598 Fabius

91 1635 242 1680 Pictor,
273 1646 420 1679 eorum,
453 1634 521 1682 qui
553 1646 662 1670 arma
693 1634 796 1670 ferre
827 1635 1001 1682 possent,
1033 1644 1121 1669 eum
1154 1644 1362 1668 numerum
1394 1632 1529 1670 fuisse.

91 1707 161 1744 Ad
206 1719 289 1743 eam
336 1704 634 1742 multitudinem
679 1705 774 1742 urbs
821 1718 978 1754 quoque
1025 1703 1307 1754 amplificanda
1338 1703 1425 1741 visa
1457 1705 1572 1744 est.3

90 1777 222 1816 Addit
252 1777 351 1814 duos
383 1777 516 1826 colles.
549 1777 801 1825 Quirinalem
834 1776 1180 1826 Viminalemque3
1214 1777 1306 1814 inde
1340 1776 1528 1827 deinceps

91 1853 213 1899 auget
241 1848 462 1899 Esquiliis;
496 1849 632 1899 ibique
664 1849 762 1898 ipse,
793 1853 837 1886 ut
867 1849 954 1886 loco
987 1849 1166 1897 dignitas
1197 1848 1321 1895 fieret,
1354 1849 1528 1895 habitat3

91 1934 237 1972 aggere
283 1924 322 1958 et
365 1921 481 1958 fossis
513 1925 551 1958 et
581 1934 693 1958 muro
738 1920 959 1958 circumdat
999 1921 1161 1966 urbem3
1208 1921 1263 1958 ita
1292 1921 1529 1970 pomoerium

91 1995 255 2044 profert.
317 1992 560 2030 Pomoerium
604 1993 716 2031 verbi
747 1993 826 2030 vim
866 1994 990 2030 solam
1022 1993 1224 2030 intuentes
1256 1992 1573 2042 postmoerium4

92 2065 406 2115 interpretantur
451 2078 555 2111 esse;
601 2069 661 2102 est
705 2069 838 2102 autem
883 2066 1010 2114 magis
1056 2065 1358 2114 circamoerium,
1408 2065 1530 2112 locus,

93 2149 209 2187 quem
256 2137 296 2173 in
343 2136 560 2174 condendis
604 2137 770 2175 urbibus
810 2137 1010 2187 quondam
1041 2137 1217 2186 Etrusci,
1264 2150 1343 2186 qua
1375 2149 1530 2174 murum

92 2208 251 2246 ducturi
283 2212 407 2257 erant,
455 2209 575 2246 certis
609 2209 718 2251 eirea.
743 2209 925 2247 terminis
957 2209 1197 2258 inaugurato
1229 2209 1530 2258 consecrabant,

92 2283 137 2318 ut
183 2293 310 2330 neque
357 2280 548 2317 interiore
593 2286 706 2330 parte
752 2281 923 2319 aedificia
954 2281 1148 2319 moenibus
1180 2281 1526 2325 continuarentur,

94 2365 182 2402 quae
213 2365 317 2389 nunc
348 2352 468 2401 vulgo
495 2352 614 2389 etiam
640 2354 901 2403 coniungunt,
933 2355 971 2391 et
996 2352 1243 2390 extrinsecus
1268 2352 1360 2402 puri
1377 2351 1531 2402 aliquid

93 2424 144 2462 ab
176 2423 347 2462 humano
379 2424 488 2462 cultu
535 2427 693 2473 pateret
723 2426 813 2463 soli.
874 2424 964 2463 Hoc
1009 2425 1195 2475 spatium,
1243 2423 1350 2474 quod
1396 2421 1569 2473 neque5

94 2495 270 2533 habitari
316 2508 442 2546 neque
475 2495 581 2533 arari
612 2496 671 2534 fas
703 2501 800 2547 erat,
847 2510 927 2535 non
957 2497 1084 2545 magis
1116 2495 1223 2546 quod
1255 2498 1346 2546 post
1377 2507 1532 2532 murum

94 2571 209 2614 esset,
256 2580 373 2617 quam
405 2567 510 2618 quod
542 2580 678 2606 murus
708 2572 798 2618 post
830 2568 882 2616 id,
928 2569 1162 2618 pomoerium
1193 2567 1366 2605 Romani
1397 2565 1532 2615 appel-

94 2638 247 2686 laruut3
280 2642 320 2676 et
350 2639 390 2677 in
422 2639 534 2677 urbis
566 2639 810 2678 incremento
843 2653 1009 2690 semper,
1043 2642 1234 2690 quantum
1266 2638 1411 2675 moenia
1441 2650 1532 2687 pro-

95 2721 256 2748 cessura
286 2714 410 2758 erant,
442 2714 597 2749 tantum
627 2711 791 2749 termini
823 2711 864 2748 hi
898 2710 1121 2749 consecrati
1152 2709 1474 2759 proferebantur.
