1821 2928
633 202 724 228 Liber
741 202 779 228 x.
817 201 865 231 (A.
885 201 938 228 cn.
958 202 1030 232 296.)
1424 192 1504 228 221

125 321 243 360 facile
275 319 603 365 inveniebantur,
644 318 738 368 quia
776 318 817 355 in
858 317 1072 355 stationem
1113 330 1153 354 se
1186 330 1312 367 prope
1343 320 1579 367 perpetuam

123 390 279 428 infestae
310 387 498 438 regionis,
527 400 608 424 non
639 387 680 424 in
713 399 830 436 agros
861 385 970 422 mitti
1000 386 1205 423 rebantur.

240 457 407 497 Avertit
430 457 480 494 ab
503 456 559 494 eis
576 456 682 493 curis
705 458 885 494 senatum
910 454 1087 492 Etruriae
1113 455 1392 503 ingravescens
1417 454 1567 493 bellum
1591 453 1639 491 11

126 530 166 566 et
207 527 356 565 crebrae
397 526 544 563 litterae
582 524 713 575 Appii
753 523 971 571 monentis,
1017 537 1066 560 ne
1106 523 1282 571 regionis
1315 525 1398 562 eius
1430 528 1580 562 motum

125 597 398 646 negligerent:
427 598 618 645 quattuor
641 597 777 643 gentes
795 592 974 631 conferre
993 605 1114 639 arma,
1141 591 1345 640 Etruscos,
1363 591 1576 640 Samnites,
1597 591 1648 628 12

128 665 327 712 Umbros,
375 662 536 710 Gallos3
583 663 661 701 iam
694 665 824 700 castra
854 661 1041 698 bifariam
1072 661 1178 698 facta
1210 675 1311 708 esse,
1351 662 1448 711 quia
1477 676 1581 699 unus

126 733 238 772 locus
280 746 423 783 capere
461 735 614 770 tantam
653 730 954 768 multitudinem
992 743 1072 767 non
1110 729 1251 779 possit.
1319 728 1380 767 Ob
1417 730 1502 767 haec
1541 734 1581 768 et
1600 727 1650 765 13

128 804 238 852 (nam
265 802 484 852 appetebat
507 802 683 851 tempus)
713 799 964 837 comitiorum
983 811 1100 835 causa
1117 797 1163 835 L.
1182 797 1426 836 Volumnius
1443 799 1583 836 consul

129 871 300 909 Romam
346 873 577 916 revocatus;
623 869 692 918 qui
736 868 969 918 priusquam
1016 866 1067 904 ad
1108 866 1343 915 suffragium
1381 868 1580 905 centurias

128 943 302 987 vocaret,
335 939 377 976 in
408 939 633 976 contionem
665 937 861 975 advocato
887 936 1048 986 populo,
1081 935 1208 972 mult-a
1232 935 1279 973 de
1303 936 1582 984 magnitudine

130 1009 231 1047 belli
248 1008 415 1046 Etrusci
442 1006 652 1044 disseruit:
684 1005 764 1043 iam
779 1008 876 1052 tum,
901 1018 1022 1055 quum
1039 1005 1125 1054 ipse
1144 1004 1203 1041 ibi
1221 1017 1308 1041 cum
1326 1004 1481 1054 collega
1496 1019 1580 1042 rem
1600 1001 1653 1039 14

130 1077 284 1128 pariter
315 1076 497 1126 gesserit,
538 1075 660 1112 fuisse
690 1077 847 1112 tantum
878 1074 1050 1121 bellum,
1089 1076 1135 1110 ut
1165 1086 1236 1110 nec
1269 1072 1369 1111 duce
1398 1087 1478 1111 uno
1510 1087 1583 1111 nec

131 1146 310 1184 exercitu
340 1145 426 1194 geri
449 1144 646 1195 potuerit;
678 1143 891 1181 accessisse
915 1146 1055 1193 postea
1080 1141 1161 1178 dici
1184 1141 1360 1179 Umbros
1384 1145 1425 1179 et
1445 1142 1583 1191 ingen-

131 1218 213 1253 tem
245 1214 462 1252 exercitum
496 1211 718 1251 Gallorum.
778 1211 989 1250 Adversus
1028 1214 1219 1261 quattuor
1258 1210 1430 1260 populos
1462 1210 1582 1248 duces
1603 1206 1653 1245 15

134 1283 317 1321 consules
347 1283 421 1320 illo
455 1283 520 1320 die
545 1281 671 1330 deligi
695 1280 981 1318 meminissent.
1028 1278 1091 1326 Se,
1122 1279 1203 1316 nisi
1235 1278 1464 1326 confideret,
1497 1292 1585 1317 eum

134 1365 328 1391 consensu
359 1351 504 1402 populi
533 1349 708 1388 Romani
746 1349 948 1386 consulem
989 1347 1238 1385 declaratum
1269 1347 1338 1395 iri,
1377 1347 1446 1398 qui
1476 1347 1585 1385 haud

134 1420 255 1458 dubie
270 1423 357 1458 tum
374 1421 528 1470 primus
545 1419 723 1456 omnium
741 1417 882 1455 ductor
899 1417 1108 1464 habeatur,
1127 1417 1363 1454 dictatorem
1379 1416 1502 1454 fuisse
1518 1430 1583 1454 ex-

133 1489 284 1540 templo
317 1488 529 1526 dicturum.
575 1487 738 1526 Nemini
762 1486 928 1524 dubium
951 1489 1050 1533 erat,
1082 1485 1182 1535 quin
1205 1481 1252 1534 Q.
1276 1485 1430 1523 Fabius
1453 1484 1585 1535 [quin-
1660 1489 1719 1537 22

134 1557 236 1608 tum]
263 1558 442 1596 omnium
469 1570 663 1594 consensu
688 1555 978 1601 destinaretur;
1003 1567 1171 1604 eumque
1197 1558 1236 1592 et
1258 1554 1529 1605 praerogativa
1546 1556 1586 1591 et

134 1626 266 1676 primo
292 1628 444 1664 vocatae
471 1638 606 1663 omnes
631 1624 823 1663 oenturiae
858 1623 1061 1661 consulem
1094 1637 1183 1661 cum
1209 1622 1256 1661 L.
1281 1622 1500 1661 Volumnio
1525 1621 1585 1659 di-

137 1694 292 1732 cebant.
336 1694 458 1732 Fabii
482 1694 611 1732 oratio
634 1694 724 1741 fuit,
756 1693 890 1743 qualis
915 1692 1081 1730 biennio
1106 1695 1218 1739 ante;
1250 1691 1409 1739 deinde,
1431 1694 1478 1728 ut
1498 1691 1583 1729 vin·
1602 1689 1625 1726 2

136 1763 302 1801 cebatur
348 1775 563 1810 consensu,
608 1776 723 1800 versa
753 1765 954 1812 postremo
1001 1761 1051 1798 ad
1089 1761 1286 1810 collegam
1325 1760 1372 1798 P.
1413 1760 1586 1798 Decium

135 1830 402 1881 poscendum:
449 1831 492 1868 id
537 1831 733 1869 senectuti
778 1843 859 1868 suae
905 1830 1196 1868 adminiculum
1242 1830 1338 1867 fore.
1406 1828 1584 1866 Censura
1603 1827 1627 1863 3

137 1899 374 1949 duobusque
391 1900 666 1938 consulatibus
689 1899 807 1937 simul
831 1899 954 1947 gestis
972 1902 1179 1949 expertum
1196 1911 1248 1945 se,
1275 1897 1378 1935 nihil
1396 1896 1586 1935 concordi

139 1968 311 2017 collegio
337 1967 489 2006 firmius
513 1968 564 2005 ad
589 1981 673 2006 rem
699 1967 904 2018 publicam
926 1967 1118 2004 tuendam
1142 1980 1236 2004 esse.
1290 1965 1404 2004 Novo
1429 1965 1587 2015 imperii

87 2079 90 2082 ,
138 2037 247 2076 socio
270 2037 337 2075 vix
365 2036 444 2074 iam
468 2049 692 2074 assuescere
719 2035 885 2074 senilem
911 2035 1087 2072 animum
1118 2048 1254 2085 posse3
1285 2047 1374 2072 cum
1404 2034 1586 2072 moribus

138 2106 243 2144 notis
273 2105 436 2143 facilius
477 2118 518 2142 se
559 2104 942 2142 communicaturum
982 2103 1159 2141 consilia.
1220 2102 1470 2154 Subscripsit
1499 2100 1629 2142 ora-4

137 2174 242 2212 tioni
274 2174 358 2211 eius
391 2173 528 2211 consul
556 2186 677 2223 quum
708 2172 864 2209 meritis
894 2171 941 2209 P.
973 2172 1093 2211 Decii
1125 2172 1332 2219 laudibus,
1363 2175 1466 2219 tum,
1499 2184 1586 2222 quae

139 2256 188 2280 ex
230 2242 446 2280 concordia
486 2242 693 2279 consulum
733 2241 840 2278 bona
881 2254 1049 2291 quaeque
1091 2255 1138 2279 ex
1178 2240 1382 2279 discordia
1412 2240 1516 2278 mala
1548 2241 1588 2278 in

139 2310 489 2349 administratione
510 2324 640 2347 rerum
660 2309 897 2347 militarium
921 2309 1137 2356 evenirent,
1155 2309 1423 2357 memorando,
1448 2322 1584 2359 quam·
1604 2307 1627 2345 5

141 2391 220 2430 qm>
244 2393 368 2429 prope
386 2379 572 2416 ultimum
590 2379 805 2415 discrimen
822 2378 903 2415 suis
921 2381 960 2415 et
977 2378 1139 2428 collegae
1157 2377 1443 2415 certaminibus
1460 2391 1587 2427 nuper

139 2451 301 2485 ventum
341 2448 466 2493 foret,
513 2447 782 2484 admonendo:
815 2446 989 2483 Decium
1032 2447 1284 2496 Fabiumque
1325 2460 1403 2483 uno
1443 2445 1630 2492 animo,6

141 2530 220 2554 una
251 2520 382 2553 mente
413 2516 569 2561 vivere;
616 2529 698 2552 esse
730 2519 923 2564 praeterea
963 2516 1069 2553 viros
1100 2518 1216 2552 natos
1248 2515 1426 2561 militia»,
1473 2515 1589 2552 factis

142 2597 326 2634 magnos,
369 2584 420 2621 ad
459 2585 669 2621 verborum
709 2584 936 2632 linguaeque
975 2584 1196 2621 certamina
1233 2583 1365 2620 rudes.
1434 2582 1493 2620 Ea
1533 2583 1588 2619 in-

143 2653 262 2702 genia
293 2653 518 2691 consularia
549 2666 653 2698 esse;
693 2651 861 2689 callidos
901 2652 1183 2702 sollertesque,
1226 2652 1323 2688 iuris
1354 2655 1476 2701 atque
1508 2651 1585 2689 elo·
1607 2652 1628 2687 7
