1821 2928
183 482 233 529 16

181 1992 228 2039 17

309 145 388 183 140
762 138 876 173 Liber
900 137 975 173 111.
1015 140 1076 182 (A.
1101 151 1135 172 u.
1162 150 1190 174 ο.
1218 139 1312 182 294.)

306 273 348 307 ut
396 269 552 306 exsules
600 267 746 304 iniuria
791 267 928 317 pulsos
965 268 1006 305 in
1044 267 1215 317 patriam
1258 266 1468 304 reduceret
1498 270 1537 305 et
1566 268 1742 306 servitiis

306 355 426 390 grave
459 341 594 389 iugum
628 340 821 386 demeret3
854 338 894 376 id
925 339 1043 376 malle
1074 339 1223 388 populo
1245 339 1425 377 Romano
1449 343 1612 378 auctore
1635 339 1739 387 fieri;

308 414 341 451 si
375 413 431 450 ibi
464 426 552 463 spes
585 425 662 449 non
694 412 758 457 sit,
799 425 839 449 se
873 411 1041 449 Volscos
1074 414 1113 448 et
1143 410 1299 461 AEquos
1331 415 1371 448 et
1401 412 1535 450 omnia
1565 416 1744 451 extrema

307 489 551 523 tentaturum
599 489 636 522 et
683 484 982 522 concitaturum.
1044 483 1238 521 Dilucere
1282 496 1346 520 res
1393 484 1520 533 magis
1559 484 1743 534 patribus

307 562 427 607 atque
459 556 702 595 consulibus.
750 556 903 593 Praeter
935 569 981 593 ea
1010 559 1156 604 tamen,
1190 568 1277 605 quae
1309 555 1660 606 denuntiabantur,
1693 570 1742 595 ne

267 629 289 665 2
310 629 540 667 Veientium
566 642 641 666 neu
659 628 898 666 Sabinorum
920 627 961 664 id
979 627 1189 665 consilium
1208 631 1321 676 esset,
1353 628 1507 675 timere,
1538 631 1590 678 et,
1623 641 1743 679 quum

306 705 458 738 tantum
492 701 531 738 in
564 702 661 738 urbe
692 700 866 738 hostium
899 704 1014 746 esset,
1046 713 1135 737 mox
1159 698 1317 737 Sabinae
1334 699 1593 751 Etruscaeque
1618 701 1743 750 legio·

306 787 374 811 nes
407 787 455 811 ex
487 773 705 823 composito
724 772 916 818 adessent,
947 776 1029 808 tum
1056 773 1195 809 aeterni
1212 772 1356 818 hostes,
1388 771 1529 810 Volsci
1547 776 1587 810 et
1602 772 1742 823 AEqui,

308 859 384 882 non
417 845 466 882 ad
498 845 763 895 populandos,
796 848 839 882 ut
873 847 976 889 ante,
1008 843 1118 889 fines,
1151 844 1221 881 sed
1252 844 1302 882 ad
1333 844 1473 881 urbem
1497 847 1544 882 ut
1567 857 1615 882 ex
1630 849 1744 895 parte

267 917 289 953 3
309 921 464 968 captam
481 917 676 955 venirent.
724 916 848 954 Multi
868 920 906 953 et
921 917 1024 954 varii
1040 916 1224 962 timores,
1252 916 1356 954 inter
1373 919 1524 954 ceteros
1542 917 1744 955 eminebat

306 995 436 1028 terror
453 989 623 1039 servilis.
658 1002 705 1026 ne
732 1002 825 1026 suus
843 989 984 1038 cuique
1004 987 1111 1025 domi
1128 987 1253 1025 hostis
1271 991 1384 1034 esset,
1417 989 1481 1026 cui
1497 1002 1567 1026 nec
1586 989 1744 1027 credere

306 1075 377 1100 nec
409 1075 489 1099 non
521 1061 732 1109 credendo,
764 1074 812 1097 ne
839 1060 1025 1098 infestior
1041 1060 1166 1106 fieret,
1198 1059 1316 1097 fidem
1335 1060 1527 1111 abrogare
1544 1061 1641 1098 satis
1659 1064 1746 1098 erat

265 1133 454 1179 4tutum3
493 1134 639 1183 vixque
680 1132 894 1171 concordia
929 1132 1018 1169 sisti
1048 1132 1261 1169 videbatur
1290 1145 1416 1182 posse.
1477 1132 1647 1170 Tantum
1680 1146 1743 1170 su-

306 1206 541 1256 perantibus
573 1205 662 1242 aliis
694 1218 738 1241 ac
769 1204 1041 1253 mergentibus
1074 1204 1200 1253 malis.
1233 1217 1348 1242 nemo
1373 1204 1557 1243 tribunos
1575 1208 1644 1243 aut
1658 1205 1743 1256 ple-

307 1279 395 1316 bem
428 1277 612 1323 timebat3
652 1280 902 1314 mansuetum
943 1276 985 1313 id
1016 1276 1162 1313 malum
1195 1280 1233 1313 et
1264 1290 1334 1326 per
1367 1276 1535 1314 aliorum
1568 1276 1744 1326 quietem

307 1351 501 1388 malorum
534 1362 688 1399 semper
719 1349 900 1386 exoriens
931 1352 1017 1386 tum
1048 1349 1214 1398 quiesse,
1254 1348 1468 1398 peregrino
1499 1351 1651 1386 terrore
1681 1361 1743 1386 so-

267 1420 289 1457 5
308 1422 446 1472 pitum,
477 1421 700 1459 videbatur.
747 1421 806 1459 At
837 1421 876 1457 id
907 1434 1031 1470 prope
1061 1434 1182 1457 unum
1209 1420 1382 1458 maxime
1404 1419 1610 1475 inclinatis
1627 1419 1745 1458 rebus

309 1494 501 1531 incubuit.
549 1493 701 1531 Tantus
727 1487 838 1530 'enim
868 1493 1051 1531 tribunos
1082 1493 1192 1530 furor
1222 1493 1366 1542 tenuit,
1398 1496 1441 1530 ut
1471 1505 1550 1530 non
1580 1492 1743 1542 bellum,

309 1565 378 1603 sed
408 1579 549 1603 vanam
583 1565 796 1614 imaginem
829 1564 928 1602 belli
961 1565 1010 1602 ad
1041 1564 1276 1602 avertendos
1307 1565 1357 1602 ab
1388 1564 1488 1613 legis
1505 1577 1599 1601 cura
1613 1563 1744 1614 plebis

310 1638 460 1674 animos
493 1636 738 1686 Capitolium
784 1636 978 1674 insedisse
1019 1637 1324 1682 contenderent3
1369 1636 1630 1685 patriciorum
1674 1635 1744 1673 ho-

309 1710 431 1759 spites
462 1708 706 1758 clientesque
738 1708 785 1757 si,
818 1709 973 1757 perlata
1005 1708 1104 1757 lege,
1136 1708 1286 1745 frustra
1307 1707 1570 1745 tumultuatos
1595 1720 1678 1745 esse
1701 1720 1743 1744 se

269 1781 292 1817 6
311 1781 499 1829 sentiant,
532 1781 692 1827 maiore,
723 1793 839 1829 quam
864 1780 1057 1826 venerint,
1089 1779 1251 1817 silentio
1277 1779 1467 1817 abituros.
1514 1777 1742 1817 Concilium

310 1853 401 1890 inde
432 1853 511 1902 legi
542 1852 788 1902 perferendae
820 1852 975 1898 habere,
1018 1855 1182 1890 avocato
1221 1851 1371 1901 populo
1403 1850 1452 1889 ab
1484 1851 1614 1888 armis.
1674 1850 1743 1888 Se-

308 1928 445 1963 natum
484 1924 644 1962 interim
686 1924 864 1961 consules
905 1924 1065 1972 habent,
1105 1923 1184 1961 alio
1225 1936 1266 1960 se
1306 1923 1456 1961 maiore
1487 1923 1537 1961 ab
1567 1923 1743 1960 tribunis

308 2000 416 2034 metu
443 1996 687 2042 ostendente,
713 2009 830 2045 quam
857 2009 973 2046 quem
1000 1998 1218 2033 nocturnus
1234 1994 1360 2032 hostis
1379 1994 1582 2034 intulerat.
1629 1994 1742 2032 Post·

311 2082 430 2119 quam
456 2083 565 2106 arma
589 2069 686 2119 poni
710 2071 750 2105 et
774 2067 978 2106 discedere
1001 2067 1180 2105 homines
1198 2067 1247 2105 ab
1265 2066 1502 2105 stationibus
1518 2066 1742 2104 nuntiatum

310 2144 381 2185 est,
411 2140 456 2177 P.
490 2140 694 2190 Valerius,
728 2140 884 2188 collega
915 2144 1093 2177 senatum
1124 2139 1333 2188 retinente,
1366 2152 1406 2176 se
1438 2152 1486 2176 ex
1518 2138 1630 2176 curia
1651 2150 1743 2188 pro-

269 2210 292 2246 2
311 2213 423 2262 ripit,
455 2211 548 2249 inde
580 2212 619 2248 in
651 2212 839 2261 templum
873 2211 921 2249 ad
951 2212 1133 2249 tribunos
1149 2210 1270 2250 venit.
1322 2210 1456 2261 „Quid
1484 2210 1557 2247 hoc
1580 2209 1639 2248 rei
1655 2209 1739 2246 est“

313 2284 455 2333 inquit,
491 2283 698 2333 „tribuniP
738 2283 868 2333 Appii
885 2283 1086 2321 Herdonii
1111 2282 1233 2320 ductu
1258 2285 1297 2318 et
1319 2281 1496 2331 auspicio
1512 2293 1595 2318 rem
1611 2280 1743 2331 publi-

313 2368 397 2393 cam
430 2355 607 2393 eversuri
639 2354 762 2392 estis?
821 2355 921 2393 Tam
951 2355 1048 2392 felix
1077 2354 1192 2392 vobis
1224 2353 1523 2403 corrumpendis
1554 2352 1644 2400 fuit,
1674 2352 1744 2402 qui

312 2427 476 2465 servitia
512 2438 590 2463 non
629 2427 841 2463 commovit
881 2426 1052 2464 auctor?
1122 2425 1253 2473 Quum
1292 2424 1425 2462 hostes
1465 2437 1586 2475 supra
1623 2427 1744 2473 caput

271 2499 412 2547 3sint,
459 2497 612 2534 discedi
658 2496 708 2534 ab
755 2498 874 2534 armis
919 2499 1106 2547 legesque
1151 2497 1248 2534 ferri
1292 2495 1480 2546 placet?“
1542 2495 1644 2533 Inde
1691 2494 1742 2532 ad

311 2570 606 2607 multitudinem
637 2569 816 2606 oratione
833 2582 963 2606 versa:
999 2567 1068 2619 „Si
1083 2581 1154 2605 vos
1180 2568 1304 2614 urbis,
1337 2567 1532 2615 Quirites,
1563 2566 1598 2604 si
1617 2566 1742 2604 vestri

311 2641 422 2678 nulla
461 2654 554 2678 cura
590 2640 733 2690 tangit,
773 2643 814 2677 at
851 2653 920 2677 vos
950 2639 1143 2676 veremini
1174 2638 1266 2676 deos
1296 2641 1450 2675 vestros
1481 2637 1530 2674 ab
1561 2636 1743 2675 hostibus

310 2716 458 2762 captos.
519 2712 704 2763 Iuppiter
741 2711 912 2762 optimus
953 2711 1148 2748 maximus
1188 2709 1370 2758 Iunoque
1408 2709 1547 2758 regina
1584 2713 1623 2747 et
1662 2708 1742 2746 Mi-
