1821 2928
758 114 874 150 Liber
898 117 926 148 Ῑ.
1508 117 1562 155 25

129 244 308 292 tangens.
355 241 478 279 Pater
508 244 690 292 patratus
722 241 771 279 ad
802 243 862 278 ius
895 241 1107 280 iurandum
1140 241 1390 291 patrandum,
1422 241 1462 278 id
1491 246 1562 288 est,

126 313 380 351 sanciendum
411 313 457 351 fit
486 313 633 360 foedus;
674 313 891 363 multisque
924 314 965 351 id
993 313 1138 362 verbis7
1173 326 1261 363 quae
1292 314 1412 362 longo
1445 313 1560 351 effata

126 385 299 422 carmine
330 399 409 424 non
442 398 571 436 operae
604 389 662 423 est
692 385 851 431 referre,
882 385 1050 434 peragit.
1115 384 1293 434 Legibus
1325 384 1470 422 deinde
1501 398 1559 422 re·
1580 382 1602 417 7

125 455 269 503 citatis,
303 456 466 506 „Audi“
501 457 646 508 inquit,
681 456 911 507 „Iuppiter3
953 456 1059 504 audi,
1092 459 1206 505 pater
1237 459 1392 506 patrate
1423 457 1561 506 populi

123 526 296 575 Albani3
329 529 422 567 audi
452 532 508 579 tu,
540 529 712 579 populus
731 529 927 567 Albanus.
975 527 1032 566 Ut
1063 527 1134 565 illa
1166 528 1297 577 palam
1329 529 1461 578 prima
1491 541 1560 578 po·

124 602 270 638 strema
287 614 334 638 ex
351 601 431 638 illis
458 600 608 638 tabulis
634 613 772 638 cerave
797 601 964 638 recitata
989 603 1081 636 sunt
1108 599 1192 636 sine
1218 598 1310 637 dolo
1337 600 1455 649 malo,
1482 600 1558 637 uti-

124 683 199 720 que
220 684 265 709 ea
290 671 356 710 hic
379 672 497 711 hodie
522 673 742 711 rectissime
773 672 976 710 intellecta
1003 675 1106 720 sunt,
1140 671 1224 708 illis
1250 671 1406 719 legibus
1430 684 1557 720 popu-

121 743 182 780 lus
198 743 404 782 Romanus
434 745 546 795 prior
576 758 655 782 non
683 743 852 783 deficiet.
901 742 944 781 Si
967 743 1078 793 prior
1103 743 1255 780 defexit
1279 742 1444 792 publico
1470 756 1560 780 con·
1579 742 1604 778 8

122 814 212 853 silio
239 815 331 854 dolo
358 817 477 863 malo,
504 820 587 854 tum
613 817 682 854 illo
710 816 786 862 die,
818 816 1016 865 Iuppiter,
1050 815 1245 864 populum
1262 814 1486 851 Romanum
1504 814 1560 850 sic

121 886 254 936 ferito,
288 891 332 925 ut
364 901 436 937 ego
468 888 570 926 hunc
601 901 765 939 porcum
790 888 855 925 hic
879 887 997 925 hodie
1021 887 1182 933 feriam3
1215 890 1407 935 tantoque
1434 886 1558 934 magis

120 959 252 1009 serito,
287 963 435 1009 quanto
468 960 593 1009 magis
625 963 738 1010 potes
770 959 1016 1009 pollesque.“
1065 958 1114 995 Id
1146 958 1215 996 ubi
1245 958 1362 1006 dixit,
1394 971 1558 1007 porcum
1578 957 1600 992 9

121 1043 217 1068 saxo
264 1031 376 1068 silice
422 1033 630 1082 percuesit.
692 1030 773 1069 Sua
821 1031 916 1068 item
965 1031 1142 1067 carmina
1173 1030 1327 1067 Albani
1367 1042 1560 1078 suumque

121 1101 184 1139 ius
232 1102 441 1140 iurandum
489 1117 560 1153 per
598 1116 711 1140 suum
744 1103 981 1141 dictatorem
1013 1115 1183 1152 suosque
1215 1102 1442 1140 sacerdotes
1474 1113 1560 1150 per-

121 1177 298 1223 egerunt.

235 1245 402 1284 Foedere
434 1246 524 1294 icto,
569 1246 786 1296 trigemini,
819 1246 923 1283 sicut
953 1249 1206 1295 convenerat,
1241 1259 1351 1282 arma
1382 1244 1557 1294 capiunt.

121 1317 253 1366 Quum
295 1319 356 1356 sui
386 1322 577 1368 utrosque
609 1318 932 1367 adhortarentur,
983 1318 1076 1355 deos
1108 1318 1273 1367 patrios,
1305 1317 1478 1367 patriam
1512 1329 1557 1353 ac

120 1393 319 1439 parentes,
352 1389 546 1440 quicquid
578 1391 723 1427 civium
757 1390 876 1438 domi,
910 1390 1106 1439 quicquid
1139 1391 1179 1426 in
1213 1389 1388 1426 exercitu
1415 1389 1477 1435 sit,
1510 1388 1556 1425 il-

121 1460 249 1498 lorum
295 1465 392 1499 tunc
423 1475 544 1508 arma,
592 1462 752 1499 illorum
784 1462 934 1499 intueri
968 1475 1119 1508 manus,
1164 1461 1315 1499 feroces
1348 1465 1387 1498 et
1417 1464 1557 1509 suopte

126 1532 288 1580 ingenio
321 1536 361 1570 et
390 1534 501 1583 pleni
533 1533 831 1571 adhortantium
862 1533 1027 1570 vocibus
1059 1534 1099 1570 in
1126 1533 1298 1570 medium
1331 1533 1435 1569 inter
1459 1532 1557 1569 duas

121 1603 225 1641 acies
255 1605 488 1654 procedunt.
551 1605 825 1643 Consederant
868 1605 1059 1655 utrinque
1098 1618 1171 1654 pro
1204 1605 1346 1642 castris
1379 1604 1456 1641 duo
1489 1601 1597 1641 (ὓς-2

122 1675 281 1725 eroitus,
315 1677 486 1726 periculi
510 1677 638 1726 magis
662 1677 871 1727 praesentis
896 1690 1013 1727 quam
1043 1689 1148 1713 curae
1172 1680 1374 1726 expertes3
1408 1676 1558 1726 quippe

121 1747 332 1797 imperium
381 1749 574 1798 agebatur
621 1749 661 1786 in
701 1752 782 1787 tam
813 1762 1031 1799 paucorum
1063 1749 1212 1787 virtute
1246 1753 1365 1798 atque
1398 1748 1558 1785 fortuna

119 1818 305 1868 positum.
364 1819 508 1870 Itaque
554 1834 649 1870 ergo
682 1821 803 1858 erecti
836 1821 1097 1870 suspensique
1128 1822 1167 1858 in
1200 1821 1366 1858 minime
1398 1823 1556 1869 gratum

121 1891 391 1939 spectaculum
438 1892 568 1929 animo
602 1892 877 1930 intenduntur.
938 1892 1072 1929 Datur
1103 1892 1272 1941 signum,
1321 1890 1596 1941 infestisque3

121 1962 240 1999 armis
270 1963 382 1999 velut
413 1963 517 2000 acies
548 1964 652 2001 terni
685 1964 849 2002 iuvenes
880 1977 1114 2013 magnorum
1133 1964 1379 2001 exercituum
1401 1963 1555 2000 animos

120 2037 302 2081 gerentes
335 2039 588 2073 concurrunt.
635 2035 718 2073 Nec
749 2035 811 2072 his
835 2048 908 2072 nec
925 2035 1006 2072 illis
1024 2036 1246 2085 periculum
1265 2049 1391 2084 suum,
1423 2035 1555 2085 publi-

120 2117 207 2142 cum
254 2105 465 2155 imperium
512 2107 797 2156 servitiumque
837 2107 1071 2144 obversatur
1102 2107 1234 2145 animo
1265 2107 1480 2157 futuraque
1513 2119 1557 2144 ea

120 2175 266 2214 deinde
296 2177 437 2227 patriae
471 2178 644 2224 fortuna,
677 2191 794 2228 quam
827 2178 901 2228 ipsi
934 2178 1134 2218 fecissent.
1182 2177 1241 2216 Ut
1271 2179 1399 2228 primo
1417 2178 1550 2215 statim
1572 2172 1597 2208 4

120 2260 315 2285 concursu
346 2249 578 2298 increpuere
610 2263 718 2287 arma
749 2250 1022 2300 micantesque
1037 2243 1200 2287 ‘fulsere
1233 2250 1372 2300 gladii,
1412 2249 1555 2288 horror

119 2319 264 2369 ingens
297 2324 521 2369 spectantes
548 2322 798 2371 perstringit,
831 2326 869 2359 et
891 2325 1032 2359 neutro
1059 2322 1251 2359 inclinata
1275 2335 1344 2371 spe
1368 2321 1557 2371 torpebat

117 2403 194 2428 vox
226 2391 486 2441 spiritusque.
549 2391 754 2431 Consertis
794 2393 938 2431 deinde
969 2394 1163 2440 inanibus,
1210 2406 1331 2443 quum
1364 2393 1441 2430 iam
1473 2405 1550 2429 non
1572 2388 1595 2425 5

118 2466 248 2500 motus
279 2466 434 2500 tantum
461 2476 671 2513 corporum
695 2465 944 2514 agitatioque
971 2478 1115 2515 anceps
1138 2465 1308 2502 telorum
1336 2477 1554 2502 armorum-

118 2547 204 2584 que,
250 2534 319 2572 sed
364 2534 531 2572 vulnera
563 2548 722 2585 quoque
753 2540 792 2573 et
823 2537 986 2585 sanguis
1018 2537 1247 2586 spectaculo
1282 2539 1425 2580 essent,
1473 2535 1551 2572 duo

116 2604 288 2643 Romani
319 2618 439 2655 super
470 2605 590 2644 alium
623 2607 738 2653 alius,
777 2608 998 2645 vulneratis
1028 2608 1158 2645 tribus
1189 2607 1375 2652 Albanis,
1420 2606 1550 2655 exspi-

116 2680 250 2714 rantes
266 2681 514 2717 corruerunt.
546 2677 616 2715 Ad
633 2691 799 2728 quorum
813 2692 946 2717 casum
965 2692 1086 2728 quum
1105 2679 1391 2716 conclamasset
1405 2677 1552 2726 gaudio
1571 2678 1594 2714 6

1641 1246 1696 1294 25
