1821 2928
218 121 271 158 ΞΟ
848 116 964 152 Liber
987 121 1014 151 Ι.

175 244 197 279 9
217 244 357 282 dextra
389 244 429 281 in
461 248 577 293 caput
610 243 749 281 Numae
783 243 979 293 imposita,
1010 248 1192 294 precatus
1226 246 1282 283 ita
1313 248 1390 286 est:
1435 244 1645 295 „Iuppiter

216 318 342 364 pater,
390 316 422 352 si
455 318 513 352 est
545 315 615 360 fas,
649 315 752 352 hunc:
783 314 954 354 Numam
986 316 1247 366 Pompilium,
1281 316 1390 354 cuius
1423 329 1494 364 ego
1526 318 1645 366 caput

216 391 345 425 teneo.
378 399 512 435 regem
536 386 674 424 Romae
707 400 801 432 esse,
835 387 893 424 uti
923 390 967 424 tu
992 387 1105 436 signa
1132 387 1247 425 nobis
1275 391 1383 425 certa
1411 387 1643 425 acclarassis

153 458 201 494 10
221 459 325 495 inter
356 471 420 495 eos
447 457 557 506 fines,
590 471 688 508 quos
712 458 823 496 feci.⁴²
873 458 974 495 Tum
1001 459 1155 508 peregit
1180 459 1310 496 verbis
1335 459 1524 508 auspicia,
1556 471 1644 508 quae

218 529 320 566 mitti
352 529 486 567 vellet.
544 529 698 576 Quibus
731 529 871 575 missis,
903 529 1125 567 declaratus
1157 542 1225 567 rex
1255 529 1386 568 Numa
1417 529 1466 567 de
1496 529 1644 580 templo

216 600 434 638 descendit.

76 668 127 717 19
332 672 550 720 Quiregno
575 673 631 709 ita
648 673 800 721 potitus
817 672 956 709 urbem
973 685 1125 723 novam,
1156 671 1354 709 conditam
1370 673 1411 710 vi
1444 675 1483 710 et
1513 672 1645 719 armis,

218 745 300 781 iure
347 756 431 780 eam
477 744 713 793 legibusque
759 756 803 781 ac
845 743 1021 781 moribus
1053 743 1100 780 de
1132 743 1287 792 integro
1319 743 1488 781 condere
1518 747 1645 793 parat.

175 819 197 855 2
218 815 375 862 Quibus
407 828 527 864 quum
559 815 662 852 inter
690 814 796 852 bella
822 828 1045 852 assuescere
1071 814 1223 852 videret
1246 828 1323 852 non
1348 828 1462 864 posse
1481 815 1645 864 (quippe

215 886 371 924 efferari
389 886 535 923 militia
552 884 735 937 animos),
755 886 1023 935 mitigandum
1040 886 1211 923 ferocem
1228 886 1419 935 populum
1445 898 1644 923 armorum

217 958 478 996 desuetudine
504 961 623 1003 ratus,
651 958 791 994 Ianum
818 958 867 994 ad
894 958 1071 995 infimum
1089 957 1318 1005 Argiletum
1341 957 1511 995 indicem
1536 957 1645 1007 pacis

216 1030 391 1079 bellique
421 1029 526 1074 fecit,
557 1033 718 1078 apertus
750 1033 794 1066 ut
825 1030 864 1065 in
897 1029 1015 1066 armis
1048 1042 1131 1065 esse
1159 1029 1370 1075 civitatem,
1403 1029 1561 1067 clausus
1576 1041 1644 1078 pa-

177 1102 200 1137 3
220 1104 326 1139 catos
358 1102 463 1138 circa
495 1114 626 1138 omnes
659 1100 825 1150 populos
844 1100 1098 1149 significaret.
1148 1100 1217 1136 Bis
1241 1100 1384 1137 deinde
1400 1103 1490 1150 post
1506 1099 1645 1139 Numae

217 1181 378 1222 regnum
413 1172 568 1209 clausus
601 1172 689 1219 fuit,
722 1172 841 1208 semel
874 1171 917 1208 T.
951 1172 1104 1209 Manlio
1137 1172 1297 1208 consule
1330 1175 1418 1221 post
1449 1170 1646 1208 Punicum

216 1245 387 1295 primum
418 1244 637 1293 perfeetum
670 1243 830 1291 bellum,
864 1244 1018 1289 iterum,
1050 1243 1156 1292 quod
1188 1246 1334 1280 nostrae
1359 1242 1467 1279 aetati
1499 1241 1541 1278 di
1578 1241 1643 1278 de-

218 1317 362 1354 derunt
394 1319 437 1352 ut
467 1313 703 1353 videremus.
753 1317 841 1363 post
873 1314 1022 1351 bellum
1055 1314 1280 1361 Actiacum,
1325 1314 1375 1351 ab
1406 1314 1647 1363 imperatore

178 1389 201 1424 4
221 1389 375 1426 Caesare
393 1387 578 1435 Augusto
610 1398 707 1434 pace
739 1389 846 1423 terra
878 1386 1056 1435 marique
1088 1388 1213 1434 parta.
1260 1384 1406 1422 Clauso
1438 1398 1495 1431 eo,
1527 1397 1648 1434 quum

217 1461 390 1498 omnium
437 1459 541 1494 circa
586 1457 847 1494 finitimorum
894 1457 1082 1494 societate
1128 1470 1172 1494 ac
1211 1456 1424 1494 foederibus
1454 1455 1649 1492 iunxisset

217 1533 380 1577 animos,
412 1529 550 1579 positis
583 1532 833 1566 externorum
866 1529 1135 1577 periculorum
1167 1528 1285 1577 curis,
1319 1541 1368 1565 ne
1399 1526 1650 1564 luxuriarent

218 1604 300 1642 otio
333 1601 467 1647 animi,
500 1614 597 1650 quos
630 1603 755 1636 metus
788 1599 961 1636 hostium
994 1599 1286 1648 disciplinaque
1313 1597 1499 1635 militaris
1524 1597 1648 1634 conti·

220 1678 370 1720 fluerat,
411 1672 585 1710 omnium
618 1671 801 1721 primum,
832 1684 913 1707 rem
946 1670 996 1707 ad
1028 1670 1322 1707 multitudinem
1353 1669 1579 1719 imperitam
1611 1672 1650 1706 et

220 1746 299 1783 illis
330 1744 485 1782 saeculis
509 1743 647 1780 rudem
675 1741 1002 1786 efficacissimam,
1030 1741 1191 1778 deorum
1215 1746 1361 1779 metum
1389 1740 1649 1777 inficiendum

178 1817 201 1853 5
220 1822 328 1855 ratus
361 1820 430 1854 est.
479 1815 557 1862 Qui
588 1827 708 1863 quum
741 1812 982 1850 descendere
1015 1813 1064 1850 ad
1088 1813 1241 1849 animos
1274 1813 1359 1850 sine
1384 1811 1520 1860 aliquo
1545 1824 1648 1848 com·

220 1894 349 1927 mento
383 1886 566 1925 miraculi
598 1898 676 1922 non
708 1887 853 1934 posset,
886 1884 1044 1921 simulat
1071 1884 1150 1921 sibi
1174 1897 1262 1921 cum
1287 1883 1360 1921 dea
1385 1882 1533 1932 Egeria
1559 1895 1650 1919 con-

220 1973 378 2010 gressus
402 1962 616 1996 nocturnos
646 1969 748 2001 esse3
781 1956 865 1993 eius
893 1969 932 1992 se
960 1956 1123 2003 monitu,
1158 1967 1244 2003 quae
1278 1953 1554 2003 acceptissima
1585 1953 1647 1990 dis

220 2036 360 2077 essent,
405 2043 514 2068 sacra
548 2028 767 2073 instituere,
799 2026 1024 2064 sacerdotes
1056 2039 1145 2063 suos
1178 2027 1321 2075 cuique
1354 2025 1518 2062 deorum
1549 2036 1649 2074 prae-

178 2107 200 2142 6
220 2104 345 2141 ficere.
405 2103 542 2149 Atque
573 2100 747 2136 omnium
779 2098 951 2147 primum
983 2097 1031 2134 ad
1063 2111 1200 2135 cursus
1232 2098 1337 2134 lunae
1370 2097 1410 2133 in
1443 2095 1651 2133 duodecim

221 2187 372 2212 menses
404 2171 589 2209 discribit
630 2183 792 2215 annum;
839 2182 965 2218 quem,
1012 2169 1105 2217 quia
1150 2169 1322 2206 tricenos
1367 2167 1453 2205 dies
1484 2165 1651 2214 singulis

221 2245 419 2283 mensibus
451 2244 546 2280 luna
576 2255 653 2279 non
686 2241 820 2290 explet
851 2240 1071 2289 desuntque
1098 2237 1119 2259 ’³‘
1147 2239 1230 2276 dies
1263 2239 1395 2276 solido
1427 2250 1542 2284 anno,
1581 2236 1651 2286 qui

223 2315 432 2355 solstitiali
442 2313 725 2361 circumagitur
738 2312 846 2359 orbe,
858 2310 1125 2348 intercalariis
1136 2310 1338 2347 mensibus
1351 2307 1653 2358 interponendis

224 2391 278 2427 ita
324 2385 582 2436 dispensavit,
627 2387 670 2420 ut
715 2382 902 2420 vicesimo
949 2395 1052 2419 anno
1094 2382 1144 2419 ad
1176 2384 1319 2418 metam
1351 2379 1516 2418 eandem
1546 2378 1654 2425 solis,

222 2459 327 2498 unde
371 2457 452 2496 orsi
499 2457 639 2500 essent,
685 2454 813 2503 plenis
845 2454 1019 2490 omnium
1052 2466 1245 2490 annorum
1276 2452 1417 2502 spatiis
1449 2451 1532 2487 dies
1564 2462 1654 2487 con-

182 2537 202 2570 7
223 2534 419 2581 gruerent.
470 2527 582 2565 Idem
615 2526 785 2562 nefastos
818 2524 901 2561 dies
933 2525 1136 2573 fastosque
1169 2524 1275 2571 fecit,
1308 2523 1404 2572 quia
1435 2520 1652 2570 aliquando

85 2607 141 2654 20
229 2603 328 2641 nihil
359 2615 447 2639 cum
477 2598 626 2649 populo
659 2596 725 2644 agi
755 2595 854 2632 utile
886 2595 1063 2631 futurum
1094 2598 1192 2633 erat.
1248 2593 1349 2630 Tum
1381 2591 1654 2630 sacerdotibus

224 2673 408 2712 creandis
433 2671 606 2708 animum
631 2667 789 2712 adiecit,
822 2678 1049 2715 quanquam
1077 2665 1161 2714 ipse
1178 2664 1353 2714 plurima
1370 2676 1483 2700 sacra
1498 2662 1651 2711 obibat,
