1821 2928
5 878 29 926 r-

7 988 29 1019 ‚tc

9 1136 31 1178 ÷e

10 1201 25 1222 [λ

10 1230 21 1242 .

12 1284 35 1357 :⁴¹5³-
12 1267 14 1269 v

22 2493 39 2558 *qr-
22 2468 28 2478 -
26 2448 36 2459 J

25 2791 30 2800 J
33 2765 43 2778 ..
29 2724 46 2751 ι
23 2576 48 2710 *⁴⁸:³3‘

633 224 724 250 Liber
741 224 778 250 x,
815 224 864 254 (A.
885 225 936 251 ch.
956 225 1116 255 296—295.)
1449 215 1532 252 223

146 342 273 380 trium
312 354 539 379 mensarum
581 343 772 390 argentea
807 354 903 378 vasa
945 340 986 377 in
1024 340 1126 377 cella
1162 339 1272 378 Iovis
1311 341 1528 390 Iovemque
1560 340 1603 378 in

148 411 324 449 culmine
355 423 444 448 cum
476 409 696 459 quadrigis,
727 412 766 447 et
797 409 847 447 ad
873 409 990 446 ficum
1015 410 1272 447 Ruminalem
1297 410 1511 447 simulacra
1542 409 1601 447 in-

147 479 322 517 fantium
354 478 610 516 conditorum
641 479 753 516 urbis
785 479 856 517 sub
881 479 1072 516 uberibus
1098 479 1202 528 lupae
1226 482 1456 529 posuerunt,
1487 479 1601 516 semi-

144 551 307 599 tamque
353 561 449 586 saxo
495 547 693 597 quadrato
741 561 764 584 a
802 547 965 598 Capena
1009 550 1127 597 porta
1172 546 1224 584 ad
1260 547 1406 585 Martis
1451 549 1601 585 strave-

146 621 253 656 runt.
312 617 367 655 Et
407 617 456 654 ab
496 616 682 654 aedilibus
719 615 891 666 plebeiis
929 615 976 653 L.
1014 615 1124 653 AElio
1164 615 1278 653 Paeto
1311 620 1350 654 et
1381 616 1423 654 C.
1454 617 1598 654 Fulvio
1620 616 1669 653 13

147 686 281 725 Curvo
324 700 371 724 ex
409 685 636 723 multaticia
674 684 771 722 item
810 685 1000 736 pecunia,
1045 698 1165 735 quam
1203 688 1421 734 exegerunt
1457 698 1600 735 pecua-

144 755 218 796 riis
252 755 462 802 damnatis,
493 754 580 791 ludi
611 754 708 791 facti
740 758 970 804 pateraeque
1010 766 1141 791 aureae
1172 753 1223 790 ad
1255 753 1414 791 Cereris
1445 754 1599 804 positae.

261 825 308 873 Q.
341 824 436 862 inde
466 823 624 862 Fabius
656 823 844 873 quintum
875 826 915 860 et
944 822 991 860 P.
1015 822 1169 860 Decius
1201 825 1388 872 quartum
1419 823 1601 860 consula·
1675 819 1735 866 24

145 897 232 932 tum
262 893 414 941 ineunt,
443 893 578 930 tribus
615 892 890 930 consulatibus
916 905 1162 942 censuraque
1186 891 1350 940 collegae
1373 905 1446 929 nec
1472 891 1603 940 gloria
1621 892 1810 954 2:125h0·{{g·

144 962 274 1012 magis
304 975 449 1010 rerum,
483 975 572 1012 quae
603 962 744 1010 ingens
775 963 872 1008 erat,
904 974 1024 1011 quam
1057 960 1271 998 concordia
1293 960 1400 998 inter
1423 974 1462 998 se
1487 960 1598 997 clari.
1616 964 1639 1000 2
1724 947 1730 954 ’
1803 946 1810 953 .

145 1031 246 1080 Quae
277 1045 327 1069 ne
357 1034 553 1081 perpetua
584 1034 707 1078 esset,
747 1029 933 1067 ordinum
974 1029 1101 1078 magis
1133 1043 1253 1078 quam
1284 1028 1464 1079 ipsorum
1496 1029 1601 1066 inter

143 1114 185 1139 se
217 1103 418 1138 certamen
449 1099 713 1137 intervenisse
737 1113 839 1147 reor,
869 1098 1054 1149 patriciis
1075 1098 1348 1145 tendentibus,
1377 1100 1424 1135 ut
1446 1097 1599 1136 Fabius
1619 1102 1642 1139 3

141 1169 353 1207 Etruriam
384 1172 498 1206 extra
529 1168 709 1206 ordinem
739 1167 991 1218 provinciam
1020 1167 1197 1215 haberet,
1228 1166 1403 1218 plebeiis
1427 1167 1599 1205 auctori-

141 1238 216 1276 bus
246 1237 390 1285 Decio,
420 1239 466 1274 ut
496 1236 548 1274 ad
578 1239 725 1274 sortem
755 1239 974 1275 revocaret.
1043 1236 1141 1274 Fuit
1182 1238 1288 1274 certe
1319 1235 1524 1274 contentio
1555 1236 1596 1274 in
1614 1239 1640 1276 4

82 1330 86 1334 ·
141 1309 294 1353 senatu,
326 1308 366 1344 et
394 1308 608 1356 postquam
639 1305 697 1343 ibi
728 1305 880 1344 Fabius
910 1305 1001 1355 plus
1032 1307 1203 1355 poterat,
1234 1307 1423 1342 revocata
1452 1319 1516 1342 res
1548 1305 1599 1342 ad

140 1375 336 1426 populum
367 1378 438 1412 est.
497 1374 547 1412 In
581 1375 783 1421 contione,
823 1377 869 1411 ut
910 1373 1016 1411 inter
1047 1374 1242 1411 militares
1272 1374 1382 1412 viros
1414 1377 1454 1411 et
1482 1374 1600 1412 factis

142 1443 280 1494 potius
312 1457 432 1493 quam
464 1443 584 1481 dictis
608 1443 743 1491 fretos,
774 1456 903 1494 pauca
932 1442 1057 1480 verba
1087 1443 1237 1480 habita.
1283 1442 1448 1491 Fabius,
1481 1456 1599 1492 quam
1619 1445 1641 1483 5

144 1511 328 1550 arborem
362 1512 623 1559 consevisset,
662 1512 734 1549 sub
774 1525 819 1550 ea
861 1512 993 1560 legere
1026 1511 1148 1548 alium
1179 1511 1354 1548 fructum
1385 1511 1599 1560 indignum

144 1594 227 1619 esse
259 1581 413 1627 dicere;
454 1595 494 1618 se
534 1581 737 1631 aperuisse
777 1580 995 1618 Ciminiam
1037 1580 1178 1617 silvam
1209 1579 1398 1629 viamque
1429 1593 1501 1630 per
1533 1580 1600 1618 de-

142 1650 228 1688 vios
259 1651 384 1688 saltus
415 1649 600 1688 Romano
633 1649 740 1687 bello
773 1650 924 1687 fecisse.
986 1648 1094 1696 Quid
1133 1661 1173 1685 se
1204 1647 1249 1685 id
1281 1648 1412 1685 aetatis
1444 1648 1596 1686 sollici·
1616 1652 1638 1688 6

142 1722 306 1766 tassent,
338 1718 371 1756 si
403 1718 483 1757 alio
517 1718 617 1756 duce
648 1719 801 1768 gesturi
832 1718 983 1755 bellum
1016 1716 1177 1755 essent?
1222 1716 1426 1755 Nimirum
1459 1716 1598 1754 adver-

141 1787 291 1825 sarium
322 1801 374 1834 se,
415 1800 495 1824 non
526 1788 679 1825 socium
710 1787 873 1838 imperii
904 1787 1069 1836 legisse,
1101 1786 1247 1824 sensim
1279 1785 1515 1835 exprobrat,
1559 1788 1598 1822 et

108 1870 113 1876 ·
141 1856 337 1894 invidisse
376 1856 550 1894 Decium
589 1856 853 1894 concordibus
896 1856 1079 1905 collegiis
1109 1855 1250 1892 tribus.
1311 1854 1523 1891 Postremo
1556 1868 1596 1891 se
1618 1858 1640 1893 7

141 1924 306 1962 tendere
353 1925 460 1961 nihil
505 1925 614 1961 ultra
660 1938 779 1974 quam
825 1928 887 1971 ut,
935 1925 969 1962 si
1016 1924 1182 1973 dignum
1227 1923 1438 1973 provincia
1480 1922 1596 1960 duce-

142 1996 254 2042 rent,
300 1993 342 2030 in
383 2007 473 2031 eam
511 1993 735 2039 mitterent;
780 1993 822 2030 in
861 1996 1021 2030 senatus
1053 1991 1227 2030 arbitrio
1259 2005 1300 2029 se
1330 1991 1453 2029 fuisse
1485 1994 1524 2028 et
1555 1991 1597 2028 in

141 2065 341 2113 potestate
378 2061 521 2112 populi
562 2061 751 2099 futurum.
818 2061 866 2099 P.
904 2061 1056 2099 Decius
1088 2063 1247 2098 senatus
1279 2060 1471 2098 iniuriam
1504 2073 1596 2110 que·
1616 2063 1640 2100 8

142 2131 324 2169 rebatur:
357 2131 490 2180 quoad
521 2130 749 2180 potuerint,
789 2133 923 2180 patres
955 2130 1135 2177 annisos,
1181 2143 1230 2167 ne
1261 2128 1432 2179 plebeiis
1464 2128 1598 2166 aditus

143 2199 194 2237 ad
224 2213 390 2249 magnos
420 2199 592 2237 honores
625 2202 744 2245 esset;
776 2202 989 2248 postquam
1020 2198 1108 2247 ipsa
1130 2198 1259 2235 virtus
1286 2198 1514 2247 pervicerit,
1545 2211 1594 2235 ne
1613 2201 1636 2237 9

142 2268 183 2306 in
200 2269 284 2306 ullo
302 2281 447 2318 genere
475 2268 679 2305 hominum
698 2267 939 2304 inhonorata
956 2269 1068 2314 esset,
1095 2266 1234 2317 quaeri,
1259 2266 1597 2317 quemadmodum

143 2336 261 2374 irrita
292 2337 373 2374 sint
402 2350 483 2374 non
515 2335 705 2385 suffragia
736 2334 853 2373 modo
885 2335 1038 2385 populi,
1070 2335 1139 2373 sed
1171 2335 1342 2374 arbitria
1373 2335 1493 2373 etiam
1517 2335 1595 2373 for-

141 2408 251 2442 tunae
283 2409 322 2443 et
351 2405 393 2442 in
431 2417 650 2454 paucorum
687 2407 928 2454 potestatem
969 2408 1189 2442 vertantur.
1251 2403 1398 2441 Omnes
1429 2407 1522 2442 ante
1553 2417 1593 2442 se
1618 2407 1666 2444 10

144 2473 326 2511 consules
363 2473 529 2511 sortitos
567 2473 794 2523 provincias
833 2485 936 2519 esse;
980 2486 1086 2511 nunc
1129 2476 1243 2511 extra
1284 2475 1431 2510 sortem
1463 2472 1595 2510 Fabio

143 2546 325 2580 senatum
365 2542 614 2592 provinciam
657 2542 763 2579 dare.
834 2539 878 2578 Si
918 2541 1083 2579 honoris
1115 2541 1199 2579 eius
1232 2554 1371 2588 causa,
1417 2540 1474 2578 ita
1506 2553 1594 2577 eum
1615 2542 1661 2579 11

144 2611 193 2649 de
234 2625 274 2649 se
318 2611 446 2661 deque
488 2624 530 2648 re
569 2610 736 2661 publiea
776 2610 961 2647 meritum
1000 2623 1101 2657 esse,
1146 2613 1192 2647 ut
1230 2609 1363 2647 faveat
1395 2609 1442 2657 Q.
1474 2609 1594 2647 Fabii

143 2679 306 2729 gloriae,
363 2693 450 2730 quae
503 2679 620 2716 modo
674 2693 753 2717 non
807 2692 877 2716 sua
933 2678 1175 2716 contumelia
1221 2677 1441 2727 splendeat.
1517 2676 1593 2715 Cui
1615 2679 1663 2715 12
