1821 2928
301 117 384 154 292
698 114 814 150 Liber
838 114 885 149 V.
934 115 994 158 (A.
1021 126 1055 150 u.
1082 126 1111 150 c.
1136 115 1346 160 363—364.)

300 240 574 290 audirentque,
613 254 718 290 saepe
756 241 805 278 ab
838 242 888 279 iis
921 243 975 279 cis
1006 241 1163 280 Padum
1194 243 1381 294 ultraque
1412 244 1590 292 legiones
1621 243 1742 282 Etru-

298 325 455 350 scorum
487 313 606 359 fusas,
641 326 867 362 quanquam
900 313 1090 351 adversus
1107 314 1307 353 Romanos
1334 315 1491 353 nullum
1517 316 1573 353 eis
1600 315 1663 353 ius
1681 328 1742 353 so-

300 384 455 421 cietatis
488 385 726 422 amicitiaeve
759 389 856 432 erat,
887 386 970 423 nisi
998 386 1104 436 quod
1123 386 1315 424 Veientes
1341 388 1658 437 consanguineos
1674 386 1741 425 ad-

301 469 438 493 versus
470 457 663 506 populum
694 457 920 495 Romanum
951 471 1030 495 non
1063 458 1345 506 defendissent,
1377 459 1530 508 legatos
1562 459 1742 507 Romam,

260 527 372 576 5qui
414 528 610 565 auxilium
649 529 698 566 ab
739 533 877 567 senatu
908 533 1102 580 peterent,
1142 530 1295 568 misere.
1356 531 1420 568 De
1452 531 1605 569 auxilio
1636 530 1744 569 nihil

301 599 577 648 impetratum;
611 601 735 649 legati
763 604 845 639 tres
863 601 917 638 M.
936 602 1055 639 Fabii
1073 601 1262 640 Ambusti
1287 602 1364 640 filii
1391 604 1515 651 missi,
1547 603 1616 654 qui
1632 617 1743 642 sena-

298 675 364 708 tus
397 672 616 721 populique
634 672 805 710 Romani
838 674 996 711 nomine
1027 678 1192 723 agerent
1222 688 1310 712 cum
1337 674 1478 721 Gallis,
1508 689 1568 722 ne,
1587 689 1623 714 ,a
1653 675 1742 725 qui-

301 743 376 781 bus
408 744 559 781 nullam
591 746 779 782 iniuriam
812 746 1069 796 accepissent,
1102 747 1228 784 socios
1259 747 1399 797 populi
1425 747 1598 785 Romani
1623 752 1743 798 atque

261 820 283 855 6
304 816 454 853 amicos
486 821 776 866 oppugnarent.
823 817 1016 862 Romanis
1048 832 1114 855 eos
1145 818 1250 856 bello
1276 832 1443 868 quoque,
1475 820 1508 857 si
1532 833 1595 857 res
1613 822 1742 868 cogat,

298 889 470 926 tuendos
502 902 602 935 esse;
635 889 702 926 sed
732 889 872 927 melius
899 891 1040 938 visum,
1071 891 1221 927 bellum
1239 890 1368 940 ipsum
1386 891 1572 937 amoveri,
1605 892 1639 929 si
1654 904 1744 941 pos-

300 964 370 1006 set,
422 965 460 998 et
491 959 641 1007 Gallos,
688 975 831 999 novam
876 966 1046 1011 gentem,
1092 976 1189 1012 pace
1228 962 1364 1012 potius
1407 963 1593 1012 cognosci
1625 977 1744 1013 quam

171 1030 228 1078 36
305 1032 438 1070 armis.
501 1032 614 1070 Mitis
645 1034 806 1083 legatio,
847 1035 889 1071 ni
927 1035 1162 1084 praeferoces
1192 1035 1346 1084 legatos
1378 1033 1587 1085 Gallisque
1618 1035 1745 1084 magis

301 1117 418 1154 quam
437 1104 630 1142 Romanis
661 1106 812 1142 similes
844 1097 1062 1143 habuisset.
1110 1105 1278 1153 Quibus,
1308 1110 1522 1157 postquam
1558 1106 1746 1144 mandata

260 1179 283 1214 2
303 1175 517 1213 ediderunt
548 1176 591 1213 in
624 1178 793 1214 concilio
813 1177 1035 1225 Gallorum,
1067 1178 1185 1215 datur
1215 1192 1461 1228 responsum,
1493 1178 1567 1216 etsi
1598 1191 1745 1216 novum

299 1261 444 1284 nomen
476 1248 642 1286 audiant
673 1249 957 1296 Romanorum,
989 1254 1122 1287 tamen
1155 1250 1326 1297 credere,
1359 1251 1465 1288 viros
1496 1252 1618 1288 fortes
1648 1264 1745 1297 esse,

258 1322 282 1359 3
302 1333 471 1369 quorum
503 1321 700 1358 auxilium
733 1336 755 1358 a
774 1321 950 1359 Clusinis
982 1322 1024 1358 in
1055 1335 1097 1358 re
1128 1322 1289 1371 trepida
1320 1322 1373 1359 sit
1397 1322 1673 1372 imploratum;
1706 1326 1746 1360 et

300 1393 488 1441 quoniam
538 1393 740 1442 legatione
788 1395 980 1432 adversus
1021 1407 1061 1431 se
1093 1394 1308 1431 maluerint
1339 1408 1458 1444 quam
1488 1395 1608 1432 armis
1638 1395 1745 1432 tueri

299 1464 443 1511 socios,
475 1479 523 1502 ne
555 1479 596 1503 se
629 1467 788 1516 quidem
820 1480 970 1516 pacem,
1002 1479 1120 1515 quam
1153 1466 1215 1503 illi
1247 1466 1424 1513 afferant,
1455 1466 1674 1516 aspernari,
1708 1465 1743 1504 si

299 1535 429 1573 Gallis
478 1538 688 1586 egentibus
735 1552 843 1587 agro,
888 1552 1005 1588 quem
1045 1538 1166 1575 latius
1197 1538 1429 1588 possideant
1459 1551 1577 1588 quam
1609 1538 1744 1576 colant

301 1607 468 1655 Clusini,
500 1613 656 1658 partem
688 1609 825 1647 finium
857 1611 1097 1656 concedant;
1129 1611 1246 1647 aliter
1270 1624 1407 1660 pacem
1431 1610 1639 1660 impetrari
1661 1623 1742 1648 non

256 1681 427 1729 4posse.
488 1681 542 1717 Et
587 1695 819 1731 responsum
862 1694 993 1719 coram
1024 1682 1217 1719 Romanis
1255 1682 1437 1732 accipere
1477 1682 1580 1719 velle
1612 1685 1663 1729 et,
1707 1682 1744 1719 si

297 1756 468 1800 negetur
500 1766 606 1800 ager,
638 1767 769 1790 coram
803 1753 945 1791 iisdem
961 1753 1155 1791 Romanis
1183 1753 1454 1800 dimicaturos,
1486 1757 1531 1790 ut
1556 1753 1742 1791 nuntiare

298 1823 455 1861 domum
487 1829 662 1874 possent,
695 1830 888 1875 quantum
915 1824 1025 1863 Galli
1056 1826 1206 1863 virtute
1239 1830 1390 1863 ceteros
1421 1825 1611 1863 mortales
1641 1837 1742 1875 prae-

256 1896 282 1932 5
302 1900 463 1933 starent.
511 1896 722 1943 Quodnam
755 1898 796 1934 id
828 1898 889 1935 ius
921 1901 1035 1942 esset,
1068 1911 1204 1946 agrum
1238 1912 1260 1935 a
1285 1897 1580 1947 possessoribus
1605 1900 1742 1947 petere

299 1972 367 2005 aut
400 1969 546 2005 minari
580 1982 700 2014 arina,
749 1969 943 2006 Romanis
976 1970 1261 2019 quaerentibus,
1307 1973 1346 2007 et
1377 1969 1475 2019 quid
1505 1969 1546 2006 in
1577 1968 1743 2016 Etruria

297 2040 356 2077 rei
375 2039 507 2077 Gallis
540 2046 653 2086 esset,
687 2032 808 2090 quum
840 2042 911 2087 illi,
943 2055 983 2078 se
1016 2042 1058 2078 in
1089 2042 1209 2079 armis
1241 2041 1300 2078 ius
1332 2041 1436 2078 ferre
1461 2045 1500 2078 et
1516 2041 1647 2078 omnia
1662 2041 1740 2078 for-

297 2112 397 2149 tium
430 2113 607 2150 virorum
641 2126 735 2158 esse,
768 2113 954 2150 ferociter
981 2113 1172 2160 dicerent,
1204 2113 1378 2150 accensis
1394 2113 1582 2163 utrinque
1599 2112 1742 2150 animis

261 2188 285 2223 6
305 2184 356 2221 ad
389 2198 498 2220 arma
530 2184 765 2221 discurritur
798 2188 835 2222 et
866 2185 1051 2234 proelium
1078 2185 1309 2222 conseritur.
1355 2185 1433 2231 Ibi,
1464 2185 1540 2221 iam
1564 2184 1741 2233 urgenti-

300 2255 374 2293 bus
407 2256 628 2293 Romanam
670 2257 807 2293 urbem
847 2257 951 2302 fatis,
996 2257 1120 2305 legati
1161 2261 1299 2294 contra
1330 2257 1390 2294 ius
1420 2256 1600 2305 gentium
1631 2268 1743 2294 arma

301 2328 478 2378 capiunt.
539 2327 621 2365 Nec
665 2328 706 2364 id
746 2329 845 2365 clam
885 2342 969 2365 esse
1009 2329 1155 2378 potuit,
1201 2342 1321 2378 quum
1354 2332 1444 2365 ante
1476 2329 1592 2377 signa
1622 2327 1740 2365 Etru-

300 2413 457 2437 scorum
483 2404 565 2436 tres
585 2400 822 2436 nobilissimi
839 2400 1126 2449 fortissimique
1143 2399 1333 2438 Romanae
1351 2399 1573 2437 iuventutis
1588 2412 1740 2449 pugna-

257 2475 282 2510 7
301 2476 409 2518 rent;
444 2476 598 2508 tantuin
631 2472 829 2508 eminebat
858 2472 1074 2521 peregrina
1104 2473 1243 2509 virtus.
1303 2472 1411 2520 Quin
1443 2471 1562 2508 etiam
1588 2471 1635 2518 Q.
1664 2470 1739 2508 Fa-

300 2543 390 2580 bius
423 2549 582 2581 evectus
614 2547 727 2580 extra
759 2544 882 2580 aciem
915 2557 1016 2592 equo
1050 2544 1191 2580 ducem
1224 2542 1444 2590 Gallorum,
1479 2542 1666 2579 ferociter
1697 2541 1741 2579 in

298 2615 387 2665 ipsa
420 2616 534 2664 signa
551 2616 810 2652 Etruscorum
842 2615 1121 2661 incursantem,
1152 2628 1223 2664 per
1246 2614 1351 2651 latus
1375 2612 1608 2650 transfixum
1625 2613 1742 2652 hasta

298 2687 461 2734 occidit,
494 2688 702 2737 spoliaque
733 2687 818 2723 eius
848 2687 1044 2735 legentem
1063 2685 1173 2723 Galli
1199 2698 1406 2734 agnovere,
1438 2698 1588 2735 perque
1613 2689 1740 2724 totam
