1821 2928
385 235 466 272 194
791 243 893 273 (Liber
910 243 964 269 IX.
1001 243 1048 274 (A.
1067 251 1097 270 u.
1116 251 1141 270 e.
1160 245 1318 274 μεν-450.)

325 358 526 410 praesidio,
558 358 606 395 de
636 357 782 406 vigilia
811 357 941 405 tertia,
965 371 1044 407 qua
1061 357 1184 409 [duci]
1201 358 1378 407 proxime
1395 361 1538 408 potest,
1553 359 1759 410 expeditas

326 426 503 476 legiones
533 425 585 463 ad
616 425 824 475 collegam,
856 429 895 462 et
924 425 1053 475 ipsum
1070 425 1261 463 adversus
1284 426 1383 464 alios
1407 427 1621 475 sedentem,
1637 427 1759 466 ducit.

260 495 307 532 11
328 494 394 531 Ibi
427 497 587 531 auctore
618 493 827 531 Postumio
859 493 1060 530 Minucius
1099 506 1187 530 cum
1224 493 1404 532 hostibus
1442 495 1559 544 signa
1590 495 1761 543 confert3

327 566 366 599 et
405 575 527 611 quum
567 575 711 611 anceps
750 562 937 612 proelium
976 561 1017 598 in
1054 561 1222 598 multum
1254 561 1333 599 diei
1363 563 1630 612 processisset,
1673 565 1760 602 tum

329 629 563 667 Postumius
602 630 769 677 integris
808 629 1034 677 legionibus
1077 628 1273 666 defessam
1313 630 1393 666 iam
1433 631 1556 668 aciem
1587 631 1758 669 hostium

213 717 219 722 ·
262 699 311 736 12
331 697 547 747 improviso
580 697 747 734 invadit.
805 697 948 747 Itaque
980 710 1100 747 quum
1130 696 1324 735 lassitudo
1356 711 1401 735 ac
1429 699 1596 737 vulnera
1624 699 1761 748 fugam

327 778 485 815 quoque
515 765 816 815 praepedissent,
849 766 1053 803 occidione
1084 764 1205 802 occisi
1235 764 1379 812 hostes,
1423 766 1538 815 signa
1567 779 1690 804 unum
1721 770 1762 804 et

261 834 311 871 13
328 833 473 882 viginti
503 837 630 882 capta,
662 837 780 883 atque
812 833 904 870 inde
936 833 986 870 ad
1019 836 1149 870 castra
1172 831 1372 870 Postumii
1400 837 1637 883 perrectum,
1694 833 1761 873 Ibi

328 901 406 938 duo
451 901 622 938 victores
668 901 863 938 exercitus
908 901 1134 951 perculsum
1175 901 1252 938 iam
1293 901 1397 938 fama
1434 902 1589 940 hostem
1629 902 1762 940 adorti

326 968 499 1006 fundunt
539 969 778 1018 fugantque3
823 970 937 1018 signa
975 969 1165 1006 militaria
1203 982 1271 1006 sex
1310 974 1350 1006 et
1386 970 1532 1019 viginti
1568 973 1685 1020 capta
1722 973 1763 1007 et

328 1038 544 1087 imperator
582 1036 820 1074 Samnitium
859 1036 1011 1074 Statius
1055 1035 1210 1074 Gellius
1247 1037 1442 1087 multique
1473 1037 1544 1076 alii
1574 1037 1762 1075 mortales

262 1106 313 1142 14
330 1110 369 1143 et
414 1109 543 1142 castra
588 1109 757 1155 utraque
804 1109 931 1155 capta.
1005 1105 1060 1142 Et
1087 1103 1311 1143 Bovianum
1356 1106 1450 1143 urbs
1496 1107 1655 1155 postero
1697 1103 1760 1144 die

329 1177 457 1223 coepta
498 1174 721 1223 oppugnari
759 1174 871 1210 brevi
913 1173 1081 1224 capitur,
1121 1187 1344 1223 magnaque
1376 1173 1506 1223 gloria
1534 1185 1666 1210 rerum
1696 1185 1762 1222 ge-

263 1241 312 1278 15
331 1245 479 1278 starum
527 1242 707 1278 consules
753 1242 1061 1291 triumpharunt.
1142 1241 1364 1278 Minucium
1410 1241 1620 1289 consulem,
1673 1253 1762 1278 cum

329 1310 492 1346 vulnere
531 1310 645 1356 gravi
684 1310 852 1346 relatum
891 1309 932 1345 in
973 1314 1113 1356 castra,
1156 1314 1353 1346 mortuum
1386 1309 1550 1359 quidam
1581 1312 1762 1347 auctores

330 1381 432 1423 sunt,
462 1381 499 1413 et
515 1377 570 1413 M.
598 1377 784 1414 Fulvium
816 1378 856 1414 in
886 1377 1016 1414 locum
1049 1377 1133 1413 eius
1166 1377 1365 1414 consulem
1395 1377 1612 1424 suffectum,
1642 1379 1682 1414 et
1712 1377 1761 1414 ab

330 1459 385 1491 eo,
417 1458 539 1494 quum
570 1445 621 1482 ad
654 1446 869 1482 exercitum
899 1444 1069 1481 Minucii
1099 1444 1241 1481 missus
1273 1448 1384 1491 esset,
1418 1444 1642 1482 Bovianum
1672 1456 1762 1494 cap-

263 1514 312 1550 16
330 1517 424 1550 tum.
483 1513 542 1550 Eo
581 1527 683 1550 anno
715 1511 826 1559 Sora,
864 1512 1078 1561 Arpinum,
1111 1511 1305 1550 Cesennia
1334 1516 1495 1562 recepta
1525 1512 1574 1550 ab
1606 1510 1762 1549 Samni-

330 1581 448 1627 tibus,
479 1581 666 1618 Herculis
697 1594 886 1629 magnum
917 1580 1172 1617 simulacrum
1203 1581 1243 1617 in
1269 1579 1470 1630 Capitolio
1499 1579 1675 1630 positum
1698 1579 1764 1617 de-

330 1648 596 1697 dicatumque.

197 1712 256 1759 45
444 1715 491 1752 Ρ.
523 1714 701 1764 Sulpicio
735 1714 980 1761 Saverrione,
1011 1715 1058 1753 P.
1093 1714 1328 1764 Sempronio
1361 1714 1494 1764 Sopho
1536 1714 1762 1752 consulibus

124 1783 162 1843 *ἐξ
177 1790 241 1843 1ὸὲ
256 1785 315 1842 ⁴322:
336 1783 544 1830 Samnitem
582 1797 651 1819 seu
687 1783 804 1819 finem
845 1796 913 1819 seu
945 1782 1177 1819 dilationem
1206 1783 1304 1819 belli
1337 1786 1568 1831 quaerentes,
1611 1782 1764 1830 legatos

333 1852 381 1889 de
419 1865 516 1901 pace
554 1850 723 1888 Romam
763 1852 915 1889 misere.
991 1850 1148 1897 Quibus
1189 1851 1424 1900 suppliciter
1463 1850 1674 1899 agentibus
1704 1862 1763 1886 re-

292 1921 314 1956 2
335 1933 522 1969 sponsum
555 1923 623 1965 est,
654 1919 731 1955 nisi
763 1931 866 1968 saepe
896 1919 1043 1955 bellum
1075 1921 1259 1968 parantes
1286 1931 1422 1968 pacem
1445 1918 1638 1968 petissent
1653 1915 1763 1955 Sam-

332 1988 444 2032 nites,
486 1987 663 2023 oratione
703 1987 809 2023 ultro
852 1987 951 2024 citro
992 1986 1133 2023 habita
1165 1986 1212 2023 de
1242 1999 1339 2035 pace
1370 1985 1540 2034 transigi
1568 1985 1763 2035 potuisse3

332 2068 447 2101 nune,
479 2055 637 2103 quando
669 2055 791 2091 verba
820 2068 923 2091 vana
953 2054 1004 2092 ad
1035 2053 1076 2091 id
1107 2054 1285 2091 locorum
1316 2054 1474 2100 fuerint,
1506 2053 1626 2091 rebus
1656 2055 1762 2090 stan-

293 2124 316 2159 3
335 2122 427 2159 dum
459 2135 553 2158 esse.
627 2122 673 2159 P.
711 2121 988 2172 Sempronium
1026 2122 1225 2159 consulem
1257 2136 1344 2159 cum
1375 2121 1550 2159 exercitu
1579 2120 1692 2158 brevi
1721 2120 1763 2157 in

333 2187 493 2227 Samnio
525 2190 625 2232 fore3
658 2203 756 2236 eum,
788 2189 838 2226 ad
869 2190 1019 2227 bellum
1049 2203 1238 2239 pacemne
1269 2190 1464 2227 inclinent
1501 2189 1635 2235 animi⁷
1673 2187 1763 2225 falli

333 2271 408 2294 non
442 2270 577 2307 posse;
610 2260 810 2306 comperta
842 2258 974 2294 omnia
997 2257 1151 2295 senatui
1169 2259 1403 2305 relaturum3
1436 2257 1691 2295 decedentem
1716 2269 1764 2292 ex

294 2324 496 2363 4Samnio
529 2325 727 2362 consulem
760 2325 882 2373 legati
913 2329 1182 2376 sequerentur.
1228 2326 1287 2363 Eo
1311 2339 1414 2363 anno
1437 2338 1557 2375 quum
1579 2326 1763 2374 pacatum

333 2392 537 2431 Samnium
589 2392 785 2429 exercitus
825 2393 1048 2439 Romanus,
1100 2392 1272 2442 benigne
1316 2394 1486 2443 praebito
1531 2393 1762 2437 commeatu,

334 2463 600 2512 peragrasset,
631 2460 757 2496 foedus
789 2461 996 2509 antiquum
1027 2459 1271 2498 Samnitibus
1300 2461 1516 2498 redditum.

297 2527 319 2564 5
449 2528 518 2565 Ad
550 2528 703 2577 AEquos
736 2527 837 2573 inde,
861 2532 1014 2565 veteres
1036 2529 1180 2576 hostes,
1204 2533 1375 2566 ceterum
1392 2542 1463 2578 per
1478 2528 1623 2565 multos
1639 2540 1762 2564 annos

334 2595 405 2632 sub
444 2595 574 2644 specie
611 2595 743 2632 infidae
783 2596 892 2644 pacis
931 2597 1098 2645 quietos,
1137 2609 1251 2634 versa
1282 2610 1392 2633 arma
1422 2595 1613 2643 Romana,
1644 2595 1763 2645 quod,

333 2663 523 2700 incolumi
555 2663 732 2700 Hernico
763 2663 931 2709 nomine,
955 2664 1249 2701 missitaverant
1272 2663 1389 2700 simul
1412 2677 1500 2700 cum
1526 2663 1574 2700 iis
1591 2661 1764 2701 Samniti
