1821 2928
284 86 365 123 216
666 81 781 115 Liber
805 80 876 116 IV.
927 82 987 125 (A.
1013 92 1047 115 u.
1073 92 1102 115 c.
1127 82 1335 125 318—320.)

283 214 420 248 auctor
452 222 607 260 pugnae,
638 208 865 246 recentibus
896 209 1033 259 spoliis
1065 209 1107 246 in
1139 221 1250 246 sacra
1273 207 1365 246 sede
1391 209 1548 259 positis,
1578 208 1717 248 Iovem

283 295 406 332 prope
439 281 579 331 ipsum,
612 281 675 318 cui
698 283 792 318 vota
818 284 942 328 erant,
973 281 1268 330 Romulumque
1287 281 1455 329 intuens,
1485 281 1593 319 haud
1609 295 1717 332 sper-

284 353 433 391 nendos
465 352 555 390 falsi
585 352 696 390 tituli
726 355 859 401 testes,
897 366 938 391 se
969 353 1020 391 A.
1055 353 1286 390 Cornelium
1319 352 1485 391 Cossum
1516 354 1718 392 consulem

286 425 504 475 scripserit.

157 494 206 542 21
400 496 455 534 M.
488 494 675 535 Cornelio
706 495 996 545 Maluginense,
1038 496 1083 534 L.
1115 496 1283 547 Papirio
1316 496 1460 535 Crasso
1492 497 1720 536 consulibus

79 559 187 625 Qud&
206 560 265 623 ἓξ
287 569 485 606 exercitus
509 568 550 606 in
574 581 712 617 agrum
730 568 939 606 Veientem
958 582 1001 605 ac
1018 568 1219 606 Faliscum
1237 569 1358 607 ducti.
1399 569 1553 607 Praedae
1570 570 1721 608 abactae

246 640 491 678 2hominum
544 653 830 690 pecorumque;
886 640 1009 678 hostis
1056 640 1096 677 in
1143 642 1249 690 agris
1295 655 1490 692 nusquam
1535 642 1721 680 inventus

286 726 413 762 neque
457 712 665 762 pugnandi
712 712 826 762 eopia
866 713 987 759 facta;
1035 712 1155 750 urbes
1195 716 1327 751 tamen
1359 728 1438 752 non
1468 717 1720 764 oppugnatae,

249 787 271 823 3
290 785 384 835 quia
415 784 647 834 pestilentia
677 784 869 834 populum
901 784 1056 823 invasit.
1102 784 1156 822 Et
1186 785 1401 824 seditiones
1423 785 1528 824 domi
1545 786 1722 835 quaesitae

288 860 390 904 sunt,
420 869 492 893 nec
523 859 640 893 motae
670 859 814 903 tamen,
852 857 902 894 ab
935 855 1002 906 Sp.
1034 856 1167 894 Maelio
1198 857 1360 895 tribuno
1392 858 1535 908 plebis,
1566 858 1636 908 qui
1665 858 1721 896 fa·

287 942 381 966 vore
412 928 584 966 nominis
616 932 814 966 moturum
846 941 886 966 se
917 928 1072 978 aliquid
1103 932 1212 966 ratus
1237 933 1276 967 et
1292 930 1470 967 Minucio
1489 930 1595 967 diem
1613 929 1722 967 dixe-

287 1004 350 1038 rat
381 1003 421 1038 et
450 1000 699 1050 rogationem
733 1000 782 1038 de
807 1000 1060 1050 publicandis
1087 1000 1203 1039 bonis
1222 1001 1386 1040 Servilii
1402 1002 1549 1040 Ahalae
1565 1002 1726 1048 tulerat,

250 1072 401 1110 4falsis
440 1072 675 1110 criminibus
717 1086 739 1110 a
770 1072 948 1110 Minucio
987 1072 1298 1111 circumventum
1329 1073 1509 1112 Maelium
1541 1086 1724 1122 arguens,

289 1143 473 1200 Servilio
493 1144 638 1182 caedem
671 1144 771 1182 civis
802 1144 1024 1182 indemnati
1055 1145 1265 1192 obiiciens3
1297 1159 1385 1196 quae
1401 1146 1568 1185 vaniora
1591 1145 1639 1183 ad
1655 1158 1725 1196 po-

249 1215 430 1266 5pulum
476 1216 561 1266 ipso
607 1219 768 1254 auctore
812 1217 932 1254 fuere.
993 1216 1178 1254 Ceterum
1226 1218 1352 1266 magis
1397 1219 1457 1256 vis
1495 1218 1624 1256 morbi
1666 1218 1727 1255 in-

290 1302 524 1338 gravescens
564 1301 666 1325 curae
706 1291 791 1326 erat
819 1290 1073 1338 terroresque
1105 1301 1149 1326 ac
1180 1289 1380 1338 prodigia,
1418 1291 1588 1328 maxime
1619 1290 1725 1340 quod

291 1361 442 1398 crebris
474 1360 647 1398 motibus
677 1364 795 1398 terrae
824 1374 940 1398 ruere
971 1361 1011 1397 in
1043 1361 1149 1409 agris
1171 1361 1459 1400 nuntiabantur
1482 1365 1598 1400 tecta.
1645 1361 1724 1399 Ob-

291 1433 461 1471 secratio
492 1433 628 1482 itaque
659 1446 682 1470 a
712 1433 860 1482 populo
893 1432 1115 1470 duumviris
1145 1433 1417 1482 praeeuntibus
1450 1436 1509 1472 est
1538 1434 1656 1472 facta.

251 1504 273 1542 6
407 1504 666 1542 Pestilentior
698 1504 790 1542 inde
822 1518 959 1551 annus,
997 1503 1039 1542 C.
1069 1504 1178 1542 Iulio
1209 1504 1353 1542 iterum
1386 1508 1425 1543 et
1454 1505 1500 1544 L.
1531 1505 1728 1554 Verginio

85 1574 270 1640 ffudssjissg'
292 1577 541 1624 consulibus,
595 1579 751 1614 tantum
806 1576 1006 1614 vastitatis
1062 1576 1103 1612 in
1149 1577 1247 1614 urbe
1292 1577 1481 1627 agrisque
1527 1577 1639 1624 fecit,
1683 1580 1729 1615 ut

292 1662 370 1686 non
429 1649 546 1687 modo
606 1648 814 1698 praedandi
867 1661 983 1686 causa
1037 1648 1248 1697 quisquam
1298 1662 1345 1686 ex
1398 1662 1495 1698 agro
1547 1648 1727 1686 Romano

253 1719 420 1759 ‘lexiret
466 1721 614 1758 bellive
659 1720 857 1757 inferendi
901 1719 1093 1757 memoria
1137 1719 1322 1768 patribus
1366 1723 1435 1758 aut
1472 1721 1582 1770 plebi
1614 1724 1729 1767 esset,

292 1793 360 1831 sed
405 1793 512 1831 ultro
544 1792 770 1838 Fidenates,
816 1790 886 1842 qu‘i
924 1805 965 1829 se
1004 1791 1134 1841 primo
1174 1795 1243 1829 aut
1273 1792 1473 1830 montibus
1505 1795 1575 1830 aut
1603 1792 1728 1830 muris

291 1868 516 1912 tenuerant,
561 1864 840 1915 populabundi
887 1863 1171 1901 descenderent
1216 1863 1258 1900 in
1305 1877 1445 1912 agrum
1491 1864 1728 1902 Romanum.

253 1934 453 1974 SDeinde
484 1936 716 1975 Veientium
763 1936 941 1974 exercitu
987 1935 1113 1973 accito
1147 1935 1252 1983 (nam
1283 1935 1433 1973 Falisci
1472 1935 1647 1986 perpelli
1677 1935 1729 1974 ad

294 2009 596 2046 instaurandum
625 2008 776 2046 bellum
807 2021 935 2058 neque
966 2007 1079 2045 clade
1098 2007 1370 2045 Romanorum
1386 2021 1514 2058 neque
1531 2007 1727 2046 sociorum

294 2080 480 2130 precibus
512 2083 707 2130 potuere),
740 2081 817 2118 duo
848 2080 988 2131 populi
1018 2079 1213 2117 transiere
1240 2079 1440 2117 Anienem
1471 2083 1591 2129 atque
1621 2079 1728 2116 haud

256 2149 278 2184 9
297 2152 437 2202 procul
470 2151 626 2190 Collina
655 2156 773 2202 porta
803 2152 920 2201 signa
950 2151 1134 2189 habuere.
1189 2150 1453 2201 Trepidatum
1483 2151 1619 2200 itaque
1649 2163 1728 2188 non

295 2224 335 2261 in
377 2223 484 2272 agris
524 2224 649 2273 magis
691 2237 810 2273 quam
850 2224 891 2261 in
922 2224 1019 2261 urbe
1051 2226 1119 2260 est.
1179 2222 1311 2260 Iulius
1343 2223 1480 2260 consul
1511 2222 1554 2259 in
1585 2235 1729 2271 aggere

296 2295 497 2344 murisque
529 2295 703 2344 explicat
734 2295 880 2345 copias,
912 2309 935 2332 a
966 2295 1161 2343 Verginio
1192 2298 1353 2333 senatus
1384 2295 1426 2332 in
1457 2294 1540 2332 aede
1567 2293 1729 2342 Quirini

230 2363 280 2399 10
299 2366 530 2404 consulitur.
589 2366 842 2404 Dictatorem
875 2367 954 2404 dici
984 2366 1035 2404 A.
1067 2366 1282 2404 Servilium
1313 2367 1456 2416 placet,
1495 2365 1559 2404 cui
1589 2365 1730 2403 Prisco

297 2437 377 2484 alii,
422 2438 494 2475 alii
527 2436 687 2476 Structo
725 2439 844 2475 fuisse
877 2451 1094 2486 cognomen
1123 2438 1300 2476 tradunt.
1360 2437 1590 2487 Verginius,
1636 2436 1729 2474 dum

298 2509 490 2558 collegam
515 2510 751 2555 consuleret,
781 2513 969 2556 moratus,
999 2510 1254 2559 permittente
1271 2523 1328 2557 eo,
1358 2513 1473 2547 nocte
1491 2509 1728 2546 dictatorem

299 2580 421 2626 dixit;
454 2581 489 2618 is
520 2581 596 2618 sibi
627 2581 860 2631 magistrum
892 2580 1071 2630 equitum
1098 2581 1332 2619 Postumum
1351 2579 1560 2618 AEbutium
1587 2578 1730 2617 Elvam

164 2648 218 2695 22
299 2651 407 2690 dicit.
452 2652 641 2691 Dictator
672 2665 806 2690 omnes
837 2652 925 2689 luce
956 2651 1086 2702 prima
1117 2655 1230 2689 extra
1259 2655 1415 2702 portam
1433 2650 1628 2688 Collinam
1661 2651 1728 2688 ad-
