1821 2928
299 154 380 191 274
692 148 808 183 Liber
833 147 879 182 v.
927 148 990 193 (A.
1015 161 1050 182 u.
1077 159 1106 182 ο.
1131 148 1337 191 357—358.)

259 277 518 328 2placandos
565 288 736 325 coepere;
779 276 1061 325 inventumque
1106 276 1265 313 tandem
1298 280 1366 321 est,
1413 276 1483 313 ubi
1530 276 1733 324 neglectas

300 349 545 386 caerimonias
564 348 882 384 intermissumve
900 347 1090 384 sollemne
1108 347 1149 384 di
1178 352 1408 395 arguerent:
1437 347 1537 386 nihil
1554 348 1734 397 profecto

300 421 411 458 aliud
443 433 539 466 esse,
571 432 688 469 quam
722 419 978 467 magistratus
1001 419 1100 455 vitio
1127 422 1280 456 creatos
1305 419 1472 456 Latinas
1498 432 1733 469 sacrumque

262 494 284 529 3
304 493 344 530 in
376 491 538 529 Albano
572 495 702 527 monte
750 504 828 528 non
874 491 953 527 rite
1002 490 1247 540 concepisse;
1294 504 1412 528 unam
1460 491 1732 540 expiationem

299 576 436 601 eorum
468 577 562 609 esse,
592 567 637 600 ut
667 562 820 600 tribuni
853 562 1026 599 militum
1058 562 1295 599 abdicarent
1319 576 1358 599 se
1385 562 1632 610 magistratu,
1664 575 1731 600 au-

262 636 288 671 4
305 635 432 685 spicia
465 635 512 672 de
545 635 700 683 integro
732 638 1007 684 repeterentur
1046 638 1085 670 et
1124 634 1397 682 interregnum
1433 634 1612 671 iniretur.
1662 634 1733 671 -Ea

299 708 357 745 ita
389 707 493 744 facta
524 710 617 743 sunt
648 720 695 743 ex
729 711 888 743 senatus
921 706 1111 743 consulto.
1174 706 1402 754 Interreges
1431 709 1513 743 tres
1545 705 1734 756 deinceps

299 779 422 825 fuere,
454 778 498 815 L.
530 778 728 824 Valerius,
762 778 807 825 Q„
841 777 1037 815 Servilius
1069 777 1255 823 Fidenas,
1287 777 1342 815 M.
1362 777 1508 814 Furius
1527 777 1733 815 Camillus.

266 851 288 885 ι’)
305 850 521 900 Nunquam
540 850 711 887 desitum
730 850 890 886 interim
907 850 1073 896 turbari,
1105 849 1267 886 comitia
1293 848 1647 898 interpellantibus
1662 850 1733 886 tri-

299 922 418 960 bunis
435 922 577 972 plebis,
610 922 733 958 donec
751 922 1002 958 convenisset
1017 921 1141 971 prius,
1165 925 1210 957 ut
1227 920 1353 958 maior
1369 934 1462 970 pars
1479 920 1733 958 tribunorum

262 995 284 1030 6
302 995 472 1031 militum
506 1008 552 1031 ex
584 994 700 1044 plebe
734 998 947 1032 crearetur.
997 993 1094 1040 Quae
1119 993 1209 1029 dum
1228 997 1410 1041 aguntur,
1428 993 1596 1030 concilia
1613 993 1732 1030 Etru-

298 1066 369 1103 riae
394 1066 443 1103 ad
466 1067 600 1103 fanum
619 1065 848 1103 Voltumnae
874 1064 1022 1110 habita,
1055 1065 1432 1114 postulantibusque
1461 1064 1735 1114 Capenatibus

300 1151 343 1174 ac
378 1137 556 1183 Faliscis,
588 1141 631 1174 ut
649 1137 771 1175 Veios
803 1137 1001 1174 communi
1033 1137 1162 1174 animo
1187 1137 1432 1186 consilioque
1460 1149 1594 1173 omnes
1611 1136 1731 1173 Etru-

264 1210 286 1244 7
304 1209 374 1246 riae
402 1209 541 1258 populi
574 1223 619 1245 ex
643 1209 849 1246 obsidione
881 1209 1089 1258 eriperent,
1120 1221 1353 1258 responsum
1377 1212 1447 1253 est,
1481 1211 1598 1245 antea
1623 1221 1665 1245 se
1693 1208 1736 1245 id

300 1280 541 1319 Veientibus
572 1294 751 1329 negasse,
784 1281 889 1330 quia,
922 1280 1024 1317 unde
1055 1280 1262 1317 consilium
1294 1294 1372 1317 non
1398 1281 1592 1330 petissent
1615 1293 1735 1330 super

299 1357 414 1391 tanta
458 1366 511 1398 re,
559 1353 753 1389 auxilium
799 1356 935 1402 petere
981 1366 1058 1389 non
1115 1352 1324 1398 deberent;
1368 1365 1473 1389 nunc
1528 1352 1606 1389 iam
1660 1365 1733 1402 pro

265 1424 348 1462 8se
387 1425 584 1462 fortunam
630 1438 741 1461 suam
786 1424 867 1461 illis
904 1437 1061 1473 negare.
1120 1423 1321 1461 Invasisse
1364 1424 1405 1460 in
1453 1437 1537 1461 eam
1582 1426 1736 1473 partem

300 1497 475 1534 Etruriae
531 1500 688 1546 gentem
747 1496 1014 1542 invisitatam3
1062 1509 1185 1533 novos
1242 1495 1396 1533 accolas
1443 1494 1581 1533 Gallos
1637 1509 1736 1542 esse,

302 1582 388 1605 cum
436 1568 580 1617 quibus
612 1582 683 1604 nec
728 1582 807 1617 pax
855 1568 952 1605 satis
984 1568 1065 1604 fida
1110 1581 1182 1604 nec
1227 1568 1375 1605 bellum
1415 1581 1490 1617 pro
1530 1571 1639 1605 certo
1671 1567 1734 1605 sit.

262 1640 285 1675 9
305 1639 500 1689 Sanguini
516 1645 647 1676 tamen
665 1640 896 1689 nominique
922 1643 961 1676 et
984 1640 1251 1689 praesentibus
1278 1639 1470 1689 periculis
1496 1639 1732 1688 consangui-

300 1725 461 1748 neorum
494 1711 534 1748 id
567 1711 667 1760 dari,
700 1714 755 1757 ut,
787 1711 819 1748 si
851 1711 920 1760 qui
960 1711 1178 1747 iuventutis
1223 1724 1302 1747 suae
1348 1711 1551 1748 voluntate
1596 1710 1646 1748 ad
1692 1710 1731 1746 id

203 1792 205 1795 '
237 1783 286 1819 10
304 1783 450 1820 bellum
483 1787 586 1831 eant,
618 1796 696 1819 non
728 1782 961 1832 impediant.
1001 1782 1102 1820 Eum
1128 1795 1315 1831 magnum
1332 1782 1538 1820 advenisse
1561 1782 1734 1819 hostium

302 1868 520 1901 numerum,
553 1855 657 1892 fama
674 1854 810 1891 Romae
829 1858 923 1899 erat,
943 1868 1067 1904 eoque
1085 1855 1289 1891 mitescere
1305 1853 1514 1891 discordiae
1532 1853 1734 1891 intestinae

300 1929 405 1963 metu
438 1927 650 1975 communi,
681 1930 725 1963 ut
754 1926 811 1975 fit,
846 1929 995 1976 coeptae.

180 1996 229 2042 18
418 1998 539 2035 Haud
571 1998 709 2035 invitis
740 1999 922 2048 patribus
962 1997 1007 2035 P.
1038 1997 1240 2035 Licinium
1265 1996 1432 2034 Calvum
1462 1997 1736 2047 praerogativa

302 2069 507 2106 tribunum
525 2070 699 2107 militum
724 2084 802 2107 non
830 2073 1028 2119 petentem
1047 2073 1165 2114 creat,
1196 2068 1482 2106 moderationis
1500 2071 1672 2118 expertae
1690 2068 1732 2105 in

302 2141 437 2191 priore
480 2142 715 2190 magistratu
759 2142 899 2186 virum,
947 2145 1120 2178 ceterum
1166 2142 1242 2179 iam
1281 2144 1365 2178 tum
1407 2145 1553 2178 exactae
1585 2140 1734 2186 aetatis3

265 2214 287 2249 2
306 2226 519 2262 omnesque
551 2214 738 2263 deinceps
771 2227 818 2250 ex
849 2213 1018 2261 collegio
1046 2213 1220 2251 eiusdem
1245 2213 1338 2250 anni
1359 2212 1469 2249 refici
1500 2211 1734 2261 apparebat,

307 2285 353 2322 L.
400 2284 607 2331 Titinium,
657 2284 699 2332 Q.
730 2286 949 2330 Manlium,
982 2284 1028 2322 P.
1061 2285 1262 2331 Maenium,
1311 2284 1381 2321 Cn.
1413 2282 1649 2329 Genucium,
1686 2282 1734 2320 L.

306 2355 492 2394 Atilium.
534 2356 612 2403 Qui
630 2357 861 2406 priusquam
878 2356 1202 2394 renuntiarentur
1232 2357 1320 2394 iure
1352 2355 1504 2394 vocatis
1532 2354 1736 2400 tribubus,

268 2428 292 2465 3
310 2428 504 2478 permissu
521 2428 735 2475 interregis
754 2427 799 2464 P.
818 2428 998 2465 Licinius
1018 2427 1164 2465 Calvus
1192 2429 1248 2466 ita
1269 2428 1394 2466 verba
1417 2427 1530 2464 fecit:
1581 2425 1731 2473 „Omen

306 2499 538 2546 coneordiae,
556 2499 745 2547 Quirites,
770 2499 830 2535 rei
857 2500 1024 2536 maxime
1051 2500 1090 2536 in
1121 2500 1195 2537 hoc
1217 2503 1372 2550 tempus
1398 2498 1524 2547 utilis,
1543 2497 1734 2535 memoria

307 2571 433 2608 nostri
451 2571 708 2619 magistratus
724 2584 792 2607 vos
809 2570 869 2606 his
894 2571 1062 2608 comitiis
1088 2575 1223 2620 petere
1240 2573 1281 2609 in
1299 2571 1570 2620 insequentem
1588 2581 1731 2606 annum

263 2643 289 2678 4
307 2643 443 2688 video;
477 2642 543 2679 sed
562 2642 734 2691 collegas
753 2641 907 2679 eosdem
935 2641 1113 2689 reficitis,
1141 2641 1260 2679 etiam
1287 2653 1361 2676 usu
1385 2639 1571 2677 meliores
1589 2639 1732 2687 fact0s;
