1821 2928
315 99 394 135 232
750 93 863 129 Liber
888 93 955 128 IV.
1004 94 1065 137 (A.
1092 106 1127 128 u.
1153 106 1183 130 c.
1209 95 1303 137 331.)

309 236 356 260 ex
386 226 499 272 parte
531 225 675 259 nutant
703 221 1125 271 circumspectantibus
1154 222 1289 270 galeae,
1320 225 1357 259 et
1378 222 1522 259 incerti
1538 222 1741 273 trepidant

245 293 292 330 11
313 294 598 344 applicantque
629 305 669 331 se
700 294 846 338 turbae;
887 294 1001 342 signa
1032 306 1137 330 nunc
1166 294 1393 331 resistentia
1425 293 1660 332 deseruntur
1691 294 1740 332 ab

310 364 593 414 antesignanis,
624 378 727 402 nunc
760 365 863 402 inter
894 378 984 403 suos
1010 365 1233 414 manipulos
1249 365 1510 415 recipiuntur.
1555 365 1739 403 Nondum

310 437 403 486 fuga
437 439 556 483 certa,
587 436 760 474 nondum
793 437 962 474 victoria
993 440 1092 482 erat;
1124 436 1209 485 tegi
1241 437 1366 485 magis
1392 436 1595 489 Romanus
1621 451 1739 487 quam

310 521 507 558 pugnare3
555 507 727 546 Volscus
775 509 918 546 inferre
964 509 1088 557 signa,
1132 520 1275 556 urgere
1317 508 1453 555 aciem,
1497 508 1588 558 plus
1619 509 1740 547 caedis

176 575 228 623 38
309 579 482 617 hostium
513 580 650 617 videre
681 594 800 630 quam
831 581 943 628 fugae.
1005 580 1090 618 Iam
1123 580 1304 617 omnibus
1335 580 1431 617 locis
1463 579 1630 626 ceditur,
1673 593 1739 618 ne-

310 651 523 701 quicquam
557 651 793 702 Sempronio
827 652 988 690 consule
1021 652 1260 701 obiurgante
1284 655 1402 701 atque
1428 651 1624 689 hortante.
1670 651 1738 689 Ni-

268 722 369 760 2hil
410 736 481 760 nec
520 723 730 773 imperium
769 738 839 762 nec
880 725 1063 761 maiestas
1094 723 1264 770 valebat,
1305 723 1477 772 dataque
1506 736 1597 761 mox
1626 727 1739 773 terga

307 794 490 833 hostibus
521 796 662 842 forent,
694 797 736 833 ni
763 795 853 833 Sex.
880 795 1133 845 Tempanius,
1165 794 1328 832 decurio
1360 795 1550 844 equitum,
1581 795 1740 832 labante

307 867 385 904 iam
424 880 466 904 re
505 868 693 917 praesenti
726 868 858 905 animo
890 867 1149 905 subvenisset.
1210 866 1288 914 Qui
1319 880 1438 916 quum
1470 879 1614 916 magna
1643 879 1739 904 voce

307 938 577 986 exclamasset,
607 942 651 976 ut
684 940 849 988 equites,
881 939 951 989 qui
983 939 1132 976 salvam
1159 951 1242 976 rem
1259 938 1462 988 publicam
1478 938 1628 976 vellent
1645 951 1739 985 esse,

265 1008 288 1046 3
308 1022 356 1047 ex
389 1010 501 1059 equis
533 1010 750 1057 desilirent,
782 1011 957 1048 omnium
986 1014 1206 1048 turmarum
1231 1010 1432 1060 equitibus
1455 1010 1565 1048 velut
1581 1009 1629 1047 ad
1649 1023 1737 1048 con-

304 1080 402 1118 sulis
450 1081 661 1131 imperium
709 1083 838 1129 motis,
887 1082 1003 1130 „Nisi
1044 1080 1153 1119 haec‘'·
1189 1082 1321 1131 inquit
1355 1084 1560 1132 „parmata
1599 1082 1739 1120 cohors

304 1152 411 1189 sistit
458 1152 650 1203 impetum
698 1153 883 1202 hostium,
928 1158 1058 1192 actum
1105 1153 1153 1190 de
1185 1154 1352 1203 imperio
1384 1158 1454 1191 est.
1515 1152 1738 1203 Sequimini

302 1236 374 1272 pro
406 1224 555 1263 vexillo
595 1226 798 1276 cuspidem
839 1239 986 1273 meam,
1036 1226 1234 1263 ostendite
1265 1225 1457 1263 Romanis
1489 1225 1739 1275 Volscisque,

302 1307 432 1344 neque
465 1297 667 1345 equitibus
699 1299 813 1336 vobis
844 1299 949 1336 ullos
983 1298 1133 1347 equites
1159 1310 1231 1335 nec
1254 1297 1460 1347 peditibus
1487 1310 1569 1334 esse
1585 1296 1738 1346 pedites

264 1367 457 1415 4pares.“
521 1368 654 1416 Quum
700 1370 874 1407 clamore
915 1369 1172 1420 comprobata
1210 1369 1438 1407 adhortatio
1470 1370 1583 1413 esset,
1627 1367 1737 1405 vadit

304 1438 383 1476 alte
415 1440 618 1490 cuspidem
652 1454 803 1490 gerens.
849 1441 1097 1491 Quacunque
1130 1441 1329 1487 incedunt,
1359 1441 1401 1478 vi
1432 1441 1536 1478 viam
1566 1439 1736 1484 faciunt3

304 1523 348 1548 eo
381 1524 421 1548 se
452 1512 629 1550 inferunt
662 1512 828 1550 obiectis
859 1514 1019 1563 parmis,
1052 1513 1122 1551 ubi
1149 1525 1309 1550 suorum
1325 1511 1542 1562 plurimum
1559 1511 1736 1549 laborem

265 1580 455 1619 5vident.
516 1583 763 1621 Restituitur
794 1586 975 1622 omnibus
1007 1585 1106 1623 locis
1136 1598 1282 1635 pugna,
1313 1584 1466 1633 inquae
1481 1596 1548 1621 eos
1566 1583 1737 1633 impetus

305 1652 420 1699 tulit;
454 1667 525 1691 nec
556 1654 722 1692 dubium
754 1659 850 1702 erat,
883 1656 991 1705 quin,
1024 1657 1058 1693 si
1089 1660 1169 1693 tam
1200 1656 1316 1705 pauci
1343 1656 1461 1692 simul
1478 1654 1589 1692 obire
1606 1654 1737 1691 omnia

180 1720 232 1766 39
308 1729 479 1774 possent,
525 1730 638 1774 terga
685 1727 818 1765 daturi
862 1728 995 1764 hostes
1040 1728 1199 1764 fuerint.
1260 1727 1312 1764 Et
1350 1739 1469 1776 quum
1509 1726 1586 1763 iam
1624 1729 1735 1775 parte

303 1797 415 1834 nulla
446 1797 752 1844 sustinerentur,
785 1799 851 1836 dat
883 1799 1040 1848 signum
1058 1798 1230 1836 Volscus
1258 1799 1483 1847 imperator,
1513 1799 1558 1835 ut
1580 1810 1734 1847 parma-

301 1868 365 1914 tis,
397 1881 508 1906 novae
540 1869 695 1907 cohorti
726 1870 911 1917 hostium,
942 1871 1051 1908 locus
1081 1870 1210 1916 detur,
1242 1870 1365 1907 donec
1397 1869 1548 1919 impetu
1575 1869 1670 1906 elati
1686 1869 1734 1906 ab

261 1940 285 1976 2
303 1939 386 1976 suis
418 1940 691 1978 excludantur.
739 1941 855 1988 Quod
884 1943 954 1980 ubi
986 1946 1045 1980 est
1074 1943 1232 1987 factum,
1265 1941 1471 1978 interclusi
1495 1941 1648 1990 equites
1663 1953 1734 1978 nec

301 2023 558 2061 perrumpere
590 2012 741 2060 eadem,
788 2027 865 2063 qua
895 2015 1149 2061 transierant,
1187 2026 1314 2064 posse,
1356 2012 1414 2050 ibi
1445 2012 1614 2050 maxime
1645 2025 1734 2049 con-

264 2082 286 2119 3
305 2082 417 2119 fertis
450 2083 645 2131 hostibus,
681 2098 760 2134 qua
789 2086 894 2123 viam
925 2087 1111 2132 fecerant,
1142 2089 1182 2123 et
1212 2085 1348 2123 consul
1373 2084 1627 2133 legionesque
1653 2082 1733 2120 Ro-

303 2167 441 2199 manae,
475 2168 607 2204 quum,
639 2156 746 2205 quod
777 2160 964 2207 tegumen
981 2157 1096 2196 modo
1114 2158 1240 2195 omnis
1257 2156 1452 2194 exercitus
1468 2156 1611 2201 fuerat,
1643 2167 1734 2192 nus·

303 2237 421 2274 quam
452 2225 644 2273 viderent,
676 2240 725 2265 ne
759 2232 819 2266 tot
849 2229 1086 2267 fortissimos
1111 2229 1217 2266 viros
1241 2227 1475 2266 interclusos
1491 2226 1735 2277 opprimeret

263 2296 443 2342 4hostis,
481 2298 651 2335 tendunt
694 2299 733 2336 in
774 2313 1047 2350 quemcunque
1079 2313 1222 2338 casum.
1280 2299 1443 2338 Diversi
1473 2297 1612 2336 Volsci
1641 2297 1733 2334 hinc

305 2368 507 2405 consulem
538 2381 582 2405 ac
614 2369 792 2417 legiones
816 2372 1023 2418 sustinere,
1056 2372 1187 2409 altera.
1206 2371 1334 2409 fronte
1351 2372 1497 2409 instare
1513 2369 1732 2419 Tempanio

304 2441 424 2488 atque
456 2438 678 2489 equitibus;
710 2441 777 2490 qui
808 2455 928 2491 quum
951 2456 1054 2492 saepe
1081 2443 1214 2481 conati
1231 2442 1461 2492 nequissent
1476 2452 1732 2491 perrumpere

303 2509 355 2547 ad
386 2523 489 2557 suos,
532 2511 685 2548 tumulo
726 2512 897 2561 quodam
929 2518 1131 2564 occupato,
1177 2515 1219 2552 in
1249 2515 1385 2552 orbem
1415 2526 1456 2551 se
1485 2511 1732 2556 tutabantur,

263 2583 288 2621 5
307 2594 555 2631 nequaquam
587 2582 723 2628 inulti;
754 2595 825 2620 nec
855 2597 999 2633 pugnae
1029 2585 1121 2622 finis
1152 2589 1243 2622 ante
1271 2588 1426 2622 noctem
1450 2583 1537 2621 fuit.
1583 2581 1731 2621 Consul

302 2664 473 2702 quoque,
504 2666 700 2703 nusquam
730 2655 894 2692 remisso
927 2656 1154 2702 certamine,
1185 2656 1279 2693 dum
1304 2655 1517 2705 quicquam
1533 2654 1732 2704 superfuit
