1821 2928
314 113 395 150 208
694 109 808 145 Liber
832 109 901 144 IV.
950 111 1010 153 (A.
1035 122 1072 144 u.
1098 121 1127 145 c.
1153 110 1360 154 314—315.)

313 236 484 274 Poetelio
517 236 695 285 quaesita,
729 236 810 286 qui,
840 236 1028 274 tribunus
1053 236 1184 286 plebis
1209 237 1350 275 iterum
1379 250 1426 275 ea
1448 237 1534 287 ipsa
1557 235 1741 274 denunti-

273 308 298 344 4
314 307 418 346 ando
450 308 589 352 factus,
619 321 758 357 neque,
791 310 837 345 ut
862 308 910 345 de
937 308 1043 355 agris
1060 308 1291 346 dividendis
1313 308 1421 358 plebi
1437 296 1632 346 referrent
1649 320 1738 345 con·

313 379 419 416 sules
457 378 507 416 ad
546 383 744 429 senatum,
788 379 1019 429 pervincere
1050 380 1202 429 potuit,
1240 383 1300 426 et,
1333 392 1453 429 quum
1485 391 1627 428 magno
1658 390 1740 416 cer-

311 451 460 487 tamine
491 450 740 496 obtinuisset,
771 455 816 488 ut
847 451 1147 488 consulerentur
1178 454 1324 501 patres,
1356 451 1563 488 consulum
1593 463 1644 488 an
1668 450 1739 487 tri·

311 522 508 559 bunorum
540 521 716 571 placeret
745 523 905 559 comitia
935 522 1092 567 haberi,
1126 523 1309 560 consules
1340 522 1470 560 creari
1501 522 1598 559 iussi
1629 524 1739 566 sunt;

275 593 297 630 5
315 592 570 642 ludibrioque
601 597 716 631 erant
745 594 860 630 minae
891 594 1045 631 tribuni
1077 594 1353 632 denuntiantis
1384 607 1425 631 se
1449 593 1640 631 dilectum
1667 592 1739 629 im-

309 664 557 714 pediturum,
605 678 724 714 quum
767 665 915 715 quietis
955 665 1134 702 finitimis
1173 676 1300 715 neque
1338 665 1444 702 bello
1482 677 1609 714 neque
1638 663 1739 702 belli

311 739 506 786 apparatu
538 749 637 786 opus
668 740 783 775 esset.

270 810 294 846 6
413 805 604 857 Sequitur
615 807 716 845 hanc
727 808 1066 857 tranquillitatem
1077 822 1210 846 rerum
1222 821 1357 855 annus,
1371 807 1545 845 Proculo
1556 805 1738 856 Geganio

104 875 293 941 2:312?ng
310 879 530 928 Macerino,
562 879 607 916 L.
625 879 812 917 Menenio
843 879 998 917 Lanato
1030 880 1271 925 consulibus,
1301 878 1521 929 multiplici
1551 878 1663 916 clade
1693 891 1738 916 ac

311 951 490 1001 periculo
509 951 687 1000 insignis,
714 951 987 997 seditionibus,
1015 952 1128 994 fame,
1145 964 1268 999 regno
1285 963 1410 1000 prope
1426 963 1497 1000 per
1512 950 1738 999 largitionis

272 1025 294 1060 7
313 1022 563 1060 dulcedinem
595 1023 635 1059 in
667 1023 841 1059 cervices
874 1027 1054 1072 accept03
1085 1036 1207 1060 unum
1231 1022 1331 1059 afuit
1347 1022 1494 1059 bellum
1512 1025 1733 1067 externum,

310 1107 387 1144 quo
433 1094 467 1132 si
513 1097 743 1143 aggravatae
788 1107 850 1131 res
897 1098 1046 1141 essent,
1101 1095 1170 1131 vix
1224 1108 1297 1145 ope
1355 1094 1519 1132 deorum
1564 1092 1738 1130 omnium

310 1165 478 1215 [re]sisti
510 1165 715 1215 potuisset.
763 1165 928 1215 Coepere
960 1180 982 1203 a
1013 1166 1115 1203 fame
1146 1166 1261 1215 mala,
1294 1179 1363 1203 seu
1394 1165 1582 1203 adversus
1612 1177 1737 1203 annus

308 1238 491 1286 frugibus
521 1237 608 1283 fuit,
640 1250 708 1274 seu
740 1237 950 1275 dulcedine
982 1238 1209 1275 contionum
1240 1242 1278 1275 et
1302 1237 1414 1274 urbis
1440 1236 1596 1274 deserto
1623 1248 1736 1285 agro-

308 1322 397 1346 rum
415 1308 542 1353 cultu;
561 1321 651 1346 nam
668 1312 881 1358 utrumque
897 1309 1080 1346 traditur.
1113 1309 1166 1346 Et
1181 1313 1314 1358 patres
1331 1308 1488 1358 plebem
1505 1307 1680 1345 desidem
1698 1311 1737 1346 et

308 1380 463 1417 tribuni
487 1379 617 1429 plebis
640 1393 744 1417 nunc
761 1380 951 1426 fraudem,
977 1393 1079 1417 nunc
1096 1381 1384 1429 negligentiam
1401 1379 1606 1417 consulum
1624 1392 1736 1417 accu-

268 1452 293 1488 8
311 1452 464 1489 sabant.
496 1451 702 1489 Postremo
719 1453 929 1502 perpulere
945 1452 1114 1502 plebem,
1139 1451 1247 1489 haud
1264 1451 1499 1490 adversante
1515 1454 1666 1500 senatu,
1691 1454 1737 1488 ut

306 1523 351 1560 L.
365 1523 567 1560 Minucius
579 1523 789 1572 praefectus
806 1537 972 1561 annonae
990 1527 1203 1570 crearetur,
1219 1523 1374 1560 felicior
1390 1523 1431 1560 in
1443 1535 1489 1560 eo
1501 1522 1736 1572 magistratu

307 1594 357 1631 ad
384 1594 605 1632 custodiam
631 1594 831 1632 libertatis
857 1595 1014 1633 futurus
1039 1608 1157 1645 quam
1181 1595 1231 1632 ad
1254 1594 1497 1632 curationem
1516 1594 1735 1632 ministerii

306 1665 380 1715 sui,
424 1679 649 1715 quanquam
676 1669 876 1715 postremo
902 1680 1068 1704 annonae
1095 1679 1252 1715 quoque
1276 1666 1417 1704 levatae
1440 1665 1548 1703 haud
1563 1666 1734 1704 immeri-

266 1738 288 1774 9
307 1740 386 1774 tam
419 1740 458 1774 et
488 1738 657 1787 gratiam
689 1741 728 1774 et
758 1737 926 1786 gloriam
958 1737 1064 1774 tulit.
1111 1736 1188 1783 Qui
1206 1750 1338 1786 quum,
1367 1736 1504 1774 multis
1522 1737 1628 1775 circa
1643 1737 1733 1775 fini-

305 1809 423 1846 timos
454 1808 623 1859 populos
655 1809 922 1857 legationibus
951 1812 1059 1846 terra
1090 1809 1268 1858 marique
1299 1809 1562 1858 nequicquam
1592 1809 1734 1857 missis,

305 1880 383 1917 nisi
415 1880 520 1930 quod
552 1893 599 1917 ex
615 1880 779 1917 Etruria
810 1880 917 1917 haud
949 1881 1006 1918 ita
1030 1881 1199 1918 multum
1223 1880 1413 1918 frumenti
1438 1880 1647 1918 advectum
1663 1885 1733 1929 est,

240 1951 290 1988 10
308 1952 459 1988 nullum
490 1956 731 1990 momentum
762 1965 931 1989 annonae
963 1952 1120 1990 fecisset
1151 1956 1200 1999 et,
1230 1952 1433 1990 revolutus
1459 1951 1509 1989 ad
1533 1952 1732 2003 dispensa·

305 2022 455 2060 tionem
488 2024 645 2073 inopiae,
677 2023 860 2073 profiteri
883 2024 1061 2074 cogendo
1086 2025 1328 2062 frumentum
1357 2027 1396 2061 et
1411 2023 1593 2071 vendere,
1625 2023 1733 2074 quod

306 2094 395 2131 usui
427 2098 626 2132 menstruo
652 2098 887 2145 superesset,
917 2095 1219 2145 fraudandoque
1249 2099 1364 2145 parte
1388 2095 1526 2134 diurni
1550 2095 1632 2134 cibi
1649 2109 1729 2134 ser-

309 2164 421 2211 vitia,
453 2166 700 2204 criminando
732 2167 825 2204 inde
857 2170 895 2204 et
926 2167 1155 2205 obiiciendo
1186 2167 1257 2204 irae
1283 2167 1425 2217 populi
1449 2167 1733 2206 frumentarios

237 2238 286 2275 11
306 2236 449 2274 acerba
476 2237 733 2286 inquisitione
760 2238 934 2288 aperiret
949 2238 1077 2287 magis
1094 2252 1213 2288 quam
1228 2239 1380 2276 levaret
1396 2238 1582 2288 inopiam,
1611 2238 1729 2277 multi

304 2320 352 2345 ex
384 2307 516 2357 plebe,
548 2321 616 2357 spe
648 2309 809 2355 amissa,
847 2310 979 2359 potius
1011 2323 1128 2359 quam
1158 2313 1204 2347 ut
1233 2309 1505 2347 cruciarentur
1533 2309 1729 2348 trahendo

304 2379 496 2426 animam,
535 2379 734 2428 capitibus
776 2380 978 2419 obvolutis
1009 2394 1050 2419 se
1081 2381 1123 2418 in
1154 2380 1333 2418 Tiberim
1362 2381 1729 2431 praecipitaverunt.

175 2446 227 2495 13
300 2450 401 2487 Tum
427 2449 494 2500 Sp.
513 2450 671 2487 Maelius
702 2463 749 2487 ex
780 2453 955 2500 equestri
981 2452 1135 2500 ordine,
1167 2456 1211 2490 ut
1233 2452 1319 2490 illis
1340 2453 1599 2503 temporibus,
1628 2465 1728 2503 prae-

303 2521 430 2568 dives,
472 2535 555 2559 rem
595 2522 732 2559 utilem
763 2523 932 2572 pessimo
965 2524 1165 2573 exemplo,
1207 2523 1343 2573 peiore
1373 2523 1539 2561 consilio
1570 2526 1629 2562 est
1659 2537 1727 2574 ag-

263 2593 285 2628 2
305 2605 471 2641 gressus.
532 2593 746 2631 Frumento
786 2606 956 2642 namque
995 2607 1044 2631 ex
1075 2595 1238 2632 Etruria
1274 2594 1432 2645 privata
1460 2595 1629 2644 pecunia
1656 2607 1730 2646 per

302 2663 506 2714 hospitum
538 2664 820 2714 clientiumque
852 2664 1075 2703 ministeria
1105 2668 1295 2715 coempto,
1334 2677 1434 2715 quae,
1471 2665 1600 2713 credo,
1640 2666 1728 2717 ipsa
