1821 2928
400 215 473 250 132
837 223 923 248 Liber
943 222 1027 247 vm.
1064 221 1111 251 (Α.
1132 230 1158 247 u.
1179 230 1203 247 c.
1222 224 1293 249 429.)

296 339 318 374 *2
338 337 475 374 bunali
494 336 732 373 descendere
750 336 890 385 legati;
921 341 959 373 et
985 337 1146 374 silentio
1170 337 1432 387 nequicquam
1455 351 1526 387 per
1541 351 1759 388 praeconem

336 410 500 447 tentato,
531 417 660 453 quum·
683 418 764 454 prae
795 405 964 454 strepitu
997 418 1041 442 ac
1072 405 1245 442 tumultu
1284 419 1355 442 nec
1387 406 1514 454 ipsius
1553 406 1762 445 dictatoris

337 487 405 510 nec
437 473 711 522 apparitorum
743 473 827 509 eius
853 486 929 509 vox
955 473 1174 518 audiretur,
1205 486 1282 509 nox
1310 473 1419 510 velut
1444 473 1487 510 in
1511 474 1655 522 proelio
1680 487 1761 512 cer·

298 543 320 576 3
338 541 481 579 tamini
512 541 629 577 finem
661 541 766 578 fecit.
811 540 1007 589 Magister
1039 540 1230 589 equitum,
1262 540 1389 578 iussus
1420 545 1579 590 postero
1611 541 1678 579 die
1694 542 1761 580 ad-

336 623 428 655 esse,
460 622 580 658 quum
612 623 745 646 omnes
775 609 1031 655 affirmarent,
1069 608 1248 646 infestius
1279 608 1490 658 Papirium
1521 622 1762 657 exarsurum,

335 678 529 726 agitatum
555 678 809 715 contentione
828 677 913 726 ipsa
938 675 1310 725 exacerbatumque,
1342 677 1441 714 clam
1461 691 1508 715 ex
1524 678 1666 715 castris
1682 678 1760 716 Ro-

297 745 320 781 4
338 759 439 782 mam
457 745 653 794 profugit3
686 748 724 782 et
754 748 867 794 patre
899 748 1059 782 auctore
1081 745 1136 781 M.
1153 744 1294 791 Fabio,
1326 745 1394 794 qui
1426 748 1486 782 ter
1518 745 1598 783 iam
1624 746 1760 783 consul

336 814 588 862 dictatorque
604 813 743 859 fuerat,
774 818 914 851 vocato
933 813 1129 862 extemplo
1148 815 1297 858 senam,
1329 826 1449 861 quum
1474 813 1643 850 maxime
1669 827 1759 851 con-

335 885 566 931 quereretur
589 881 696 930 apud
727 885 861 930 patres
884 881 965 918 vim
992 884 1111 931 atque
1137 880 1324 917 iniuriam
1349 880 1567 928 dictatoris,
1597 884 1760 932 repente

296 949 318 985 5
336 950 526 999 strepitus
558 953 648 986 ante
680 949 829 986 curiam
855 949 1041 987 lictorum
1064 949 1395 986 summoventium
1413 949 1586 996 auditur,
1616 953 1655 987 et
1678 949 1761 1001 ipse

336 1018 511 1054 infensus
543 1017 692 1062 aderat,
722 1020 931 1066 postquam
959 1017 1150 1067 comperit
1173 1017 1395 1066 profectum
1418 1030 1465 1054 ex
1489 1018 1641 1065 castris,
1673 1031 1760 1055 cum

335 1086 521 1135 expedito
553 1085 734 1135 equitatu
765 1089 930 1122 secutus.
976 1086 1128 1123 ]1erata
1153 1085 1298 1122 deinde
1315 1085 1532 1133 content-io,
1564 1089 1604 1125 et-
1618 1085 1761 1136 prendi

294 1156 316 1187 ὅ
335 1153 506 1191 Fabium
532 1153 721 1203 Papirius
752 1154 877 1190 iussit.
938 1153 1020 1191 Ubi
1043 1167 1163 1203 quum
1188 1154 1494 1203 deprecantibus
1516 1154 1761 1203 primoribus

333 1225 491 1270 patrum
531 1225 650 1271 atque
690 1222 878 1259 universo
920 1225 1061 1258 senatu
1102 1226 1298 1271 perstaret
1331 1222 1370 1258 in
1403 1221 1563 1272 incepto
1595 1222 1761 1260 immitis

298 1290 318 1325 7
337 1290 502 1336 animus,
532 1293 617 1326 tum
643 1293 756 1339 pater
780 1290 835 1326 M.
852 1289 1005 1327 Fabius
1034 1289 1231 1337 „Quando
1256 1290 1442 1339 quidem“
1472 1290 1604 1340 inquit
1632 1290 1762 1340 „apud

333 1362 371 1394 te
402 1371 473 1394 nec
504 1358 723 1395 auctoritas
758 1361 916 1395 senatus
942 1371 1012 1395 nec
1040 1361 1135 1395 aetas
1161 1371 1263 1405 mea,
1302 1358 1365 1395 cui
1393 1359 1605 1396 orbitatem
1631 1372 1760 1408 paras,

334 1439 403 1462 nec
435 1426 564 1462 virtus
595 1426 865 1475 nobilitasque
896 1426 1080 1474 magistri
1119 1426 1297 1476 equitum
1329 1440 1351 1464 a
1380 1429 1420 1464 te
1450 1427 1536 1477 ipso
1566 1426 1761 1464 nominati

333 1494 450 1539 valet,
482 1507 551 1530 nec
583 1507 729 1543 preces,
761 1507 848 1543 quae
879 1507 981 1543 saepe
1012 1494 1164 1531 hostem
1195 1494 1447 1543 mitigavere,
1479 1507 1566 1544 quae
1598 1494 1760 1532 deorum

335 1561 413 1598 iras
443 1562 616 1610 placant,
645 1561 830 1599 tribunos
860 1562 988 1611 plebis
1020 1563 1179 1612 appello
1212 1567 1251 1600 et
1280 1576 1452 1612 provoco
1484 1563 1535 1600 ad
1558 1563 1761 1612 populum,

293 1628 317 1663 8
336 1643 502 1678 eumque
532 1629 620 1675 tibi,
650 1629 821 1677 fugienti
853 1630 1052 1667 exercitus
1074 1630 1146 1678 tui,
1177 1631 1347 1679 fugienti
1370 1634 1531 1668 senatus
1554 1630 1760 1677 iudicium,

336 1697 508 1734 iudicem
539 1697 633 1743 fero,
665 1697 733 1746 qui
767 1701 872 1735 certe
903 1711 1004 1735 unus
1035 1698 1124 1747 plus
1156 1711 1272 1747 quam
1303 1702 1374 1736 tua
1405 1698 1604 1736 dictatura
1630 1702 1760 1748 potest

334 1765 547 1814 polletque.
607 1764 772 1811 videro,
804 1778 1033 1803 cessurusne
1064 1767 1340 1816 provocationi
1372 1766 1442 1813 sis,
1488 1766 1551 1804 cui
1582 1779 1651 1804 rex
1679 1765 1758 1804 Ro-

294 1833 316 1867 9
335 1846 472 1870 manus
489 1833 630 1870 Tullus
652 1833 860 1871 Hostilius
891 1834 1045 1871 cessit.“
1108 1834 1168 1870 Ex
1201 1834 1311 1871 curia
1342 1834 1383 1870 in
1414 1834 1638 1872 contionem
1668 1834 1760 1872 itur.

335 1900 421 1947 Quo
453 1914 540 1937 cum
570 1902 708 1950 paucis
740 1902 929 1948 dictator,
970 1915 1057 1939 cum
1096 1903 1203 1939 omni
1235 1901 1391 1950 agmine
1422 1901 1647 1952 principum
1678 1915 1758 1940 ma-

333 1968 456 2015 gister
488 1969 666 2018 equitum
697 1981 829 2019 quum
861 1968 1113 2017 escendisset,
1145 1969 1287 2007 deduci
1319 1983 1406 2007 eum
1438 1970 1486 2007 de
1516 1969 1656 2007 rostris
1681 1969 1758 2007 Pa-

272 2035 320 2071 10
337 2035 464 2084 pirius
495 2037 534 2073 in
565 2041 719 2086 partem
745 2038 971 2075 inferiorem
996 2038 1122 2074 iussit.
1168 2036 1334 2075 Secutus
1360 2040 1473 2087 pa-ter
1493 2037 1627 2083 „Bene
1644 2037 1754 2087 agis“

335 2103 474 2152 inquit,
509 2118 653 2153 ⁷.quum
685 2119 729 2142 eo
761 2119 831 2143 nos
864 2104 1007 2143 deduci
1039 2105 1201 2153 iussisti,
1240 2105 1345 2143 unde
1376 2108 1415 2143 et
1445 2105 1593 2155 privati
1622 2119 1757 2143 vocem

334 2171 491 2208 mittere
522 2177 759 2220 possemus.“
836 2173 902 2210 Ibi
932 2174 1061 2222 primo
1092 2186 1171 2210 non
1207 2177 1288 2211 tam
1327 2177 1528 2224 perpetuae
1560 2174 1758 2212 orationes

268 2239 313 2275 11
335 2252 452 2288 quam
484 2240 691 2278 altercatio
723 2241 1050 2278 exaudiebantur.
1111 2241 1222 2279 Vicit
1260 2241 1403 2279 deinde
1441 2242 1651 2291 strepitum
1681 2255 1758 2279 vox

333 2311 370 2344 et
401 2307 627 2355 indignatio
645 2309 764 2345 Fabii
795 2309 910 2355 senis,
944 2309 1196 2358 increpantis
1218 2310 1443 2360 superbiam
1462 2309 1755 2347 crudelitatem-

266 2375 314 2410 12
335 2388 411 2424 que
442 2375 616 2424 Papirii:
662 2389 702 2412 se
733 2389 889 2425 quoque
921 2376 1156 2413 dictatorem
1187 2377 1323 2415 Romae
1364 2378 1497 2425 fuisse,
1541 2391 1612 2415 nec
1652 2391 1675 2415 a
1715 2391 1756 2415 se

333 2455 580 2491 quemquam,
613 2457 659 2480 ne
684 2444 811 2493 plebis
833 2444 993 2491 quidem
1018 2444 1228 2491 hominem,
1259 2459 1338 2483 non
1365 2445 1647 2491 centurionem,
1677 2458 1756 2483 non

270 2510 317 2545 13
335 2510 511 2555 militem,
541 2510 751 2554 violatum3
797 2509 1008 2559 Papirium
1048 2515 1237 2561 tanquam
1277 2526 1325 2549 ex
1364 2513 1537 2550 hostium
1578 2512 1755 2559 ducibus,

333 2578 387 2614 sic
419 2590 466 2614 ex
495 2577 697 2615 Romano
720 2577 958 2626 imperatore
997 2579 1206 2617 victoriam
1247 2583 1285 2616 et
1323 2579 1571 2629 triumphum
1610 2583 1755 2630 petere.

333 2645 534 2691 Quantum
566 2646 754 2682 interesse
787 2645 888 2682 inter
919 2647 1228 2684 moderationem
1261 2647 1514 2696 antiquorum
1545 2650 1586 2684 et
1613 2661 1755 2686 novam
