1821 2928
377 193 430 230 80
826 198 913 223 Liber
932 198 999 223 vn.
1036 198 1083 227 (A.
1103 206 1131 223 u.
1151 206 1176 223 c.
1195 200 1265 227 411.)

320 315 458 364 populi
476 314 647 350 Romani
680 314 762 351 fore
785 313 1008 358 videbatur,
1038 317 1169 349 tamen
1199 316 1311 350 tanta
1343 312 1520 350 utilitate
1550 312 1647 350 fides
1677 326 1744 350 an-

320 383 471 431 tiquior
511 382 605 426 fuit,
645 381 929 430 responditque
970 381 1025 417 ita
1056 394 1103 417 ex
1134 381 1369 418 auctoritate
1401 384 1559 417 senatus
1590 381 1744 418 consul:

279 451 302 486 9.
325 450 520 488 ..Auxilio
550 463 631 496 vos,
663 450 866 499 Campani.
899 450 1040 497 dignos
1072 453 1202 486 censet
1235 453 1411 494 senatus,
1443 449 1511 486 sed
1542 448 1598 486 ita
1612 448 1744 486 vobis-

321 532 407 555 cum
439 518 656 554 amicitiam
689 518 846 554 institui
876 531 947 566 par
979 521 1047 563 est,
1079 531 1125 553 ne
1158 531 1234 566 qua
1264 517 1459 554 vetustior
1490 516 1670 554 amicitia
1700 529 1743 554 ac

322 587 488 624 societas
533 586 715 623 violetur.
783 585 982 622 Samnites
1028 585 1234 622 nobiscum
1279 585 1425 621 foedere
1472 585 1597 622 iuncti
1643 587 1745 621 sunt.

328 656 464 704 ltaque
505 668 625 700 arma,
666 654 760 691 deos
800 654 909 703 prius
941 667 1057 703 quam
1100 654 1278 690 homines
1307 653 1517 699 violat-ura,
1558 653 1745 690 adversus

283 723 524 760 3Samnites
555 723 668 759 vobis
709 736 913 770 neganius;
959 723 1122 771 legatos,
1168 722 1271 758 sicut
1311 722 1371 758 ius
1412 721 1548 770 fasque
1580 724 1650 767 est,
1695 720 1744 757 ad

321 791 448 828 socios
471 795 589 840 atque
615 791 762 827 amicos
787 794 990 839 precatum
1015 790 1227 836 mittemus,
1258 803 1305 826 ne
1331 803 1408 838 qua
1423 788 1538 826 vobis
1553 789 1614 826 vis
1637 787 1741 824 fiat.“

323 859 391 896 Ad
423 874 467 896 ea
497 859 682 908 princeps
714 859 928 903 legationis
960 858 1032 905 (sic
1065 858 1169 895 enim
1196 858 1311 895 domo
1344 857 1573 894 mandatum
1604 855 1744 893 attule-

322 931 426 971 rant)
463 927 658 974 ..Quando
700 927 885 975 quidem··
922 927 1052 975 inquit
1087 930 1247 972 „nostra
1286 925 1390 962 tueri
1437 925 1625 962 adversus
1665 924 1745 961 vim

324 1000 441 1045 atque
484 995 669 1032 iniuriam
713 995 815 1031 iusta
846 995 886 1030 vi
927 1009 1003 1031 non
1044 995 1176 1041 vultis,
1215 997 1347 1031 vestra
1377 996 1482 1030 certe
1514 992 1746 1030 defendetis.

282 1064 307 1099 4
325 1065 466 1114 ]taque
497 1064 688 1113 populum
707 1062 950 1111 Campanum
973 1062 1189 1112 urbemque
1207 1062 1392 1112 Capuam,
1424 1074 1550 1110 agrOS,
1580 1059 1748 1097 delubra

323 1132 450 1177 deum,
482 1131 619 1168 divina
641 1131 890 1179 humanaque
908 1130 1039 1167 onmia
1072 1131 1112 1167 in
1142 1134 1325 1177 vestram,
1355 1133 1487 1180 patres
1518 1127 1747 1177 conscripti,

323 1200 541 1249 populique
550 1198 721 1236 Romani
740 1198 938 1235 dicionem
956 1198 1148 1245 dedimus,
1166 1198 1359 1248 quicquid
1377 1197 1522 1235 deinde
1538 1196 1746 1247 patiemur,

281 1268 506 1305 5deditic-ii
537 1268 659 1304 vestri
701 1268 892 1316 passui-ix*
957 1266 1039 1303 Sub
1081 1267 1163 1303 haee
1206 1267 1313 1303 dicta
1344 1280 1488 1312 omnes,
1528 1278 1664 1302 manus
1695 1263 1746 1301 ad

323 1337 502 1373 consules
532 1337 751 1381 tendentes,
782 1336 891 1384 pleni
924 1335 1175 1372 lacrimarum
1208 1335 1249 1371 in
1280 1334 1476 1371 vestibulo
1509 1333 1627 1370 curiae
1658 1345 1746 1381 pro-

283 1406 306 1439 6
325 1404 557 1441 cubuerunt.
618 1403 814 1440 Commoti
846 1407 978 1452 patres
1008 1404 1096 1440 vice
1126 1403 1374 1440 fortunarum
1405 1403 1676 1438 humanarum.
1714 1399 1747 1436 si

326 1473 390 1509 ille
421 1476 643 1521 praepotens
675 1472 817 1521 opibus
848 1472 1029 1521 populus,
1067 1471 1226 1508 luxuria
1257 1471 1523 1520 superbiaque
1555 1469 1694 1516 clarus,
1726 1483 1748 1505 a

324 1553 400 1588 quo
432 1541 551 1588 paulo
570 1543 659 1576 ante
684 1541 879 1577 auxilium
909 1539 1070 1576 finitimi
1101 1539 1302 1588 petissent,
1333 1539 1430 1576 adeo
1463 1538 1652 1575 infractos
1683 1549 1748 1585 ge-

326 1611 429 1644 reret
460 1608 623 1653 animos,
653 1612 694 1644 ut
728 1622 766 1644 se
799 1609 883 1657 ipse
916 1621 1062 1656 suaque
1090 1607 1223 1644 onmia
1240 1606 1451 1657 potestatis
1483 1606 1622 1643 alienae
1646 1605 1746 1650 face-

287 1677 398 1711 7ret.
458 1674 559 1711 Tum
592 1675 666 1712 iam
700 1676 796 1712 fides
828 1675 893 1723 agi
924 1675 1020 1721 visa,
1053 1674 1209 1711 deditos
1240 1688 1319 1711 non
1350 1674 1484 1724 prodi,
1522 1687 1592 1710 nec
1623 1674 1746 1709 factu-

323 1756 409 1779 rum
440 1756 551 1791 aequa
569 1742 807 1780 Samnitium
839 1743 1029 1792 populum
1054 1742 1276 1789 censebant,
1307 1742 1340 1778 si
1371 1754 1507 1790 agrum
1531 1740 1747 1789 urbemque

283 1812 396 1860 Sper
428 1810 671 1848 deditionem
702 1812 844 1848 factam
876 1811 1015 1860 populi
1039 1810 1211 1847 Romani
1244 1813 1530 1859 oppugnarent.
1576 1809 1748 1857 Legatos

332 1879 465 1927 itaque
498 1879 695 1928 extemplo
726 1880 832 1916 mitti
875 1878 923 1916 ad
957 1877 1155 1915 Sanmites
1185 1878 1347 1927 placuit.
1407 1878 1516 1914 Data
1552 1875 1749 1922 mandata,

325 1950 368 1983 ut
405 1961 540 1995 preces
572 1946 874 1996 Campanorum,
911 1960 1142 1996 responsum
1181 1950 1338 1983 senatus
1376 1945 1563 1983 amicitiae
1595 1943 1747 1981 Samni-

324 2014 423 2051 tium
456 2028 615 2061 memor,
646 2015 890 2051 deditionem
920 2019 1118 2064 postremo
1148 2015 1293 2052 factam
1310 2013 1557 2050 Samnitibus
1580 2026 1747 2062 expone-

287 2085 309 2117 ξ)
330 2087 435 2127 rent3
466 2086 644 2131 peterent
663 2096 734 2131 pro
752 2083 941 2119 societate
959 2083 1227 2131 amicitiaque,
1257 2086 1301 2118 ut
1325 2081 1531 2118 dediticiis
1555 2080 1636 2117 suis
1659 2093 1746 2129 par-

325 2154 459 2187 cerent
488 2163 614 2198 neque
647 2150 689 2186 in
720 2164 806 2187 eum
839 2164 988 2199 agrum,
1019 2150 1087 2199 qui
1119 2150 1259 2199 populi
1277 2149 1448 2187 Romani
1477 2148 1605 2185 factus
1636 2151 1748 2194 esset,

265 2219 494 2256 thostilia
525 2231 635 2254 arma
668 2218 875 2265 inferrent;
907 2219 940 2255 si
972 2219 1116 2256 leniter
1147 2219 1299 2266 agendo
1331 2231 1470 2267 parum
1501 2216 1748 2266 proficerent,

329 2287 609 2324 denuntiarent
649 2284 893 2322 Samnitibus
935 2286 1073 2336 populi
1114 2286 1286 2323 Romani
1327 2288 1563 2334 senatusque
1603 2283 1749 2328 verbis,

262 2357 308 2391 11
330 2360 372 2392 ut
405 2355 540 2404 Capua
576 2354 675 2391 urbe
708 2354 986 2403 Campanoque
1018 2367 1112 2402 agro
1147 2354 1404 2390 abstinerent.
1477 2352 1575 2390 Haee
1606 2351 1750 2400 legatis

329 2423 540 2471 agentibus
574 2422 614 2459 in
647 2421 816 2458 concilio
835 2420 1073 2458 Samnitium
1099 2421 1196 2458 adeo
1225 2425 1283 2458 est
1299 2421 1483 2458 ferociter
1508 2432 1749 2469 responsum,

328 2495 370 2527 ut
401 2504 480 2527 non
511 2490 638 2526 solum
669 2492 847 2535 gesturos
878 2502 917 2525 se
949 2503 1030 2525 esse
1055 2489 1231 2526 dicerent
1264 2489 1306 2525 id
1336 2488 1497 2534 bellum,
1527 2486 1595 2523 sed
1625 2485 1748 2533 magi-

329 2562 475 2595 stratus
507 2571 653 2603 eorum,
700 2572 718 2593 e
757 2558 867 2594 curia
914 2557 1073 2605 egressi,
1119 2556 1315 2593 stantibus
1345 2555 1499 2603 legatis,
1543 2553 1749 2603 praefectos
