1821 2928
397 213 479 250 234
857 224 946 249 Liber
963 224 1000 249 X.
1037 223 1085 252 (A.
1106 223 1156 249 ch.
1175 224 1245 254 460.)

293 339 395 375 9t-us
440 338 583 382 factus,
629 338 762 388 itaque
810 342 967 387 captum
1009 339 1264 389 quaestorium
1311 343 1562 390 quaestorque
1606 340 1665 378 ibi
1708 341 1754 379 L.

198 401 257 449 33
332 405 513 455 Opimius
544 405 678 443 Pansa
708 406 871 444 occisus.
933 407 1232 445 Conclamatum
1268 408 1361 446 inde
1391 408 1442 446 ad
1472 422 1592 446 arma.
1652 409 1752 447 Con-

330 474 403 521 sul,
434 475 608 512 tumultu
640 475 803 522 excitus,
835 475 1017 514 cohortes
1049 476 1146 514 duas
1177 475 1384 524 sociorum,
1414 476 1616 514 Lucanam
1639 476 1754 516 Sues-

330 556 560 592 sanamque,
592 556 678 593 quae
709 543 899 593 proximae
929 543 1032 581 forte
1063 547 1191 592 erant,
1227 545 1333 582 tueri
1362 545 1593 595 praetorium
1623 545 1754 593 iubet3

287 612 310 648 2
329 611 555 661 manipulos
600 612 800 661 legionum
844 612 1062 662 principali
1100 613 1165 650 via
1205 613 1371 650 inducit.
1439 613 1620 652 Vixdum
1658 613 1754 652 satis

329 680 476 729 aptatis
508 680 628 717 armis
659 680 700 717 in
731 680 889 718 ordines
921 684 1016 718 eunt
1046 684 1084 718 et
1114 681 1285 719 clamore
1322 682 1446 731 magis
1477 696 1596 732 quam
1626 681 1754 720 oculis

328 747 478 785 hostem
510 753 688 797 noscunt,
732 763 815 795 nec,
862 752 1032 798 quantus
1064 762 1247 788 numerus
1284 750 1347 797 sit,
1393 751 1582 789 aestimari
1611 753 1753 800 potest.

290 817 313 854 3
332 816 488 854 Cedunt
517 818 663 867 primo,
702 818 847 855 incerti
879 818 1049 855 fortunae
1080 831 1177 864 suae,
1216 821 1255 855 et
1284 818 1436 855 hostem
1466 819 1683 857 introrsum
1712 818 1755 855 in

325 885 456 922 media
486 889 616 923 castra
646 886 863 935 accipiunt3
895 886 1007 933 inde,
1039 900 1159 935 quum
1191 886 1326 924 consul
1356 887 1658 933 vociferaretur,
1688 900 1753 924 ex-

325 953 483 1002 pulsine
515 957 628 991 extra
657 955 805 992 vallum
845 958 976 992 castra
1016 955 1160 992 deinde
1200 968 1270 992 sua
1310 955 1578 1005 oppugnaturi
1617 958 1754 1001 essent,

286 1022 518 1070 4rogitans,
550 1023 720 1060 clamore
751 1023 905 1060 sublato
938 1023 1099 1060 connixi
1129 1023 1257 1072 primo
1287 1023 1488 1071 resistunt,
1520 1023 1666 1061 deinde
1695 1023 1754 1060 in-

325 1090 458 1127 ferunt
497 1091 639 1141 pedem
677 1095 908 1141 urgentque,
956 1095 994 1129 et
1034 1092 1223 1141 impulsos
1264 1092 1384 1129 semel
1423 1095 1576 1129 terrore
1616 1090 1754 1128 eodem

327 1158 492 1209 [agunt],
538 1173 615 1209 quo
657 1164 875 1209 coeperant,
921 1160 1126 1209 expellunt
1165 1163 1279 1198 extra
1319 1163 1477 1210 portam
1514 1159 1753 1209 vallumque.

287 1226 427 1265 5Inde
458 1241 623 1277 pergere
653 1241 697 1265 ac
727 1228 931 1277 persequi,
962 1228 1058 1277 quia
1088 1228 1251 1265 turbida
1282 1228 1351 1265 lux
1381 1232 1530 1266 metum
1560 1227 1667 1266 circa
1695 1226 1753 1264 in-

325 1295 518 1333 sidiarum
548 1296 730 1342 faciebat,
760 1309 840 1333 non
872 1296 968 1343 ausi,
1000 1296 1180 1334 liberatis
1213 1297 1354 1334 castris
1393 1296 1567 1335 contenti
1597 1309 1752 1345 recepe-

287 1364 309 1400 6
327 1367 421 1401 runt
447 1378 486 1401 se
512 1364 618 1402 intra
643 1365 805 1411 vallum,
833 1365 1023 1402 trecentis
1054 1366 1176 1402 ferme
1201 1365 1375 1402 hostium
1401 1365 1554 1403 occisis.
1606 1364 1752 1402 Roma-

325 1445 465 1469 norum
496 1433 682 1470 stationis
713 1433 852 1483 primae
882 1433 1131 1483 vigilumque
1163 1436 1202 1470 et
1232 1447 1377 1481 eorum,
1409 1434 1481 1484 qui
1512 1434 1617 1471 circa
1647 1444 1751 1481 quae-

325 1500 492 1538 storium
524 1501 715 1550 oppressi,
745 1501 898 1551 periere
930 1501 979 1538 ad
1011 1502 1282 1551 septingentos
1312 1502 1491 1551 triginta.

288 1567 309 1603 7
441 1568 610 1607 Animos
641 1570 734 1607 inde
766 1568 1012 1607 Samnitibus
1043 1583 1122 1607 non
1153 1570 1293 1608 infelix
1334 1570 1502 1608 audacia
1542 1568 1673 1615 auxit,
1715 1571 1754 1604 et

324 1648 403 1672 non
434 1637 548 1674 modo
580 1638 758 1687 proferre
799 1638 892 1675 inde
934 1641 1063 1675 castra
1092 1639 1332 1686 Romanum,
1372 1638 1440 1676 sed
1479 1652 1528 1676 ne
1566 1635 1752 1687 pabulari

326 1704 484 1752 quidem
515 1719 588 1754 per
618 1719 733 1755 agros
765 1720 854 1743 suos
885 1707 1158 1756 patiebantur3
1204 1711 1310 1744 retro
1349 1707 1391 1744 in
1419 1710 1605 1757 pacatum
1635 1703 1751 1742 Sora-

283 1772 308 1808 8
326 1785 419 1808 num
449 1787 588 1821 agrum
617 1774 875 1823 pabulatores
906 1775 1028 1811 ibant.
1091 1775 1267 1822 Quarum
1296 1788 1429 1812 rerum
1459 1775 1575 1821 fama,
1604 1772 1751 1810 tumul-

323 1841 476 1878 tuosior
507 1842 626 1879 etiam
658 1855 775 1892 quam
806 1857 868 1880 res
900 1846 1003 1889 erat,
1044 1843 1198 1892 perlata
1227 1843 1395 1880 Romam
1435 1842 1567 1891 coegit
1595 1841 1641 1878 L.
1672 1839 1750 1876 Po-

285 1909 307 1944 9
325 1909 513 1946 stumium
545 1911 744 1948 consulem
773 1911 937 1948 vixdum
967 1910 1145 1948 validum
1175 1911 1375 1960 proficisci
1399 1925 1447 1948 ex
1470 1911 1579 1948 urbe.
1630 1908 1751 1946 Prius

320 1980 454 2014 tamen
485 1991 603 2027 quam
634 1979 772 2026 exiret,
804 1979 1000 2016 militibus
1032 1979 1163 2016 edicto
1195 1977 1334 2016 Soram
1372 1979 1491 2017 iussis
1529 1976 1752 2023 convenire,

322 2045 406 2095 ipse
438 2046 560 2083 aedem
578 2046 782 2093 Victoriae,
815 2060 931 2096 quam
956 2047 1085 2084 aedilis
1108 2047 1257 2084 curulis
1281 2061 1327 2084 ex
1344 2047 1567 2085 multaticia
1582 2044 1752 2096 pecunia

256 2113 306 2149 10
323 2113 547 2151 faciendam
579 2119 800 2162 curaverat,
839 2115 1051 2153 dedicavit.
1110 2115 1176 2152 Ita
1207 2115 1257 2152 ad
1294 2116 1509 2154 exercitum
1539 2113 1752 2164 profectus,

322 2182 371 2219 ab
404 2180 505 2219 Sora
535 2182 576 2219 in
608 2181 812 2220 Samnium
843 2183 894 2221 ad
926 2186 1054 2221 castra
1084 2183 1248 2232 collegae
1278 2184 1466 2233 perrexit.
1511 2182 1614 2220 Inde
1643 2183 1750 2231 post·

322 2263 440 2298 quam
471 2248 682 2298 Samnites,
714 2251 837 2288 diffisi
869 2252 1023 2288 duobus
1048 2251 1290 2288 exercitibus
1313 2251 1449 2289 resisti
1470 2265 1596 2302 posse,
1624 2262 1750 2287 reces-

320 2321 469 2364 serunt,
500 2317 648 2355 diversi
681 2320 863 2356 consules
894 2319 944 2356 ad
974 2319 1188 2356 vastandos
1226 2333 1343 2368 agros
1372 2321 1569 2370 urbesque
1598 2330 1748 2369 oppug-

190 2379 247 2427 34
322 2386 475 2423 nandas
507 2386 729 2424 discedunt.
787 2387 1022 2424 Postumius
1052 2387 1280 2425 Milioniam
1317 2401 1546 2438 oppugnare
1586 2386 1749 2424 adortus

320 2453 360 2490 vi
385 2454 516 2503 primo
543 2458 660 2504 atque
686 2454 849 2504 impetu,
876 2455 979 2502 dein,
1005 2459 1216 2505 postquam
1244 2470 1289 2493 ea
1313 2470 1453 2505 parum
1470 2454 1747 2505 procedebant,

276 2522 299 2557 2
319 2534 448 2570 opere,
482 2522 558 2572 [ac]
589 2522 719 2560 vineis
750 2523 907 2560 demum
925 2523 1116 2560 iniunctis
1133 2537 1245 2561 muro
1262 2524 1377 2573 cepit.
1420 2524 1499 2571 Ibi,
1532 2525 1647 2572 capta
1669 2521 1748 2558 iam

319 2589 429 2636 urbe,
461 2589 511 2626 ab
542 2590 641 2627 hora
672 2594 813 2640 quarta
844 2604 967 2640 usque
999 2592 1050 2629 ad
1081 2596 1258 2629 octavam
1289 2592 1370 2629 fere
1400 2592 1539 2629 horam
1565 2589 1748 2627 omnibus

319 2657 499 2707 partibus
544 2657 657 2695 urbis
703 2658 773 2695 diu
812 2658 960 2696 incerto
1001 2662 1143 2696 eventu
1178 2663 1396 2708 pugnatum
1428 2661 1504 2705 est,
1548 2662 1747 2709 postremo
