1821 2928
492 89 608 126 Liber
632 89 701 125 lv,
750 91 810 135 (A.
837 90 902 126 eh.
927 90 1135 132 446—444.)
1446 93 1528 131 203

95 214 239 255 habita
268 218 515 268 plebeiorum
546 221 662 259 esset.
737 218 854 256 Hanc
884 218 1119 256 modestiam
1152 218 1458 268 aequitatemque
1489 221 1529 255 et
1549 218 1598 255 12

95 287 352 328 altitudinem
382 291 505 328 animi
535 290 742 329 ubi-nunc
773 291 814 328 in
837 304 917 328 uno
942 290 1154 338 inveneris,
1186 303 1274 340 quae
1290 293 1373 327 tum
1389 289 1530 340 populi

89 359 271 399 universi
301 361 409 400 fuit‘?

206 432 327 472 Anno
365 434 646 472 trecentesimo
689 434 859 481 decimo,
905 447 1024 484 quam
1063 434 1158 472 urbs
1197 434 1327 472 Roma
1365 433 1526 472 condita
1615 429 1640 478 7

93 507 204 555 erat,
249 506 420 556 primum
465 506 620 544 tribuni
661 506 834 544 militum
871 519 944 556 pro
983 506 1214 544 consulibus
1252 506 1528 555 magistratum
1547 495 1736 562 ἓζιέζζξὲὲζ

96 575 245 624 ineunt,
277 576 329 615 A.
350 576 610 628 Sempronius
631 577 857 626 Atratinus,
890 577 936 615 L.
954 577 1122 627 Atilius,
1153 577 1200 617 Τ.
1220 577 1400 627 Cloelius,
1433 591 1530 628 quo-

92 661 180 686 rum
219 648 261 708 in
301 650 538 699 magistratu
577 649 793 688 concordia
833 648 939 687 domi
981 662 1118 699 paoem
1151 650 1270 687 etiam
1300 650 1398 687 foris
1429 662 1528 699 prae—

90 719 193 760 buit.
255 720 377 768 Sunt,
415 722 486 772 qui
524 725 690 772 propter
721 721 921 760 adiectum
952 721 1178 771 AEquorum
1212 721 1569 771 Volscorumque2

89 792 200 830 bello
232 796 272 831 et
302 793 544 832 Ardeatium
577 794 794 831 defectioni
824 793 976 832 Veiens
1007 793 1169 840 bellum,
1201 793 1295 843 quia
1327 794 1406 831 duo
1438 805 1528 830 con-

87 865 198 903 sules
229 865 342 904 obire
372 869 434 903 tot
463 867 585 904 simul
616 866 726 904 bella
756 866 987 916 nequirent,
1026 865 1210 903 tribunos
1242 865 1414 902 militum
1447 868 1529 902 tres

89 940 246 975 creatos
278 937 425 984 dicant,
458 938 544 976 sine
575 938 777 976 mentione
808 937 1072 988 promulgatae
1096 937 1198 987 legis
1221 937 1269 975 de
1295 937 1528 975 consulibus

90 1008 274 1047 creandis
305 1023 353 1047 ex
384 1010 514 1060 plebe,
547 1014 587 1048 et
610 1010 778 1061 imperio
803 1012 842 1047 et
867 1009 1092 1059 insignibus
1119 1009 1400 1047 consularibus
1423 1021 1526 1046 usos.

89 1081 181 1120 Non
210 1084 343 1120 tamen
375 1095 447 1132 pro
478 1082 635 1120 firmato
666 1083 744 1120 iam
775 1082 886 1120 stetit
916 1081 1176 1130 magistratus
1207 1081 1291 1119 eius
1322 1081 1395 1131 ius,
1429 1081 1525 1131 quia
1543 1081 1567 1118 3

87 1153 210 1192 tertio
241 1167 392 1201 mense,
433 1168 551 1204 quam
594 1155 791 1204 inierunt,
835 1166 1028 1203 augurum
1063 1152 1241 1200 decreto,
1280 1153 1446 1203 perinde
1479 1166 1524 1191 ac

86 1226 186 1264 vitio
219 1226 361 1273 creati,
407 1226 557 1264 honore
589 1227 740 1274 abiere,
787 1226 895 1276 quod
927 1225 970 1264 O.
1006 1225 1189 1274 Curtius,
1238 1226 1307 1274 qui
1350 1224 1526 1262 comitiis

86 1311 225 1337 eorum
255 1298 486 1348 praefuerat,
518 1312 658 1348 parum
690 1302 796 1336 recte
825 1297 1128 1336 tabernaculum
1160 1296 1343 1347 cepisset.

202 1370 346 1418 Legati
379 1371 428 1408 ab
460 1370 600 1408 Ardea
630 1371 799 1408 Romam
829 1372 1037 1415 venerunt,
1080 1369 1137 1407 ita
1169 1369 1218 1407 de
1248 1369 1398 1406 iniuria
1430 1369 1564 1418 que-4

90 1445 236 1488 rentes,
266 1445 322 1488 ut,
354 1442 388 1479 si
419 1441 646 1480 demeretur
676 1455 735 1491 ea,
769 1442 809 1479 in
841 1441 988 1479 foedere
1021 1445 1140 1491 atque
1165 1440 1343 1478 amicitia
1369 1453 1525 1478 mansu-

87 1526 155 1551 ros
200 1513 388 1551 restituto
433 1527 529 1563 agro
576 1518 800 1564 appareret.
876 1514 942 1550 Ab
988 1516 1128 1551 senatu
1174 1526 1407 1562 responsum
1455 1515 1524 1559 est,
1544 1512 1567 1549 5

89 1585 283 1623 iudicium
323 1586 464 1636 populi
505 1587 683 1624 rescindi
721 1587 770 1624 ab
810 1589 951 1623 senatu
983 1599 1060 1623 non
1094 1598 1223 1635 posse,
1261 1589 1525 1635 praeterquam

87 1657 196 1709 quod
227 1657 339 1695 nullo
372 1671 442 1696 nec
475 1659 658 1709 exemplo
683 1672 755 1696 nec
784 1659 870 1696 iure
885 1657 1011 1704 fieret,
1043 1657 1265 1694 concordiae
1283 1657 1404 1695 etiam
1422 1656 1525 1694 ordi-

86 1742 182 1768 num
242 1743 379 1776 causa3
441 1731 474 1768 si
520 1730 721 1768 Ardeates
773 1744 844 1768 sua
898 1734 1078 1780 tempora
1125 1733 1354 1779 exspectare
1399 1729 1523 1767 velint
1542 1729 1565 1766 6

87 1802 380 1852 arbitriumque
421 1803 580 1840 senatui
623 1803 802 1841 levandae
842 1803 1000 1840 iniuriae
1032 1815 1112 1840 suae
1141 1801 1397 1851 permittant,
1430 1801 1526 1847 fore,

85 1878 131 1912 ut
160 1874 369 1924 postmodo
400 1875 617 1924 gaudeant,
650 1888 690 1912 se
722 1875 790 1911 irae
816 1874 1056 1922 moderatos,
1089 1873 1309 1922 sciantque,
1340 1872 1526 1923 patribus

87 1959 198 1997 aeque
222 1959 326 1984 curae
352 1946 485 1992 fuisse,
518 1960 566 1983 ne
592 1960 670 1996 qua
702 1947 853 1983 iniuria
883 1947 924 1984 in
957 1959 1023 1983 eos
1055 1949 1249 1990 oreretur,
1280 1957 1337 1993 ao,
1371 1957 1420 1982 ne
1437 1948 1524 1982 orta

88 2018 282 2057 diuturna
313 2022 425 2056 esset.
496 2018 560 2056 Ita
591 2019 727 2068 legati,
760 2032 882 2068 quum
914 2031 955 2056 se
986 2031 1068 2055 rem
1101 2018 1296 2066 integram
1330 2017 1526 2055 relaturos
1547 2017 1568 2053 7

86 2090 295 2140 dixissent,
328 2091 493 2127 comiter
524 2090 688 2128 dimissi.

201 2162 391 2208 Patricii,
423 2175 544 2211 quum
576 2162 662 2199 sine
694 2163 824 2200 curuli
856 2162 1089 2211 magistratu
1125 2175 1188 2199 res
1219 2160 1380 2211 publica
1413 2164 1526 2206 esset,

39 2263 42 2266 -
86 2235 216 2273 coiere
246 2239 286 2272 et
316 2235 557 2283 interregem
589 2246 785 2272 creavere.
848 2233 1076 2283 Contentio,
1108 2233 1340 2271 consulesne
1372 2246 1421 2270 an
1452 2233 1525 2270 tri-

85 2306 184 2344 buni
214 2306 387 2344 militum
419 2311 672 2354 crearentur,
719 2306 761 2343 in
800 2305 1032 2355 interregno
1064 2319 1148 2343 rem
1180 2304 1265 2342 dies
1297 2305 1526 2354 complures

85 2379 228 2417 tenuit.
274 2377 460 2415 Interrex
491 2391 535 2414 ac
565 2381 738 2427 senatus,
771 2378 979 2416 consulum
1006 2377 1180 2426 comitia,
1213 2376 1370 2414 tribuni
1397 2375 1528 2425 plebis
1546 2375 1572 2411 8

85 2453 128 2489 et
154 2450 282 2501 plebs,
311 2449 565 2487 tribunorum
598 2449 773 2487 militum
804 2454 850 2487 ut
879 2450 1113 2495 habeantur,
1144 2448 1328 2487 tendunt.
1376 2446 1522 2484 Vicere

85 2526 238 2573 patrea,
278 2522 373 2572 quia
402 2525 442 2559 et
471 2521 604 2572 plebs,
642 2521 824 2571 patriciis
856 2535 925 2559 seu
955 2521 1062 2559 hunc
1094 2534 1164 2559 seu
1198 2521 1308 2557 illum
1341 2518 1525 2556 delatura

87 2594 296 2640 honorem,
342 2594 491 2631 frustra
532 2597 685 2631 certare
726 2577 952 2643 supersedit
992 2597 1032 2630 et
1068 2592 1274 2643 principes
1314 2590 1445 2640 plebis
1476 2591 1564 2628 ea9

88 2665 251 2703 comitia
283 2665 498 2714 malebant,
530 2665 677 2715 quibus
707 2678 786 2702 non
811 2665 1027 2702 haberetur
1050 2664 1155 2702 ratio
1179 2676 1262 2710 sua,
1297 2675 1414 2712 quam
1440 2663 1526 2712 qui·
