1821 2928
283 140 336 178 86
668 134 783 170 Liber
806 134 859 170 11.
909 136 970 179 (A.
996 147 1032 170 u.
1058 147 1087 170 0,
1114 137 1323 180 259—260.)

285 263 440 308 itinere,
472 266 557 299 tum
588 261 845 312 populatione
876 267 1081 310 nocturna,
1112 276 1256 312 magua
1279 276 1372 313 pars
1389 263 1429 300 in
1445 263 1556 301 villis
1571 263 1716 313 repleti
1815 256 1821 298 l

286 335 376 373 cibo
408 335 591 383 vinoque,
621 334 689 371 vix
719 334 822 384 fugae
854 335 960 385 quod
991 335 1089 373 satis
1122 337 1226 372 esset
1255 334 1398 372 virium
1430 335 1616 373 habuere.
1817 323 1821 374 l

236 405 263 442 4
393 406 518 444 Nocte
551 418 631 442 una
661 405 800 443 audito
832 407 1091 456 perfectoque
1117 406 1221 443 bello
1254 404 1416 452 Sabino,
1447 410 1607 456 postero
1641 405 1718 453 die,
1818 395 1821 398 ¹

290 479 330 515 111
362 491 503 527 magna
534 477 612 515 iam
644 490 713 527 spe
744 477 921 527 undique
954 482 1076 528 partae
1108 478 1231 528 pacis,
1265 478 1388 526 legati
1405 477 1590 515 Aurunci
1606 490 1716 515 sena·

287 553 372 586 tum
404 549 565 596 adeunt,
599 549 641 585 ni
681 548 896 587 decedatur
944 549 1090 587 Volsco
1137 563 1246 598 agro,
1285 549 1436 587 bellum
1483 549 1716 588 indicentes.

248 620 271 657 5
291 621 390 659 Cum
421 621 565 670 legatis
589 620 706 657 simul
723 621 925 658 exercitus
951 620 1233 659 Auruncorum
1261 621 1375 658 domo
1393 621 1594 671 profectus
1611 625 1716 667 erat;

289 693 398 730 cuius
444 693 548 730 fama
587 692 693 730 haud
735 693 875 743 procul
916 693 994 730 iam
1041 693 1089 730 ab
1122 693 1264 730 Aricia
1295 692 1371 730 visi
1401 695 1512 730 tanto
1543 692 1718 730 tumultu

288 765 459 802 concivit
489 764 702 811 Romanos,
733 769 774 801 ut
807 778 877 801 nec
911 764 1066 801 consuli
1100 765 1239 802 ordine
1265 769 1399 814 patres
1430 777 1502 802 nec
1533 768 1718 814 pacatum

286 849 518 886 responsum
551 849 659 873 arma
693 836 954 873 inferentibus
987 850 1095 874 arma
1114 837 1191 886 ipsi
1219 837 1418 886 capientes
1435 836 1530 873 dare
1545 844 1718 885 possent.

249 909 272 944 6
291 909 472 946 Ariciam
503 908 648 946 infesto
680 908 837 957 agmine
868 908 966 953 itur3
1000 922 1070 945 nec
1101 909 1242 958 procul
1272 907 1364 945 inde
1397 921 1484 945 cum
1513 906 1718 945 Auruncis

292 980 406 1028 signa
438 980 595 1029 0011313,
628 980 849 1030 proelioque
881 993 959 1017 uno
993 980 1233 1018 debellatum
1266 984 1337 1018 est.

195 1038 246 1087 27
409 1051 528 1089 Fusis
561 1050 774 1097 Auruncis,
805 1051 933 1088 victor
962 1057 1023 1089 tot
1054 1052 1161 1089 intra
1189 1064 1337 1102 paucos
1376 1051 1463 1089 dies
1492 1051 1611 1089 bellis
1641 1051 1720 1089 Ro-

289 1137 428 1161 manus
459 1124 654 1174 promissa
686 1123 858 1160 consulis
889 1123 1086 1174 fidemque
1119 1128 1277 1161 senatus
1295 1123 1564 1173 exspectabat,
1597 1135 1718 1173 quum

289 1196 446 1245 Appius
480 1200 518 1232 et
550 1196 670 1232 insita
701 1196 886 1245 superbia
918 1197 1060 1242 animo,
1094 1200 1131 1233 et
1162 1199 1206 1232 ut
1232 1195 1398 1244 collegae
1414 1208 1554 1232 vanam
1571 1195 1720 1232 faceret

288 1267 416 1315 fidem,
451 1280 567 1317 quam
600 1267 815 1317 asperrime
846 1271 1014 1316 poterat,
1032 1268 1091 1304 ius
1123 1267 1171 1304 de
1190 1267 1354 1305 creditis
1379 1266 1557 1317 pecuniis
1574 1266 1718 1306 dicere.

292 1339 493 1389 Deinceps
525 1343 574 1385 01,
608 1340 676 1389 qui
708 1343 798 1376 ante
829 1340 923 1377 nexi
954 1339 1121 1385 fuerant,
1153 1338 1417 1376 creditoribus
1458 1337 1721 1376 tradebantur

246 1407 327 1448 2et
358 1412 620 1448 nectebantur
651 1411 734 1450 alii.
785 1410 901 1458 Quod
933 1411 1003 1447 ubi
1034 1410 1098 1447 cui
1130 1411 1251 1447 militi
1282 1410 1490 1459 inciderat,
1525 1410 1721 1459 collegam

285 1483 528 1532 appellabat.
592 1481 815 1520 Concursus
847 1483 898 1519 ad
940 1481 1153 1520 Servilium
1198 1481 1334 1528 fiebat,
1374 1482 1482 1519 illius
1526 1483 1720 1532 promissa

286 1555 506 1600 iactabant,
541 1554 603 1591 illi
635 1554 934 1604 exprobrabant
966 1567 1037 1592 sua
1067 1555 1233 1604 quisque
1261 1553 1358 1590 belli
1390 1554 1531 1591 merita
1563 1554 1720 1591 cicatri-

291 1639 434 1675 cesque
452 1630 646 1675 acceptas.
676 1625 953 1672 Postulabaut,
967 1631 1010 1663 ut
1027 1631 1095 1663 aut
1112 1627 1278 1663 referret
1295 1625 1343 1663 ad
1362 1630 1539 1663 senatum
1560 1629 1629 1663 aut
1645 1625 1719 1676 [ut]

248 1701 272 1738 3
291 1698 443 1735 auxilio
476 1702 578 1734 esset
609 1697 745 1734 consul
778 1697 932 1735 civibus
961 1698 1055 1742 suis,
1087 1698 1305 1747 imperator
1327 1696 1537 1734 militibus.
1583 1696 1718 1734 Move—

284 1770 381 1807 bant
413 1769 614 1806 consulem
646 1769 742 1818 haec,
775 1769 847 1806 sed
876 1769 1138 1818 tergiversari
1156 1782 1217 1806 res
1235 1768 1421 1817 cogebat3
1453 1768 1552 1805 adeo
1584 1767 1626 1805 in
1658 1768 1713 1805 al-

284 1847 411 1879 teram
458 1854 613 1878 causam
662 1854 738 1878 non
779 1842 932 1890 collega
976 1841 1103 1878 solum
1142 1853 1318 1890 praeceps
1358 1843 1456 1887 erat,
1488 1840 1556 1877 sed
1594 1840 1719 1878 omnis

286 1914 407 1951 factio
439 1913 646 1950 nobilium.
707 1913 772 1950 Ita
804 1912 979 1950 medium
1021 1926 1060 1950 se
1103 1911 1275 1961 gerendo
1307 1924 1379 1949 nec
1411 1911 1539 1961 plebis
1571 1911 1720 1950 vitavit

245 1985 270 2020 4
290 1985 424 2023 odium
455 1999 525 2022 1100
558 1984 664 2034 apud
696 1988 829 2034 patres
861 1986 1029 2034 gratiam
1064 1985 1163 2022 iniit.
1218 1983 1360 2021 Patres
1392 1983 1549 2020 mollem
1580 1996 1719 2021 consu-

287 2057 364 2094 lem
397 2061 435 2094 et
467 2056 718 2094 ambitiosum
750 2057 840 2103 rati,
886 2057 1024 2106 plebes
1067 2056 1262 2101 fallacem,
1303 2055 1492 2105 brevique
1531 2055 1721 2105 apparuit

248 2131 271 2169 5
291 2129 521 2178 adaequasse
555 2141 641 2165 eum
674 2127 804 2177 Appii
834 2129 982 2165 odium.
1031 2127 1240 2166 Certamen
1267 2126 1498 2164 consulibus
1514 2125 1721 2172 inciderat,

288 2204 377 2238 uter
409 2200 611 2237 dedicaret
642 2200 836 2237 Mercurii
869 2199 1004 2238 aedem,
1051 2197 1220 2236 Senatus
1247 2212 1268 2235 a
1293 2212 1333 2235 se
1361 2211 1443 2235 rem
1461 2198 1512 2235 ad
1529 2198 1720 2248 populum

288 2272 445 2310 reiecit:
478 2272 560 2308 utri
606 2285 740 2309 eorum
787 2272 986 2309 dedicatio
1032 2271 1140 2308 iussu
1185 2270 1326 2320 populi
1359 2269 1452 2306 data
1483 2273 1596 2315 esset,
1629 2282 1718 2306 eum

289 2356 456 2394 praeesse
488 2356 666 2391 3111101130,
699 2348 962 2381 mercatorum
995 2343 1207 2391 collegium
1249 2341 1472 2386 instituere,
1513 2340 1720 2378 sollemnia

249 2416 272 2453 6
291 2429 363 2466 pro
396 2414 581 2465 pontifice
613 2415 727 2451 iussit-
759 2415 971 2463 suscipere.
1019 2414 1199 2464 Populus
1226 2413 1518 2451 dedicationem
1534 2412 1632 2450 aedis
1651 2411 1720 2450 dat

286 2487 341 2525 M.
377 2487 561 2531 Laetorio,
598 2486 716 2535 primi
749 2486 823 2534 pili
850 2486 1086 2532 centurioni,
1119 2485 1226 2535 quod
1251 2484 1367 2522 facile
1399 2487 1609 2534 appareret
1639 2496 1717 2520 non

285 2563 366 2595 tam
413 2558 463 2596 ad
509 2557 698 2595 honorem
745 2557 838 2601 eius,
888 2557 951 2593 cui
989 2557 1142 2593 curatio
1174 2556 1292 2593 altior
1322 2555 1486 2603 fastigio
1518 2566 1588 2591 suo
1622 2554 1717 2592 data

247 2631 270 2665 7
290 2634 405 2679 05501,
438 2631 586 2667 factum
620 2641 736 2678 quam
762 2627 811 2664 ad
829 2627 1033 2664 consulum
1051 2627 1322 2675 ignominiam.
1369 2623 1518 2662 Saevire
1535 2624 1626 2662 inde
1642 2625 1719 2662 uti·

294 2715 371 2751 que
403 2702 609 2739 consulum
639 2700 740 2737 alter
771 2703 1001 2749 patresque;
1039 2697 1108 2736 sed
1138 2697 1248 2747 plebi
1278 2702 1483 2734 creverant
1513 2696 1648 2746 animi,
1681 2700 1722 2734 01
