1821 2928
374 212 455 249 230
838 222 928 248 Liber
945 221 981 247 x.
1000 222 1048 252 (A.
1067 229 1096 247 u.
1115 228 1138 247 c.
1158 222 1228 251 450.)

315 335 511 373 incassum
542 335 690 373 iactare
720 335 817 382 tela3
862 339 1019 386 torpere
1056 335 1218 385 quidam
1256 340 1295 374 et
1331 349 1402 374 nec
1433 349 1575 386 pugnae
1604 338 1737 376 memi-

276 404 420 441 3nisse
459 417 529 442 nec
569 404 684 453 fugae.
757 403 817 441 At
856 418 903 442 ex
943 406 1055 453 parte
1095 404 1220 441 altera
1257 404 1437 454 pontifex
1476 405 1628 454 Livius,
1672 407 1736 444 cui

313 472 472 510 lictores
517 472 668 510 Decius
722 472 945 510 tradiderat
1000 472 1246 522 iusseratque
1299 487 1371 523 pro
1426 476 1596 523 praetore
1639 487 1734 522 esse,

275 540 544 588 4vociferari‚
588 540 730 578 vicisse
767 540 1000 588 Romanosh
1031 541 1238 578 defunctos
1281 541 1452 579 consulis
1497 542 1597 589 fat03
1642 541 1736 580 Gral-

312 608 371 646 los
416 607 693 658 Samnitesque
733 608 908 646 Telluris
951 609 1092 646 matris
1137 622 1182 646 ac
1227 608 1389 647 deorum
1425 611 1599 648 manium
1636 623 1736 658 esse3

313 690 454 727 rapere
485 677 535 714 ad
565 691 605 714 se
636 690 680 714 ac
710 690 851 714 vocare
874 677 1046 715 Decium
1078 677 1260 715 devotam
1290 691 1420 715 secum
1451 679 1586 727 aciem,
1615 679 1736 717 furia-

275 744 481 794 5rumque
521 759 566 782 ac
605 745 829 783 formidinis
868 746 989 795 plena
1020 745 1151 783 omnia
1181 745 1231 782 ad
1261 746 1393 784 hostes
1423 761 1516 785 esse.
1591 746 1735 797 Super-

314 813 479 851 veniunt
508 813 651 851 deinde
682 814 744 851 his
774 813 1076 851 restituentibus
1107 826 1280 863 pugnam
1302 813 1347 851 L.
1366 814 1575 853 Cornelius
1600 814 1736 866 Scipio

315 884 355 919 et
385 881 426 919 C.
457 882 645 929 Marcius,
676 896 764 919 cum
787 881 977 919 subsidiis
1001 895 1047 918 ex
1068 881 1285 919 novissima
1308 882 1391 920 acie
1415 883 1524 921 iussu
1547 882 1595 930 Q.
1617 883 1736 922 Fabii

315 951 485 987 consulis
516 950 566 987 ad
597 950 825 1000 praesidium
863 949 1024 998 collegae
1062 949 1182 987 missi.
1240 949 1306 987 Ibi
1344 950 1507 988 auditur
1538 951 1584 989 P.
1615 951 1737 989 Decii

314 1022 487 1066 eventus,
517 1019 656 1067 ingens
687 1019 891 1056 hortamen
921 1018 972 1055 ad
1003 1018 1134 1055 omnia
1169 1031 1241 1068 pro
1278 1031 1320 1055 re
1351 1019 1514 1068 publica
1544 1019 1737 1058 audenda.

274 1086 296 1122 6
314 1085 457 1135 Itaque
488 1101 608 1136 quum
636 1085 745 1125 Galli
770 1086 930 1124 structis
956 1090 1046 1124 ante
1072 1100 1112 1123 se
1136 1086 1256 1123 scutis
1281 1087 1448 1124 conferti
1471 1090 1633 1134 starent,
1665 1100 1736 1125 nec

311 1155 440 1192 facilis
470 1156 570 1205 pede
602 1156 745 1193 collato
776 1155 979 1193 videretur
1010 1168 1155 1204 pugna,
1185 1155 1293 1193 iussu
1323 1155 1545 1204 legatorum
1568 1155 1738 1193 collecta

312 1222 422 1260 humi
453 1223 548 1273 pila,
580 1238 666 1273 quae
698 1227 822 1261 strata
853 1224 956 1261 inter
987 1223 1084 1260 duas
1115 1222 1220 1260 acies
1250 1223 1443 1271 iacebant,
1474 1227 1594 1274 atque
1616 1223 1658 1260 in
1678 1226 1734 1261 te-

276 1291 513 1330 7studinem
544 1292 716 1330 hostium
748 1293 941 1338 coniecta3
980 1292 1123 1341 quibus
1154 1291 1354 1340 plerisque
1392 1291 1434 1328 in
1471 1295 1580 1330 scuta
1616 1291 1734 1329 raris-

314 1373 389 1408 que
420 1360 461 1397 in
492 1374 660 1410 corpora
683 1361 770 1411 ipsa
799 1361 898 1408 fixis,
930 1361 1120 1397 sternitur
1145 1373 1302 1407 cuneuS‚
1332 1359 1388 1397 ita
1409 1363 1454 1398 ut
1476 1373 1618 1409 magna
1641 1373 1735 1410 pars

313 1427 480 1477 integris
512 1429 744 1479 corporibus
768 1429 928 1467 attoniti
953 1428 1216 1466 conciderent.
1260 1428 1358 1466 Haec
1375 1429 1418 1466 in
1435 1428 1596 1466 sinistro
1613 1441 1736 1466 cornu

273 1495 586 1534 SRomanorum
617 1498 775 1535 fortuna
805 1497 1037 1536 variaverat.
1097 1497 1247 1535 Fabius
1279 1497 1319 1533 in
1351 1497 1491 1534 dextro
1522 1496 1661 1546 primo,
1690 1498 1737 1532 ut

312 1568 403 1602 ante
435 1565 584 1602 dictum
615 1569 685 1612 est,
718 1566 936 1604 cunctando
969 1568 1194 1603 extraxerat
1225 1565 1345 1611 diem,
1391 1565 1493 1612 dein,
1524 1568 1735 1614 postquam

311 1645 383 1669 nec
413 1632 562 1670 clamor
592 1633 766 1670 hostium
795 1648 866 1671 nec
895 1635 1064 1683 impetus
1101 1648 1172 1671 nec
1201 1633 1282 1670 tela
1312 1633 1431 1670 missa
1461 1632 1624 1670 eandem
1653 1632 1736 1670 vim

273 1699 457 1737 9habere
486 1701 583 1747 visa,
613 1701 809 1750 praefect-is
840 1702 1016 1751 equitum
1047 1702 1164 1738 iussis
1195 1701 1245 1738 ad
1276 1701 1379 1738 latus
1397 1699 1634 1738 Samnitium
1658 1701 1734 1738 cir-

312 1768 544 1805 cumducere
575 1769 674 1816 alas,
704 1772 750 1805 ut
779 1769 894 1817 signo
921 1770 1013 1806 dato
1039 1770 1081 1806 in
1096 1772 1356 1815 transversos,
1386 1772 1533 1818 quanto
1564 1769 1732 1805 maximo

311 1840 489 1885 possent,
519 1836 669 1888 impetu
700 1836 967 1884 incurrerent,
1005 1837 1149 1874 sensim
1179 1850 1269 1874 suos
1300 1836 1413 1885 signa
1444 1836 1589 1873 inferre
1619 1835 1733 1873 iussit

245 1904 296 1940 10
313 1907 353 1941 et
389 1918 631 1942 commovere
667 1905 830 1942 hostem.
890 1906 1109 1955 Postquam
1147 1919 1225 1943 non
1254 1905 1389 1942 resisti
1419 1904 1523 1942 vidit
1560 1907 1598 1941 et
1626 1903 1734 1941 haud

312 1972 473 2010 dubiam
518 1973 794 2010 lassitudinem
834 1987 928 2019 esse,
967 1976 1051 2010 tum
1091 1973 1268 2010 collectis
1309 1973 1491 2011 omnibus
1531 1971 1735 2017 subsidiis,

312 2053 398 2090 quae
429 2041 480 2077 ad
511 2041 552 2077 id
581 2044 737 2091 tempus
767 2044 1047 2088 reservaverat,
1078 2044 1116 2078 et
1146 2041 1321 2089 legiones
1352 2040 1566 2078 concitavit
1595 2043 1633 2077 et
1655 2039 1732 2088 sig-

248 2108 294 2144 ll
314 2122 407 2145 num
438 2108 488 2145 ad
519 2109 762 2147 invadendos
791 2109 922 2147 hostes
953 2110 1152 2159 equitibus
1183 2109 1304 2146 dedit.
1348 2109 1430 2147 Nec
1462 2108 1734 2146 sustinuerunt

311 2174 510 2213 Samnites
542 2176 744 2226 impetum,
773 2180 995 2227 praeterque
1026 2177 1151 2215 aciem
1180 2177 1307 2226 ipsam
1331 2175 1549 2223 Gallorum,
1579 2176 1732 2214 relictis

244 2244 293 2280 12
312 2244 353 2282 in
384 2244 638 2282 dimicatione
669 2246 795 2293 sociis,
827 2245 877 2283 ad
909 2248 1039 2282 castra
1070 2245 1190 2283 effuso
1214 2258 1329 2282 cursu
1346 2245 1590 2291 ferebantur3
1621 2242 1733 2281 Galli

309 2311 510 2349 testudine
535 2312 640 2350 facta
670 2313 836 2350 conferti
867 2314 1037 2351 stabant.
1096 2313 1197 2350 Tum
1227 2313 1395 2359 Fabius,
1434 2313 1571 2350 audita
1606 2316 1732 2351 morte

309 2380 484 2429 collegae,
516 2379 805 2430 Campanorum
837 2383 953 2428 alam,
985 2380 1223 2430 quingentos
1252 2381 1333 2418 fere
1350 2381 1514 2431 equites,
1545 2379 1730 2418 excedere

309 2448 392 2485 acie
422 2448 534 2485 iubet
565 2452 603 2486 et
633 2448 918 2486 circumvectos
951 2449 999 2486 ab
1022 2452 1135 2497 tergo
1152 2447 1349 2485 Gallicam
1379 2448 1566 2486 invadere
1589 2447 1730 2493 aciem;

245 2516 294 2552 13
310 2515 438 2553 tertiae
470 2516 613 2554 deinde
643 2516 812 2565 legionis
851 2516 1036 2565 subsequi
1073 2516 1272 2566 principes
1312 2519 1367 2563 et,
1413 2530 1492 2566 qua
1525 2515 1730 2553 turbatum

309 2596 449 2632 agmen
478 2584 651 2622 hostium
680 2583 864 2621 viderent
894 2584 1045 2633 impetu
1076 2584 1271 2633 equitum,
1308 2584 1457 2621 instare
1493 2596 1538 2620 ac
1568 2583 1729 2621 territos

245 2651 296 2687 14
311 2651 472 2689 caedere.
544 2651 636 2701 Ipse
657 2651 796 2689 ·aedem
836 2650 925 2688 Iovi
955 2651 1114 2689 Victori
1153 2651 1357 2701 spoliaque
1396 2651 1569 2688 hostium
1609 2664 1729 2701 quum
