<?xml version="1.0" encoding="UTF-8"?>
<!DOCTYPE html PUBLIC "-//W3C//DTD XHTML 1.0 Transitional//EN"
    "http://www.w3.org/TR/xhtml1/DTD/xhtml1-transitional.dtd">
<html xmlns="http://www.w3.org/1999/xhtml" xml:lang="en" lang="en">
 <head>
  <title>
</title>
<meta http-equiv="Content-Type" content="text/html;charset=utf-8" />
  <meta name='ocr-system' content='tesseract 3.04.00' />
  <meta name='ocr-capabilities' content='ocr_page ocr_carea ocr_par ocr_line ocrx_word'/>
</head>
<body>
  <div class='ocr_page' id='page_1' title='image "./historiarumroman01livyuoft_0295.png"; bbox 0 0 1821 2928; ppageno 0'>
   <div class='ocr_carea' id='block_1_1' title="bbox 507 129 1537 176">
    <p class='ocr_par' dir='ltr' id='par_1_1' title="bbox 507 129 1537 176">
     <span class='ocr_line' id='line_1_1' title="bbox 507 129 1537 176; baseline 0.002 -10"><span class='ocrx_word' id='word_1_1' title='bbox 507 131 622 166; x_wconf 88' lang='lat' dir='ltr'>Liber</span> <span class='ocrx_word' id='word_1_2' title='bbox 647 130 693 166; x_wconf 82' lang='lat' dir='ltr'>V.</span> <span class='ocrx_word' id='word_1_3' title='bbox 743 130 805 176; x_wconf 88' lang='lat' dir='ltr'>(A.</span> <span class='ocrx_word' id='word_1_4' title='bbox 832 129 896 165; x_wconf 87' lang='lat' dir='ltr'>Ch.</span> <span class='ocrx_word' id='word_1_5' title='bbox 923 130 1130 173; x_wconf 82' lang='lat'><strong>401—400.)</strong></span> <span class='ocrx_word' id='word_1_6' title='bbox 1456 131 1537 168; x_wconf 83' lang='lat'>269</span> 
     </span>
    </p>
   </div>
   <div class='ocr_carea' id='block_1_2' title="bbox 95 255 1604 1682">
    <p class='ocr_par' dir='ltr' id='par_1_2' title="bbox 95 255 1604 1682">
     <span class='ocr_line' id='line_1_2' title="bbox 95 255 1539 312; baseline -0.006 -12"><span class='ocrx_word' id='word_1_7' title='bbox 95 262 153 300; x_wconf 84' lang='lat' dir='ltr'>ita</span> <span class='ocrx_word' id='word_1_8' title='bbox 192 275 383 312; x_wconf 80' lang='lat' dir='ltr'>prospere</span> <span class='ocrx_word' id='word_1_9' title='bbox 424 263 669 310; x_wconf 77' lang='lat' dir='ltr'>gererentur,</span> <span class='ocrx_word' id='word_1_10' title='bbox 712 262 756 296; x_wconf 91' lang='lat' dir='ltr'>ut</span> <span class='ocrx_word' id='word_1_11' title='bbox 787 259 899 296; x_wconf 92' lang='lat' dir='ltr'>nullo</span> <span class='ocrx_word' id='word_1_12' title='bbox 930 258 1039 295; x_wconf 91' lang='lat' dir='ltr'>bello</span> <span class='ocrx_word' id='word_1_13' title='bbox 1070 258 1276 296; x_wconf 86' lang='lat' dir='ltr'>veniretur</span> <span class='ocrx_word' id='word_1_14' title='bbox 1307 255 1357 293; x_wconf 85' lang='lat' dir='ltr'>ad</span> <span class='ocrx_word' id='word_1_15' title='bbox 1391 256 1539 293; x_wconf 88' lang='lat' dir='ltr'>exitum</span> 
     </span>
     <span class='ocr_line' id='line_1_3' title="bbox 95 330 1542 385; baseline -0.005 -13"><span class='ocrx_word' id='word_1_16' title='bbox 95 334 193 385; x_wconf 87' lang='lat' dir='ltr'>spei.</span> <span class='ocrx_word' id='word_1_17' title='bbox 254 333 437 384; x_wconf 83' lang='lat' dir='ltr'>Namque</span> <span class='ocrx_word' id='word_1_18' title='bbox 470 332 583 371; x_wconf 92' lang='lat' dir='ltr'>Veiis</span> <span class='ocrx_word' id='word_1_19' title='bbox 629 334 770 378; x_wconf 84' lang='lat' dir='ltr'>castra,</span> <span class='ocrx_word' id='word_1_20' title='bbox 818 344 906 380; x_wconf 85' lang='lat' dir='ltr'>quae</span> <span class='ocrx_word' id='word_1_21' title='bbox 949 330 1095 368; x_wconf 83' lang='lat' dir='ltr'>amissa</span> <span class='ocrx_word' id='word_1_22' title='bbox 1136 332 1260 375; x_wconf 85' lang='lat' dir='ltr'>erant,</span> <span class='ocrx_word' id='word_1_23' title='bbox 1305 331 1542 378; x_wconf 85' lang='lat' dir='ltr'>recuperata</span> 
     </span>
     <span class='ocr_line' id='line_1_4' title="bbox 96 399 1540 456; baseline -0.004 -12"><span class='ocrx_word' id='word_1_24' title='bbox 96 406 271 444; x_wconf 77' lang='lat' dir='ltr'><strong>castellis</strong></span> <span class='ocrx_word' id='word_1_25' title='bbox 289 405 569 456; x_wconf 89' lang='lat' dir='ltr'>praesidiisque</span> <span class='ocrx_word' id='word_1_26' title='bbox 585 403 867 450; x_wconf 80' lang='lat' dir='ltr'>firmabantur3</span> <span class='ocrx_word' id='word_1_27' title='bbox 892 404 1093 453; x_wconf 81' lang='lat' dir='ltr'>praeerant</span> <span class='ocrx_word' id='word_1_28' title='bbox 1108 401 1261 439; x_wconf 87' lang='lat' dir='ltr'>tribuni</span> <span class='ocrx_word' id='word_1_29' title='bbox 1278 400 1454 438; x_wconf 86' lang='lat' dir='ltr'>militum</span> <span class='ocrx_word' id='word_1_30' title='bbox 1471 399 1540 438; x_wconf 80' lang='grc' dir='ltr'>Μ’.</span> 
     </span>
     <span class='ocr_line' id='line_1_5' title="bbox 96 458 1604 516; baseline -0.005 -1"><span class='ocrx_word' id='word_1_31' title='bbox 96 478 288 516; x_wconf 85' lang='lat' dir='ltr'>AEmilius</span> <span class='ocrx_word' id='word_1_32' title='bbox 313 481 353 515; x_wconf 90' lang='lat' dir='ltr'>et</span> <span class='ocrx_word' id='word_1_33' title='bbox 379 478 431 515; x_wconf 87' lang='lat' dir='ltr'>K.</span> <span class='ocrx_word' id='word_1_34' title='bbox 460 477 621 515; x_wconf 86' lang='lat' dir='ltr'><strong>Fabius.</strong></span> <span class='ocrx_word' id='word_1_35' title='bbox 671 475 709 513; x_wconf 90' lang='lat' dir='ltr'>A</span> <span class='ocrx_word' id='word_1_36' title='bbox 735 475 791 514; x_wconf 89' lang='lat' dir='ltr'>M.</span> <span class='ocrx_word' id='word_1_37' title='bbox 812 475 935 512; x_wconf 78' lang='lat' dir='ltr'>Furio</span> <span class='ocrx_word' id='word_1_38' title='bbox 962 474 1002 511; x_wconf 91' lang='lat' dir='ltr'>in</span> <span class='ocrx_word' id='word_1_39' title='bbox 1030 474 1200 511; x_wconf 80' lang='lat' dir='ltr'>Faliscis</span> <span class='ocrx_word' id='word_1_40' title='bbox 1229 476 1268 511; x_wconf 88' lang='lat' dir='ltr'>et</span> <span class='ocrx_word' id='word_1_41' title='bbox 1292 485 1317 511; x_wconf 82' lang='lat' dir='ltr'>a</span> <span class='ocrx_word' id='word_1_42' title='bbox 1344 472 1415 510; x_wconf 86' lang='lat' dir='ltr'>Cn.</span> <span class='ocrx_word' id='word_1_43' title='bbox 1444 471 1537 510; x_wconf 86' lang='lat' dir='ltr'>Cor·</span> <span class='ocrx_word' id='word_1_44' title='bbox 1558 458 1604 507; x_wconf 29' lang='lat'>5*</span> 
     </span>
     <span class='ocr_line' id='line_1_6' title="bbox 96 544 1540 600; baseline -0.006 -11"><span class='ocrx_word' id='word_1_45' title='bbox 96 551 203 589; x_wconf 87' lang='lat' dir='ltr'>nelio</span> <span class='ocrx_word' id='word_1_46' title='bbox 251 551 292 588; x_wconf 90' lang='lat' dir='ltr'>in</span> <span class='ocrx_word' id='word_1_47' title='bbox 325 550 526 600; x_wconf 75' lang='lat' dir='ltr'>Capenate</span> <span class='ocrx_word' id='word_1_48' title='bbox 573 562 669 598; x_wconf 84' lang='lat' dir='ltr'>agro</span> <span class='ocrx_word' id='word_1_49' title='bbox 716 548 852 585; x_wconf 86' lang='lat' dir='ltr'>hostes</span> <span class='ocrx_word' id='word_1_50' title='bbox 899 547 1000 584; x_wconf 88' lang='lat' dir='ltr'>nulli</span> <span class='ocrx_word' id='word_1_51' title='bbox 1041 549 1154 583; x_wconf 82' lang='lat' dir='ltr'>extra</span> <span class='ocrx_word' id='word_1_52' title='bbox 1192 546 1337 583; x_wconf 88' lang='lat' dir='ltr'>moenia</span> <span class='ocrx_word' id='word_1_53' title='bbox 1369 544 1540 590; x_wconf 69' lang='lat' dir='ltr'>inventi,</span> 
     </span>
     <span class='ocr_line' id='line_1_7' title="bbox 95 615 1542 673; baseline -0.006 -12"><span class='ocrx_word' id='word_1_54' title='bbox 95 622 242 673; x_wconf 87' lang='lat' dir='ltr'>praedae</span> <span class='ocrx_word' id='word_1_55' title='bbox 289 626 387 660; x_wconf 86' lang='lat' dir='ltr'>actae</span> <span class='ocrx_word' id='word_1_56' title='bbox 434 621 710 670; x_wconf 86' lang='lat' dir='ltr'>incendiisque</span> <span class='ocrx_word' id='word_1_57' title='bbox 749 620 938 663; x_wconf 82' lang='lat' dir='ltr'>villarum</span> <span class='ocrx_word' id='word_1_58' title='bbox 978 631 1020 655; x_wconf 90' lang='lat' dir='ltr'>ac</span> <span class='ocrx_word' id='word_1_59' title='bbox 1053 618 1212 667; x_wconf 87' lang='lat' dir='ltr'>frugum</span> <span class='ocrx_word' id='word_1_60' title='bbox 1246 617 1392 655; x_wconf 90' lang='lat' dir='ltr'>vastati</span> <span class='ocrx_word' id='word_1_61' title='bbox 1424 615 1542 662; x_wconf 88' lang='lat' dir='ltr'>fines;</span> 
     </span>
     <span class='ocr_line' id='line_1_8' title="bbox 96 686 1582 745; baseline -0.006 -12"><span class='ocrx_word' id='word_1_62' title='bbox 96 695 246 745; x_wconf 89' lang='lat' dir='ltr'>oppida</span> <span class='ocrx_word' id='word_1_63' title='bbox 268 706 341 733; x_wconf 72' lang='lat' dir='ltr'>nce</span> <span class='ocrx_word' id='word_1_64' title='bbox 369 696 601 745; x_wconf 83' lang='lat' dir='ltr'>oppugnata</span> <span class='ocrx_word' id='word_1_65' title='bbox 625 706 696 730; x_wconf 89' lang='lat' dir='ltr'>nec</span> <span class='ocrx_word' id='word_1_66' title='bbox 722 692 882 730; x_wconf 86' lang='lat' dir='ltr'>obsessa</span> <span class='ocrx_word' id='word_1_67' title='bbox 905 695 1007 730; x_wconf 86' lang='lat' dir='ltr'>sunt.</span> <span class='ocrx_word' id='word_1_68' title='bbox 1054 689 1113 728; x_wconf 89' lang='lat' dir='ltr'>At</span> <span class='ocrx_word' id='word_1_69' title='bbox 1129 690 1168 727; x_wconf 91' lang='lat' dir='ltr'>in</span> <span class='ocrx_word' id='word_1_70' title='bbox 1186 689 1346 728; x_wconf 85' lang='lat' dir='ltr'>Volscis</span> <span class='ocrx_word' id='word_1_71' title='bbox 1365 689 1540 738; x_wconf 90' lang='lat' dir='ltr'>depopu-</span> <span class='ocrx_word' id='word_1_72' title='bbox 1560 686 1582 723; x_wconf 87' lang='grc'>6</span> 
     </span>
     <span class='ocr_line' id='line_1_9' title="bbox 96 762 1545 817; baseline -0.006 -12"><span class='ocrx_word' id='word_1_73' title='bbox 96 767 179 805; x_wconf 85' lang='lat' dir='ltr'>lato</span> <span class='ocrx_word' id='word_1_74' title='bbox 211 780 309 817; x_wconf 86' lang='lat' dir='ltr'>agro</span> <span class='ocrx_word' id='word_1_75' title='bbox 327 767 475 805; x_wconf 85' lang='lat' dir='ltr'>Anxur</span> <span class='ocrx_word' id='word_1_76' title='bbox 505 766 773 816; x_wconf 82' lang='lat' dir='ltr'>nequicquam</span> <span class='ocrx_word' id='word_1_77' title='bbox 806 766 1090 814; x_wconf 87' lang='lat' dir='ltr'>oppugnatum,</span> <span class='ocrx_word' id='word_1_78' title='bbox 1122 763 1210 800; x_wconf 89' lang='lat' dir='ltr'>loco</span> <span class='ocrx_word' id='word_1_79' title='bbox 1235 763 1316 799; x_wconf 88' lang='lat' dir='ltr'>alto</span> <span class='ocrx_word' id='word_1_80' title='bbox 1343 762 1475 808; x_wconf 87' lang='lat' dir='ltr'>situm,</span> <span class='ocrx_word' id='word_1_81' title='bbox 1507 764 1545 798; x_wconf 89' lang='lat' dir='ltr'>et</span> 
     </span>
     <span class='ocr_line' id='line_1_10' title="bbox 96 834 1546 891; baseline -0.006 -13"><span class='ocrx_word' id='word_1_82' title='bbox 96 843 308 891; x_wconf 76' lang='lat' dir='ltr'>postquam</span> <span class='ocrx_word' id='word_1_83' title='bbox 353 839 414 877; x_wconf 89' lang='lat' dir='ltr'>vis</span> <span class='ocrx_word' id='word_1_84' title='bbox 458 838 577 876; x_wconf 87' lang='lat' dir='ltr'>irrita</span> <span class='ocrx_word' id='word_1_85' title='bbox 624 841 719 885; x_wconf 85' lang='lat' dir='ltr'>erat,</span> <span class='ocrx_word' id='word_1_86' title='bbox 764 837 870 875; x_wconf 87' lang='lat' dir='ltr'>vallo</span> <span class='ocrx_word' id='word_1_87' title='bbox 911 837 1096 886; x_wconf 89' lang='lat' dir='ltr'>fossaque</span> <span class='ocrx_word' id='word_1_88' title='bbox 1139 834 1318 872; x_wconf 87' lang='lat' dir='ltr'>obsideri</span> <span class='ocrx_word' id='word_1_89' title='bbox 1349 836 1546 883; x_wconf 86' lang='lat' dir='ltr'>coeptum;</span> 
     </span>
     <span class='ocr_line' id='line_1_11' title="bbox 98 903 1583 961; baseline -0.006 -11"><span class='ocrx_word' id='word_1_90' title='bbox 98 911 264 951; x_wconf 87' lang='lat' dir='ltr'>Valerio</span> <span class='ocrx_word' id='word_1_91' title='bbox 283 911 422 949; x_wconf 90' lang='lat' dir='ltr'>Potito</span> <span class='ocrx_word' id='word_1_92' title='bbox 440 910 581 949; x_wconf 89' lang='lat' dir='ltr'>Volsci</span> <span class='ocrx_word' id='word_1_93' title='bbox 598 910 810 961; x_wconf 87' lang='lat' dir='ltr'>provincia</span> <span class='ocrx_word' id='word_1_94' title='bbox 827 911 1025 946; x_wconf 88' lang='lat' dir='ltr'>evenerat.</span> <span class='ocrx_word' id='word_1_95' title='bbox 1070 907 1160 945; x_wconf 93' lang='lat' dir='ltr'>Hoc</span> <span class='ocrx_word' id='word_1_96' title='bbox 1182 910 1289 945; x_wconf 83' lang='lat' dir='ltr'>statu</span> <span class='ocrx_word' id='word_1_97' title='bbox 1306 905 1543 944; x_wconf 82' lang='lat' dir='ltr'>militarium</span> <span class='ocrx_word' id='word_1_98' title='bbox 1562 903 1583 939; x_wconf 89' lang='lat'><strong>7</strong></span> 
     </span>
     <span class='ocr_line' id='line_1_12' title="bbox 97 979 1544 1031; baseline -0.005 -9"><span class='ocrx_word' id='word_1_99' title='bbox 97 997 244 1031; x_wconf 88' lang='lat' dir='ltr'>rerum,</span> <span class='ocrx_word' id='word_1_100' title='bbox 273 984 418 1022; x_wconf 90' lang='lat' dir='ltr'>seditio</span> <span class='ocrx_word' id='word_1_101' title='bbox 452 983 643 1020; x_wconf 85' lang='lat' dir='ltr'>intestina</span> <span class='ocrx_word' id='word_1_102' title='bbox 674 982 825 1020; x_wconf 86' lang='lat' dir='ltr'>maiore</span> <span class='ocrx_word' id='word_1_103' title='bbox 856 981 961 1019; x_wconf 91' lang='lat' dir='ltr'>mole</span> <span class='ocrx_word' id='word_1_104' title='bbox 994 983 1141 1026; x_wconf 85' lang='lat' dir='ltr'>coorta,</span> <span class='ocrx_word' id='word_1_105' title='bbox 1174 993 1292 1030; x_wconf 78' lang='lat' dir='ltr'>quaxn</span> <span class='ocrx_word' id='word_1_106' title='bbox 1318 979 1426 1016; x_wconf 91' lang='lat' dir='ltr'>bella</span> <span class='ocrx_word' id='word_1_107' title='bbox 1441 981 1544 1016; x_wconf 85' lang='lat' dir='ltr'>trac-</span> 
     </span>
     <span class='ocr_line' id='line_1_13' title="bbox 97 1053 1548 1105; baseline -0.005 -11"><span class='ocrx_word' id='word_1_108' title='bbox 97 1056 307 1103; x_wconf 82' lang='lat' dir='ltr'>tabantur3</span> <span class='ocrx_word' id='word_1_109' title='bbox 342 1059 381 1093; x_wconf 92' lang='lat' dir='ltr'>et</span> <span class='ocrx_word' id='word_1_110' title='bbox 413 1069 534 1105; x_wconf 90' lang='lat' dir='ltr'>quum</span> <span class='ocrx_word' id='word_1_111' title='bbox 565 1055 762 1092; x_wconf 89' lang='lat' dir='ltr'>tributum</span> <span class='ocrx_word' id='word_1_112' title='bbox 793 1054 968 1092; x_wconf 85' lang='lat' dir='ltr'>conferri</span> <span class='ocrx_word' id='word_1_113' title='bbox 999 1067 1071 1104; x_wconf 88' lang='lat' dir='ltr'>per</span> <span class='ocrx_word' id='word_1_114' title='bbox 1095 1053 1280 1090; x_wconf 89' lang='lat' dir='ltr'>tribunos</span> <span class='ocrx_word' id='word_1_115' title='bbox 1307 1065 1384 1088; x_wconf 91' lang='lat' dir='ltr'>non</span> <span class='ocrx_word' id='word_1_116' title='bbox 1402 1053 1548 1100; x_wconf 86' lang='lat' dir='ltr'>posset,</span> 
     </span>
     <span class='ocr_line' id='line_1_14' title="bbox 99 1122 1546 1179; baseline -0.005 -13"><span class='ocrx_word' id='word_1_117' title='bbox 99 1143 172 1167; x_wconf 91' lang='lat' dir='ltr'>nec</span> <span class='ocrx_word' id='word_1_118' title='bbox 189 1128 434 1179; x_wconf 81' lang='lat' dir='ltr'>stipendium</span> <span class='ocrx_word' id='word_1_119' title='bbox 454 1128 765 1178; x_wconf 87' lang='lat' dir='ltr'>imperatoribus</span> <span class='ocrx_word' id='word_1_120' title='bbox 782 1127 1020 1174; x_wconf 88' lang='lat' dir='ltr'>mitteretur,</span> <span class='ocrx_word' id='word_1_121' title='bbox 1048 1139 1205 1175; x_wconf 79' lang='lat' dir='ltr'>aeraque</span> <span class='ocrx_word' id='word_1_122' title='bbox 1223 1124 1414 1162; x_wconf 87' lang='lat' dir='ltr'>militaria</span> <span class='ocrx_word' id='word_1_123' title='bbox 1431 1122 1546 1171; x_wconf 89' lang='lat' dir='ltr'>flagi-</span> 
     </span>
     <span class='ocr_line' id='line_1_15' title="bbox 98 1195 1547 1250; baseline -0.006 -11"><span class='ocrx_word' id='word_1_124' title='bbox 98 1205 204 1239; x_wconf 88' lang='lat' dir='ltr'>taret</span> <span class='ocrx_word' id='word_1_125' title='bbox 245 1201 372 1248; x_wconf 89' lang='lat' dir='ltr'>miles,</span> <span class='ocrx_word' id='word_1_126' title='bbox 417 1199 525 1238; x_wconf 88' lang='lat' dir='ltr'>haud</span> <span class='ocrx_word' id='word_1_127' title='bbox 564 1199 705 1250; x_wconf 89' lang='lat' dir='ltr'>procul</span> <span class='ocrx_word' id='word_1_128' title='bbox 746 1203 842 1247; x_wconf 84' lang='lat' dir='ltr'>erat,</span> <span class='ocrx_word' id='word_1_129' title='bbox 889 1200 986 1249; x_wconf 89' lang='lat' dir='ltr'>quin</span> <span class='ocrx_word' id='word_1_130' title='bbox 1028 1201 1159 1236; x_wconf 84' lang='lat' dir='ltr'>castra</span> <span class='ocrx_word' id='word_1_131' title='bbox 1191 1210 1350 1247; x_wconf 90' lang='lat' dir='ltr'>quoque</span> <span class='ocrx_word' id='word_1_132' title='bbox 1383 1195 1547 1232; x_wconf 80' lang='lat' dir='ltr'>urbanae</span> 
     </span>
     <span class='ocr_line' id='line_1_16' title="bbox 99 1264 1589 1322; baseline -0.005 -11"><span class='ocrx_word' id='word_1_133' title='bbox 99 1274 309 1312; x_wconf 87' lang='lat' dir='ltr'>seditionis</span> <span class='ocrx_word' id='word_1_134' title='bbox 351 1273 589 1322; x_wconf 84' lang='lat' dir='ltr'>contagione</span> <span class='ocrx_word' id='word_1_135' title='bbox 628 1273 902 1310; x_wconf 84' lang='lat' dir='ltr'>turbarentur.</span> <span class='ocrx_word' id='word_1_136' title='bbox 963 1271 1078 1308; x_wconf 88' lang='lat' dir='ltr'>Inter</span> <span class='ocrx_word' id='word_1_137' title='bbox 1116 1270 1187 1307; x_wconf 88' lang='lat' dir='ltr'>has</span> <span class='ocrx_word' id='word_1_138' title='bbox 1226 1269 1305 1306; x_wconf 83' lang='lat' dir='ltr'>iras</span> <span class='ocrx_word' id='word_1_139' title='bbox 1345 1268 1474 1318; x_wconf 91' lang='lat' dir='ltr'>plebis</span> <span class='ocrx_word' id='word_1_140' title='bbox 1504 1264 1589 1304; x_wconf 84' lang='lat' dir='ltr'>in8</span> 
     </span>
     <span class='ocr_line' id='line_1_17' title="bbox 98 1340 1550 1397; baseline -0.005 -13"><span class='ocrx_word' id='word_1_141' title='bbox 98 1350 244 1397; x_wconf 85' lang='lat' dir='ltr'>patres,</span> <span class='ocrx_word' id='word_1_142' title='bbox 285 1360 407 1396; x_wconf 91' lang='lat' dir='ltr'>quum</span> <span class='ocrx_word' id='word_1_143' title='bbox 447 1345 601 1383; x_wconf 86' lang='lat' dir='ltr'>tribuni</span> <span class='ocrx_word' id='word_1_144' title='bbox 642 1344 753 1394; x_wconf 90' lang='lat' dir='ltr'>plebi</span> <span class='ocrx_word' id='word_1_145' title='bbox 790 1357 895 1381; x_wconf 88' lang='lat' dir='ltr'>nunc</span> <span class='ocrx_word' id='word_1_146' title='bbox 927 1343 1031 1380; x_wconf 90' lang='lat' dir='ltr'>illud</span> <span class='ocrx_word' id='word_1_147' title='bbox 1062 1345 1219 1392; x_wconf 89' lang='lat' dir='ltr'>tempus</span> <span class='ocrx_word' id='word_1_148' title='bbox 1252 1354 1335 1379; x_wconf 89' lang='lat' dir='ltr'>esse</span> <span class='ocrx_word' id='word_1_149' title='bbox 1368 1340 1550 1378; x_wconf 90' lang='lat' dir='ltr'>dicerent</span> 
     </span>
     <span class='ocr_line' id='line_1_18' title="bbox 99 1412 1568 1465; baseline -0.005 -8"><span class='ocrx_word' id='word_1_150' title='bbox 99 1418 353 1457; x_wconf 76' lang='lat' dir='ltr'>stabiliendae</span> <span class='ocrx_word' id='word_1_151' title='bbox 384 1417 586 1455; x_wconf 82' lang='lat' dir='ltr'>libertatis</span> <span class='ocrx_word' id='word_1_152' title='bbox 623 1421 662 1454; x_wconf 90' lang='lat' dir='ltr'>et</span> <span class='ocrx_word' id='word_1_153' title='bbox 693 1416 744 1454; x_wconf 89' lang='lat' dir='ltr'>ab</span> <span class='ocrx_word' id='word_1_154' title='bbox 777 1414 930 1465; x_wconf 84' lang='lat' dir='ltr'>Sergiis</span> <span class='ocrx_word' id='word_1_155' title='bbox 963 1414 1254 1464; x_wconf 83' lang='lat' dir='ltr'>Verginiisque</span> <span class='ocrx_word' id='word_1_156' title='bbox 1285 1413 1336 1451; x_wconf 90' lang='lat' dir='ltr'>ad</span> <span class='ocrx_word' id='word_1_157' title='bbox 1367 1412 1568 1463; x_wconf 79' lang='lat' dir='ltr'>plebeios</span> 
     </span>
     <span class='ocr_line' id='line_1_19' title="bbox 98 1482 1590 1533; baseline -0.005 -5"><span class='ocrx_word' id='word_1_158' title='bbox 98 1491 207 1529; x_wconf 84' lang='lat' dir='ltr'>viros</span> <span class='ocrx_word' id='word_1_159' title='bbox 239 1490 363 1528; x_wconf 87' lang='lat' dir='ltr'>fortes</span> <span class='ocrx_word' id='word_1_160' title='bbox 387 1504 432 1528; x_wconf 91' lang='lat' dir='ltr'>ac</span> <span class='ocrx_word' id='word_1_161' title='bbox 456 1494 640 1528; x_wconf 88' lang='lat' dir='ltr'>strenuos</span> <span class='ocrx_word' id='word_1_162' title='bbox 663 1487 935 1526; x_wconf 85' lang='lat' dir='ltr'>transferendi</span> <span class='ocrx_word' id='word_1_163' title='bbox 953 1487 1096 1525; x_wconf 89' lang='lat' dir='ltr'>summi</span> <span class='ocrx_word' id='word_1_164' title='bbox 1112 1486 1289 1533; x_wconf 89' lang='lat' dir='ltr'>honoris,</span> <span class='ocrx_word' id='word_1_165' title='bbox 1320 1499 1400 1522; x_wconf 90' lang='lat' dir='ltr'>non</span> <span class='ocrx_word' id='word_1_166' title='bbox 1415 1488 1547 1522; x_wconf 89' lang='lat' dir='ltr'>tamen</span> <span class='ocrx_word' id='word_1_167' title='bbox 1567 1482 1590 1518; x_wconf 87' lang='lat'>9</span> 
     </span>
     <span class='ocr_line' id='line_1_20' title="bbox 100 1557 1552 1613; baseline -0.005 -13"><span class='ocrx_word' id='word_1_168' title='bbox 100 1563 208 1600; x_wconf 87' lang='lat' dir='ltr'>ultra</span> <span class='ocrx_word' id='word_1_169' title='bbox 237 1576 469 1613; x_wconf 90' lang='lat' dir='ltr'>processum</span> <span class='ocrx_word' id='word_1_170' title='bbox 502 1565 572 1608; x_wconf 88' lang='lat' dir='ltr'>est,</span> <span class='ocrx_word' id='word_1_171' title='bbox 605 1575 723 1611; x_wconf 83' lang='lat' dir='ltr'>quarn</span> <span class='ocrx_word' id='word_1_172' title='bbox 755 1564 800 1598; x_wconf 91' lang='lat' dir='ltr'>ut</span> <span class='ocrx_word' id='word_1_173' title='bbox 830 1574 932 1598; x_wconf 91' lang='lat' dir='ltr'>unus</span> <span class='ocrx_word' id='word_1_174' title='bbox 964 1574 1012 1598; x_wconf 88' lang='lat' dir='ltr'>ex</span> <span class='ocrx_word' id='word_1_175' title='bbox 1039 1559 1169 1609; x_wconf 81' lang='lat' dir='ltr'>plebe,</span> <span class='ocrx_word' id='word_1_176' title='bbox 1200 1557 1424 1607; x_wconf 89' lang='lat' dir='ltr'>usurpandi</span> <span class='ocrx_word' id='word_1_177' title='bbox 1450 1557 1552 1594; x_wconf 88' lang='lat' dir='ltr'>iuris</span> 
     </span>
     <span class='ocr_line' id='line_1_21' title="bbox 101 1631 1552 1682; baseline -0.005 -9"><span class='ocrx_word' id='word_1_178' title='bbox 101 1648 232 1682; x_wconf 85' lang='lat' dir='ltr'>causa,</span> <span class='ocrx_word' id='word_1_179' title='bbox 263 1635 309 1673; x_wconf 91' lang='lat' dir='ltr'>P.</span> <span class='ocrx_word' id='word_1_180' title='bbox 326 1635 508 1672; x_wconf 90' lang='lat' dir='ltr'>Licinius</span> <span class='ocrx_word' id='word_1_181' title='bbox 536 1633 682 1672; x_wconf 88' lang='lat' dir='ltr'>Calvus</span> <span class='ocrx_word' id='word_1_182' title='bbox 713 1633 900 1671; x_wconf 87' lang='lat' dir='ltr'>tribunus</span> <span class='ocrx_word' id='word_1_183' title='bbox 926 1632 1097 1670; x_wconf 86' lang='lat' dir='ltr'>militum</span> <span class='ocrx_word' id='word_1_184' title='bbox 1126 1631 1329 1669; x_wconf 87' lang='lat' dir='ltr'>consulari</span> <span class='ocrx_word' id='word_1_185' title='bbox 1354 1631 1552 1680; x_wconf 89' lang='lat' dir='ltr'>potestate</span> 
     </span>
    </p>
   </div>
   <div class='ocr_carea' id='block_1_3' title="bbox 102 1698 1623 1757">
    <p class='ocr_par' dir='ltr' id='par_1_3' title="bbox 102 1698 1623 1757">
     <span class='ocr_line' id='line_1_22' title="bbox 102 1698 1623 1757; baseline -0.004 -12"><span class='ocrx_word' id='word_1_186' title='bbox 102 1710 329 1755; x_wconf 54' lang='lat' dir='ltr'>crem-etum</span> <span class='ocrx_word' id='word_1_187' title='bbox 371 1707 494 1745; x_wconf 85' lang='lat' dir='ltr'>ceteri</span> <span class='ocrx_word' id='word_1_188' title='bbox 524 1706 690 1757; x_wconf 87' lang='lat' dir='ltr'>patricii</span> <span class='ocrx_word' id='word_1_189' title='bbox 723 1705 859 1752; x_wconf 84' lang='lat' dir='ltr'>creati,</span> <span class='ocrx_word' id='word_1_190' title='bbox 899 1705 946 1743; x_wconf 87' lang='lat' dir='ltr'>P.</span> <span class='ocrx_word' id='word_1_191' title='bbox 979 1704 1168 1752; x_wconf 86' lang='lat' dir='ltr'>Manlius,</span> <span class='ocrx_word' id='word_1_192' title='bbox 1207 1704 1253 1741; x_wconf 89' lang='lat' dir='ltr'>L.</span> <span class='ocrx_word' id='word_1_193' title='bbox 1285 1703 1473 1749; x_wconf 84' lang='lat' dir='ltr'>Titinius,</span> <span class='ocrx_word' id='word_1_194' title='bbox 1503 1702 1550 1740; x_wconf 84' lang='lat' dir='ltr'>P.</span> <span class='ocrx_word' id='word_1_195' title='bbox 1570 1698 1623 1737; x_wconf 88' lang='lat'>10</span> 
     </span>
    </p>
   </div>
   <div class='ocr_carea' id='block_1_4' title="bbox 101 1771 1619 1826">
    <p class='ocr_par' dir='ltr' id='par_1_4' title="bbox 101 1771 1619 1826">
     <span class='ocr_line' id='line_1_23' title="bbox 101 1771 1619 1826; baseline -0.003 -10"><span class='ocrx_word' id='word_1_196' title='bbox 101 1779 275 1826; x_wconf 80' lang='lat' dir='ltr'>Maelius,</span> <span class='ocrx_word' id='word_1_197' title='bbox 321 1779 367 1817; x_wconf 88' lang='lat' dir='ltr'>L.</span> <span class='ocrx_word' id='word_1_198' title='bbox 399 1780 546 1818; x_wconf 84' lang='lat' dir='ltr'>Furius</span> <span class='ocrx_word' id='word_1_199' title='bbox 578 1778 838 1825; x_wconf 85' lang='lat' dir='ltr'>Medullinus,</span> <span class='ocrx_word' id='word_1_200' title='bbox 884 1778 930 1815; x_wconf 89' lang='lat' dir='ltr'>L.</span> <span class='ocrx_word' id='word_1_201' title='bbox 962 1777 1168 1815; x_wconf 90' lang='lat' dir='ltr'>Publilius</span> <span class='ocrx_word' id='word_1_202' title='bbox 1210 1775 1394 1814; x_wconf 86' lang='lat' dir='ltr'>Volscus.</span> <span class='ocrx_word' id='word_1_203' title='bbox 1455 1775 1551 1824; x_wconf 86' lang='lat' dir='ltr'>Ipsa</span> <span class='ocrx_word' id='word_1_204' title='bbox 1571 1771 1619 1809; x_wconf 92' lang='grc'>11</span> 
     </span>
    </p>
   </div>
   <div class='ocr_carea' id='block_1_5' title="bbox 101 1840 1758 1902">
    <p class='ocr_par' dir='ltr' id='par_1_5' title="bbox 101 1840 1758 1902">
     <span class='ocr_line' id='line_1_24' title="bbox 101 1840 1758 1902; baseline -0.004 -12"><span class='ocrx_word' id='word_1_205' title='bbox 101 1851 242 1902; x_wconf 86' lang='lat' dir='ltr'>plebes</span> <span class='ocrx_word' id='word_1_206' title='bbox 274 1852 509 1899; x_wconf 86' lang='lat' dir='ltr'>mirabatur,</span> <span class='ocrx_word' id='word_1_207' title='bbox 541 1865 582 1889; x_wconf 90' lang='lat' dir='ltr'>se</span> <span class='ocrx_word' id='word_1_208' title='bbox 612 1855 766 1889; x_wconf 87' lang='lat' dir='ltr'>tantam</span> <span class='ocrx_word' id='word_1_209' title='bbox 798 1865 881 1888; x_wconf 85' lang='lat' dir='ltr'>rem</span> <span class='ocrx_word' id='word_1_210' title='bbox 909 1850 1140 1897; x_wconf 90' lang='lat' dir='ltr'>obtinuisse,</span> <span class='ocrx_word' id='word_1_211' title='bbox 1172 1863 1252 1887; x_wconf 91' lang='lat' dir='ltr'>non</span> <span class='ocrx_word' id='word_1_212' title='bbox 1268 1849 1302 1886; x_wconf 90' lang='lat' dir='ltr'>is</span> <span class='ocrx_word' id='word_1_213' title='bbox 1320 1847 1448 1894; x_wconf 89' lang='lat' dir='ltr'>modo,</span> <span class='ocrx_word' id='word_1_214' title='bbox 1481 1847 1551 1897; x_wconf 90' lang='lat' dir='ltr'>qui</span> <span class='ocrx_word' id='word_1_215' title='bbox 1571 1840 1681 1867; x_wconf 78' lang='lat' dir='ltr'><strong>A.u.c.</strong></span> <span class='ocrx_word' id='word_1_216' title='bbox 1699 1842 1758 1867; x_wconf 77' lang='lat'>³⁵4·</span> 
     </span>
    </p>
   </div>
   <div class='ocr_carea' id='block_1_6' title="bbox 103 1880 1762 2697">
    <p class='ocr_par' dir='ltr' id='par_1_6' title="bbox 103 1880 1762 2624">
     <span class='ocr_line' id='line_1_25' title="bbox 104 1880 1762 1971; baseline -0.004 -9"><span class='ocrx_word' id='word_1_217' title='bbox 104 1928 261 1962; x_wconf 88' lang='lat' dir='ltr'>creatus</span> <span class='ocrx_word' id='word_1_218' title='bbox 308 1930 404 1971; x_wconf 91' lang='lat' dir='ltr'>erat,</span> <span class='ocrx_word' id='word_1_219' title='bbox 447 1925 509 1962; x_wconf 87' lang='lat' dir='ltr'>vir</span> <span class='ocrx_word' id='word_1_220' title='bbox 550 1924 672 1961; x_wconf 88' lang='lat' dir='ltr'>nullis</span> <span class='ocrx_word' id='word_1_221' title='bbox 714 1925 806 1960; x_wconf 84' lang='lat' dir='ltr'>ante</span> <span class='ocrx_word' id='word_1_222' title='bbox 844 1923 1064 1961; x_wconf 89' lang='lat' dir='ltr'>honoribus</span> <span class='ocrx_word' id='word_1_223' title='bbox 1094 1935 1201 1969; x_wconf 91' lang='lat' dir='ltr'>usus,</span> <span class='ocrx_word' id='word_1_224' title='bbox 1247 1924 1363 1959; x_wconf 88' lang='lat' dir='ltr'>vetus</span> <span class='ocrx_word' id='word_1_225' title='bbox 1395 1923 1552 1958; x_wconf 88' lang='lat' dir='ltr'>tantum</span> <span class='ocrx_word' id='word_1_226' title='bbox 1571 1882 1608 1908; x_wconf 86' lang='lat' dir='ltr'>A.</span> <span class='ocrx_word' id='word_1_227' title='bbox 1628 1880 1682 1907; x_wconf 37' lang='lat' dir='ltr'>Ch·</span> <span class='ocrx_word' id='word_1_228' title='bbox 1702 1883 1762 1908; x_wconf 46' lang='lat'>4⁰⁰⁸</span> 
     </span>
     <span class='ocr_line' id='line_1_26' title="bbox 103 1991 1622 2044; baseline -0.005 -9"><span class='ocrx_word' id='word_1_229' title='bbox 103 2000 267 2035; x_wconf 82' lang='lat' dir='ltr'>senator</span> <span class='ocrx_word' id='word_1_230' title='bbox 298 2000 337 2034; x_wconf 92' lang='lat' dir='ltr'>et</span> <span class='ocrx_word' id='word_1_231' title='bbox 367 2000 484 2034; x_wconf 85' lang='lat' dir='ltr'>aetate</span> <span class='ocrx_word' id='word_1_232' title='bbox 516 1996 595 2034; x_wconf 85' lang='lat' dir='ltr'>iam</span> <span class='ocrx_word' id='word_1_233' title='bbox 627 1996 779 2044; x_wconf 70' lang='lat' dir='ltr'>gravis,</span> <span class='ocrx_word' id='word_1_234' title='bbox 813 2008 885 2032; x_wconf 90' lang='lat' dir='ltr'>nec</span> <span class='ocrx_word' id='word_1_235' title='bbox 916 1995 1012 2033; x_wconf 90' lang='lat' dir='ltr'>satis</span> <span class='ocrx_word' id='word_1_236' title='bbox 1040 1997 1206 2041; x_wconf 87' lang='lat' dir='ltr'>constat,</span> <span class='ocrx_word' id='word_1_237' title='bbox 1239 2007 1310 2031; x_wconf 88' lang='lat' dir='ltr'>cur</span> <span class='ocrx_word' id='word_1_238' title='bbox 1335 1993 1488 2043; x_wconf 87' lang='lat' dir='ltr'>primus</span> <span class='ocrx_word' id='word_1_239' title='bbox 1506 2005 1552 2030; x_wconf 91' lang='lat' dir='ltr'>ac</span> <span class='ocrx_word' id='word_1_240' title='bbox 1574 1991 1622 2028; x_wconf 83' lang='lat'>12</span> 
     </span>
     <span class='ocr_line' id='line_1_27' title="bbox 103 2064 1556 2120; baseline -0.004 -12"><span class='ocrx_word' id='word_1_241' title='bbox 103 2069 342 2120; x_wconf 90' lang='lat' dir='ltr'>potissimus</span> <span class='ocrx_word' id='word_1_242' title='bbox 375 2068 426 2107; x_wconf 83' lang='lat' dir='ltr'>ad</span> <span class='ocrx_word' id='word_1_243' title='bbox 456 2081 603 2107; x_wconf 87' lang='lat' dir='ltr'>novum</span> <span class='ocrx_word' id='word_1_244' title='bbox 635 2067 896 2106; x_wconf 86' lang='lat' dir='ltr'>delibandum</span> <span class='ocrx_word' id='word_1_245' title='bbox 926 2067 1117 2105; x_wconf 87' lang='lat' dir='ltr'>honorem</span> <span class='ocrx_word' id='word_1_246' title='bbox 1149 2067 1204 2105; x_wconf 90' lang='lat' dir='ltr'>sit</span> <span class='ocrx_word' id='word_1_247' title='bbox 1233 2066 1405 2104; x_wconf 86' lang='lat' dir='ltr'>habitus.</span> <span class='ocrx_word' id='word_1_248' title='bbox 1468 2064 1556 2103; x_wconf 88' lang='lat' dir='ltr'>Alii</span> 
     </span>
     <span class='ocr_line' id='line_1_28' title="bbox 106 2138 1557 2190; baseline -0.003 -10"><span class='ocrx_word' id='word_1_249' title='bbox 106 2141 178 2181; x_wconf 86' lang='lat' dir='ltr'>Cn.</span> <span class='ocrx_word' id='word_1_250' title='bbox 207 2141 386 2180; x_wconf 85' lang='lat' dir='ltr'>Cornelii</span> <span class='ocrx_word' id='word_1_251' title='bbox 418 2140 568 2187; x_wconf 86' lang='lat' dir='ltr'>fratris,</span> <span class='ocrx_word' id='word_1_252' title='bbox 601 2140 669 2190; x_wconf 92' lang='lat' dir='ltr'>qui</span> <span class='ocrx_word' id='word_1_253' title='bbox 700 2140 889 2177; x_wconf 88' lang='lat' dir='ltr'>tribunus</span> <span class='ocrx_word' id='word_1_254' title='bbox 920 2139 1098 2177; x_wconf 85' lang='lat' dir='ltr'>militum</span> <span class='ocrx_word' id='word_1_255' title='bbox 1129 2139 1264 2189; x_wconf 89' lang='lat' dir='ltr'>priore</span> <span class='ocrx_word' id='word_1_256' title='bbox 1295 2151 1398 2176; x_wconf 85' lang='lat' dir='ltr'>anno</span> <span class='ocrx_word' id='word_1_257' title='bbox 1425 2138 1557 2175; x_wconf 83' lang='lat' dir='ltr'>fuerat</span> 
     </span>
     <span class='ocr_line' id='line_1_29' title="bbox 104 2210 1556 2265; baseline -0.003 -13"><span class='ocrx_word' id='word_1_258' title='bbox 104 2215 336 2265; x_wconf 84' lang='lat' dir='ltr'>triplexque</span> <span class='ocrx_word' id='word_1_259' title='bbox 368 2213 616 2263; x_wconf 89' lang='lat' dir='ltr'>stipendium</span> <span class='ocrx_word' id='word_1_260' title='bbox 650 2212 853 2262; x_wconf 88' lang='lat' dir='ltr'>equitibus</span> <span class='ocrx_word' id='word_1_261' title='bbox 884 2211 1060 2259; x_wconf 81' lang='lat' dir='ltr'>dederat,</span> <span class='ocrx_word' id='word_1_262' title='bbox 1091 2212 1222 2261; x_wconf 85' lang='lat' dir='ltr'>gratia</span> <span class='ocrx_word' id='word_1_263' title='bbox 1254 2215 1477 2249; x_wconf 80' lang='lat' dir='ltr'>extractum</span> <span class='ocrx_word' id='word_1_264' title='bbox 1504 2210 1556 2248; x_wconf 86' lang='lat' dir='ltr'>ad</span> 
     </span>
     <span class='ocr_line' id='line_1_30' title="bbox 104 2282 1555 2335; baseline -0.003 -11"><span class='ocrx_word' id='word_1_265' title='bbox 104 2290 262 2326; x_wconf 81' lang='lat' dir='ltr'>tantum</span> <span class='ocrx_word' id='word_1_266' title='bbox 302 2287 494 2324; x_wconf 88' lang='lat' dir='ltr'>honorem</span> <span class='ocrx_word' id='word_1_267' title='bbox 537 2284 714 2333; x_wconf 88' lang='lat' dir='ltr'>credunt,</span> <span class='ocrx_word' id='word_1_268' title='bbox 757 2285 828 2323; x_wconf 89' lang='lat' dir='ltr'>alii</span> <span class='ocrx_word' id='word_1_269' title='bbox 860 2285 1083 2323; x_wconf 86' lang='lat' dir='ltr'>orationem</span> <span class='ocrx_word' id='word_1_270' title='bbox 1115 2284 1245 2335; x_wconf 89' lang='lat' dir='ltr'>ipsum</span> <span class='ocrx_word' id='word_1_271' title='bbox 1276 2282 1555 2333; x_wconf 85' lang='lat' dir='ltr'>tempestivam</span> 
     </span>
     <span class='ocr_line' id='line_1_31' title="bbox 107 2355 1557 2407; baseline -0.004 -11"><span class='ocrx_word' id='word_1_272' title='bbox 107 2359 158 2397; x_wconf 91' lang='lat' dir='ltr'>de</span> <span class='ocrx_word' id='word_1_273' title='bbox 196 2358 417 2398; x_wconf 88' lang='lat' dir='ltr'>concordia</span> <span class='ocrx_word' id='word_1_274' title='bbox 454 2357 653 2404; x_wconf 89' lang='lat' dir='ltr'>ordinum,</span> <span class='ocrx_word' id='word_1_275' title='bbox 698 2357 885 2407; x_wconf 82' lang='lat' dir='ltr'>patribus</span> <span class='ocrx_word' id='word_1_276' title='bbox 923 2357 1111 2407; x_wconf 90' lang='lat' dir='ltr'>plebique</span> <span class='ocrx_word' id='word_1_277' title='bbox 1142 2360 1310 2406; x_wconf 87' lang='lat' dir='ltr'>gratam,</span> <span class='ocrx_word' id='word_1_278' title='bbox 1354 2355 1557 2392; x_wconf 89' lang='lat' dir='ltr'>habuisse.</span> 
     </span>
     <span class='ocr_line' id='line_1_32' title="bbox 108 2424 1626 2479; baseline -0.005 -10"><span class='ocrx_word' id='word_1_279' title='bbox 108 2431 197 2469; x_wconf 90' lang='lat' dir='ltr'>Hac</span> <span class='ocrx_word' id='word_1_280' title='bbox 221 2431 393 2470; x_wconf 83' lang='lat' dir='ltr'>victoria</span> <span class='ocrx_word' id='word_1_281' title='bbox 417 2430 672 2468; x_wconf 87' lang='lat' dir='ltr'>comitiorum</span> <span class='ocrx_word' id='word_1_282' title='bbox 699 2429 948 2467; x_wconf 82' lang='lat' dir='ltr'>exsultantes</span> <span class='ocrx_word' id='word_1_283' title='bbox 972 2429 1129 2467; x_wconf 88' lang='lat' dir='ltr'>tribuni</span> <span class='ocrx_word' id='word_1_284' title='bbox 1153 2429 1296 2479; x_wconf 87' lang='lat' dir='ltr'>plebis,</span> <span class='ocrx_word' id='word_1_285' title='bbox 1322 2427 1429 2478; x_wconf 88' lang='lat' dir='ltr'>quod</span> <span class='ocrx_word' id='word_1_286' title='bbox 1448 2439 1554 2464; x_wconf 84' lang='lat' dir='ltr'>max·</span> <span class='ocrx_word' id='word_1_287' title='bbox 1577 2424 1626 2462; x_wconf 90' lang='lat'>13</span> 
     </span>
     <span class='ocr_line' id='line_1_33' title="bbox 108 2498 1556 2554; baseline -0.004 -12"><span class='ocrx_word' id='word_1_288' title='bbox 108 2504 188 2543; x_wconf 89' lang='lat' dir='ltr'>ime</span> <span class='ocrx_word' id='word_1_289' title='bbox 218 2518 300 2542; x_wconf 91' lang='lat' dir='ltr'>rem</span> <span class='ocrx_word' id='word_1_290' title='bbox 333 2503 538 2554; x_wconf 86' lang='lat' dir='ltr'>publicam</span> <span class='ocrx_word' id='word_1_291' title='bbox 570 2501 827 2552; x_wconf 81' lang='lat' dir='ltr'>impediebat,</span> <span class='ocrx_word' id='word_1_292' title='bbox 858 2501 906 2539; x_wconf 90' lang='lat' dir='ltr'>de</span> <span class='ocrx_word' id='word_1_293' title='bbox 936 2501 1090 2539; x_wconf 85' lang='lat' dir='ltr'>tributo</span> <span class='ocrx_word' id='word_1_294' title='bbox 1116 2501 1368 2539; x_wconf 86' lang='lat' dir='ltr'>remiserunt.</span> <span class='ocrx_word' id='word_1_295' title='bbox 1426 2498 1556 2536; x_wconf 81' lang='lat' dir='ltr'>Colla·</span> 
     </span>
     <span class='ocr_line' id='line_1_34' title="bbox 107 2573 1171 2624; baseline -0.003 -10"><span class='ocrx_word' id='word_1_296' title='bbox 107 2579 193 2614; x_wconf 89' lang='lat' dir='ltr'>tum</span> <span class='ocrx_word' id='word_1_297' title='bbox 225 2576 460 2614; x_wconf 88' lang='lat' dir='ltr'>obedienter</span> <span class='ocrx_word' id='word_1_298' title='bbox 491 2575 733 2624; x_wconf 87' lang='lat' dir='ltr'>missumque</span> <span class='ocrx_word' id='word_1_299' title='bbox 764 2573 815 2612; x_wconf 84' lang='lat' dir='ltr'>ad</span> <span class='ocrx_word' id='word_1_300' title='bbox 846 2574 1068 2612; x_wconf 87' lang='lat' dir='ltr'>exercitum</span> <span class='ocrx_word' id='word_1_301' title='bbox 1101 2576 1171 2612; x_wconf 90' lang='lat' dir='ltr'>est.</span> 
     </span>
    </p>

    <p class='ocr_par' dir='ltr' id='par_1_7' title="bbox 224 2637 1686 2697">
     <span class='ocr_line' id='line_1_35' title="bbox 224 2637 1686 2697; baseline -0.004 -11"><span class='ocrx_word' id='word_1_302' title='bbox 224 2647 370 2686; x_wconf 87' lang='lat' dir='ltr'>Anxur</span> <span class='ocrx_word' id='word_1_303' title='bbox 399 2649 441 2686; x_wconf 92' lang='lat' dir='ltr'>in</span> <span class='ocrx_word' id='word_1_304' title='bbox 458 2647 620 2687; x_wconf 88' lang='lat' dir='ltr'>Volscis</span> <span class='ocrx_word' id='word_1_305' title='bbox 650 2647 764 2685; x_wconf 87' lang='lat' dir='ltr'>brevi</span> <span class='ocrx_word' id='word_1_306' title='bbox 794 2650 1001 2697; x_wconf 90' lang='lat' dir='ltr'>receptum</span> <span class='ocrx_word' id='word_1_307' title='bbox 1033 2648 1103 2693; x_wconf 89' lang='lat' dir='ltr'>est,</span> <span class='ocrx_word' id='word_1_308' title='bbox 1135 2644 1330 2694; x_wconf 84' lang='lat' dir='ltr'>neglectis</span> <span class='ocrx_word' id='word_1_309' title='bbox 1362 2644 1427 2681; x_wconf 89' lang='lat' dir='ltr'>die</span> <span class='ocrx_word' id='word_1_310' title='bbox 1452 2643 1552 2681; x_wconf 87' lang='lat' dir='ltr'>festo</span> <span class='ocrx_word' id='word_1_311' title='bbox 1635 2637 1686 2687; x_wconf 82' lang='grc'>13</span> 
     </span>
    </p>
   </div>
   <div class='ocr_carea' id='block_1_7' title="bbox 111 2714 1557 2769">
    <p class='ocr_par' dir='ltr' id='par_1_8' title="bbox 111 2714 1557 2769">
     <span class='ocr_line' id='line_1_36' title="bbox 111 2714 1557 2769; baseline -0.003 -12"><span class='ocrx_word' id='word_1_312' title='bbox 111 2720 305 2759; x_wconf 83' lang='lat' dir='ltr'>custodiis</span> <span class='ocrx_word' id='word_1_313' title='bbox 335 2721 462 2758; x_wconf 82' lang='lat' dir='ltr'>urbis,</span> <span class='ocrx_word' id='word_1_314' title='bbox 522 2719 700 2769; x_wconf 89' lang='lat' dir='ltr'>Insignis</span> <span class='ocrx_word' id='word_1_315' title='bbox 736 2732 864 2757; x_wconf 83' lang='lat' dir='ltr'>annus</span> <span class='ocrx_word' id='word_1_316' title='bbox 894 2719 1022 2757; x_wconf 86' lang='lat' dir='ltr'>hieme</span> <span class='ocrx_word' id='word_1_317' title='bbox 1052 2716 1190 2767; x_wconf 77' lang='lat' dir='ltr'>gelida</span> <span class='ocrx_word' id='word_1_318' title='bbox 1221 2730 1266 2754; x_wconf 87' lang='lat' dir='ltr'>ac</span> <span class='ocrx_word' id='word_1_319' title='bbox 1296 2716 1437 2754; x_wconf 81' lang='lat' dir='ltr'>nivosa</span> <span class='ocrx_word' id='word_1_320' title='bbox 1467 2714 1557 2762; x_wconf 88' lang='lat' dir='ltr'>fuit,</span> 
     </span>
    </p>
   </div>
  </div>
 </body>
</html>
