1821 2928
518 212 608 237 Liber
625 211 694 237 vn.
732 212 780 239 (A.
801 212 853 238 ch.
873 213 1028 243 364—862.)
1390 202 1439 240 51

68 328 184 366 misso
224 327 367 365 deinde
408 340 527 373 more,
573 327 696 376 digna
737 328 856 366 etiam
901 341 972 378 per
1013 341 1052 365 se
1091 328 1178 366 visa
1216 341 1291 376 res,
1334 331 1499 378 propter

69 409 187 446 quam
217 395 390 434 dictator
422 400 634 434 crearetur.

181 465 271 513 Qua
301 464 348 502 de
381 478 497 503 causa
530 469 684 502 creatus
702 465 748 502 L.
764 465 953 512 Manlius,
983 464 1149 515 perinde
1167 478 1212 502 ac
1234 464 1292 502 rei
1315 465 1498 515 gerendae
1517 465 1540 500 9

66 548 112 571 ac
141 547 221 572 non
252 533 452 571 solvendae
474 533 682 583 religionis
705 534 836 582 gratia
860 536 1016 571 creatus
1040 537 1151 580 esset,
1182 534 1330 571 bellum
1353 532 1499 571 Herni-

69 616 156 640 cum
187 601 374 640 affectans
406 602 554 639 dilectu
587 603 729 639 acerbo
761 602 1005 639 iuventutem
1037 601 1222 650 agitavit3
1259 601 1500 651 tandemque

68 671 249 709 omnibus
280 671 321 708 in
353 684 440 708 eum
470 670 644 707 tribunis
675 671 804 720 plebis
829 670 984 717 coortis,
1015 683 1082 707 seu
1105 671 1146 708 vi
1169 684 1237 709 seu
1259 669 1501 708 verecundia

67 740 207 787 victus,
239 739 440 777 dictatura
465 738 576 776 abiit.
622 738 760 789 Neque
788 753 832 777 eo
859 739 989 776 minus
1019 739 1220 789 principio
1252 739 1498 788 insequentis
1585 735 1613 781 4

65 808 171 855 anni,
202 808 250 856 Q.
281 806 450 846 Servilio
483 807 630 856 Ahala,
661 808 707 845 L.
739 806 919 845 Genucio
951 807 1190 855 consulibus,
1229 808 1313 845 dies
1343 807 1498 846 Manlio
1516 795 1703 856 fijffjffjggj

66 875 212 914 dicitur
229 889 252 914 a
267 876 321 914 M.
338 876 562 926 Pomponio
586 876 749 914 tribuno
766 876 906 926 plebis.
938 875 1153 913 Acerbitas
1170 876 1211 913 in
1228 876 1389 924 dilectu,
1419 890 1499 914 non
1515 876 1538 913 2

65 945 209 983 damno
249 945 366 983 modo
399 945 555 992 civium,
601 945 670 983 sed
711 945 830 983 etiam
870 944 1113 983 laceratione
1155 958 1366 994 corporum
1406 945 1500 993 lata,

67 1013 214 1064 partim
229 1014 355 1062 virgis
387 1014 506 1061 caesis,
539 1014 607 1063 qui
638 1014 688 1051 ad
719 1014 880 1051 nomina
903 1027 982 1051 non
1011 1013 1322 1063 respondissent,
1352 1013 1500 1064 partim

66 1082 105 1118 in
134 1082 267 1119 vincla
300 1082 441 1129 ductis,
486 1083 614 1120 invisa
645 1085 741 1129 erat,
782 1086 821 1120 et
861 1085 952 1119 ante
983 1082 1116 1119 omnia
1156 1082 1328 1119 invisum
1368 1082 1540 1132 ipsum3

65 1150 269 1200 ingenium
299 1153 414 1189 atrox
444 1164 741 1200 cognomenque
757 1150 983 1200 Imperiosi,
1013 1164 1134 1200 grave
1164 1150 1301 1188 liberae
1335 1150 1500 1199 civitati,

64 1219 114 1256 ab
147 1219 411 1257 ostentatione
443 1219 604 1257 saevitiae
629 1219 837 1266 adscitum,
869 1233 987 1269 quam
1019 1233 1097 1257 non
1129 1219 1255 1268 magis
1286 1219 1327 1256 in
1358 1219 1499 1257 alienis

64 1301 183 1336 quam
214 1288 255 1325 in
285 1288 477 1338 proximis
508 1301 553 1325 ac
584 1288 776 1337 sanguine
815 1288 900 1337 ipse
940 1301 1009 1326 suo
1041 1291 1250 1325 exerceret.
1311 1287 1497 1325 Crimini·
1515 1287 1540 1324 4

52 1360 141 1404 'que
173 1356 209 1394 ei
237 1356 423 1394 tribunus
454 1356 558 1393 inter
591 1360 719 1394 cetera
744 1356 877 1403 dabat,
909 1356 1016 1406 quod
1036 1356 1164 1393 filium
1188 1355 1381 1403 iuvenem,
1411 1355 1498 1393 nul·

65 1423 143 1461 lius
173 1424 311 1474 probri
336 1428 589 1474 compertum,
621 1428 817 1462 extorrem
849 1425 957 1471 urbe,
990 1425 1118 1472 domo,
1149 1424 1372 1474 penatibus,
1401 1425 1500 1472 foro,

67 1492 165 1539 luce,
195 1506 407 1542 congressu
439 1493 654 1543 aequalium
684 1493 943 1543 prohibitum,
981 1493 1022 1529 in
1053 1506 1152 1542 opus
1183 1492 1337 1540 servile,
1373 1506 1499 1543 prope

68 1560 107 1597 in
141 1573 335 1599 carcerem
376 1565 495 1611 atque
535 1562 576 1599 in
618 1562 862 1611 ergastulum
903 1561 1070 1609 dederit,
1110 1561 1180 1599 ubi
1221 1575 1370 1599 summo
1411 1561 1540 1600 10005

68 1632 183 1667 natus
215 1629 450 1668 dictatorius
483 1630 634 1668 iuvenis
660 1630 895 1680 quotidiana
918 1630 1077 1667 miseria
1095 1629 1276 1677 disceret,
1306 1643 1398 1668 vere
1430 1630 1500 1667 im-

68 1697 225 1746 perioso
256 1701 370 1748 patre
412 1712 452 1736 se
493 1702 629 1736 natum
670 1713 763 1736 esse.
824 1698 884 1736 At.
924 1712 1041 1749 quam
1074 1699 1123 1736 ob
1164 1698 1336 1736 noxam?
1395 1699 1502 1747 Quia

68 1766 320 1805 infacundior
351 1768 403 1805 sit
434 1771 473 1805 et
504 1768 643 1817 lingua
674 1768 954 1818 impromptus:
988 1768 1095 1817 quod
1126 1771 1279 1805 naturae
1312 1768 1498 1805 damnum
1517 1767 1539 1804 6

69 1839 199 1872 utrum
231 1835 489 1874 nutriendum
521 1834 703 1887 patrifsi
727 1836 940 1886 quicquam
972 1837 1013 1873 in
1037 1850 1081 1874 eo
1113 1836 1276 1874 humani
1307 1839 1419 1882 esset,
1450 1849 1501 1873 an

67 1903 343 1952 castigandum
366 1917 412 1941 ac
433 1904 644 1942 vexatione
667 1904 822 1953 insigne
845 1905 1071 1942 faciendum
1095 1903 1244 1942 fuisse?
1288 1904 1349 1942 Ne
1372 1907 1501 1942 mutas

67 1971 227 2021 quidem
265 1972 415 2010 bestias
445 1972 574 2009 minus
606 1973 711 2010 alere
742 1987 788 2010 ac
828 1973 972 2020 fovere,
1013 1973 1046 2010 si
1087 1973 1184 2023 quid
1226 1987 1272 2010 ex
1311 1973 1503 2023 progenie

67 2053 137 2077 sua
178 2054 316 2090 parum
357 2053 591 2091 prosperum
631 2041 700 2087 sit;
749 2044 791 2078 at
830 2041 990 2079 hercule
1031 2041 1075 2080 L.
1117 2041 1314 2079 Manlium
1354 2041 1543 2079 malum?

68 2109 172 2147 malo
204 2123 349 2158 augere
365 2108 440 2147 filii
471 2114 510 2148 et
539 2109 772 2147 tarditatem
805 2109 955 2159 ingenii
988 2110 1150 2161 insuper
1180 2124 1359 2160 premere
1390 2114 1439 2157 et,
1471 2110 1504 2148 si

68 2177 164 2226 quid
196 2177 236 2215 in
268 2192 312 2216 eo
345 2179 531 2228 exiguum
562 2178 758 2216 naturalis
788 2178 940 2227 vigoris
971 2179 1032 2226 sit,
1064 2179 1105 2216 id
1137 2179 1390 2228 exstinguere
1418 2179 1504 2217 vita

67 2246 215 2294 agresti
247 2250 286 2284 et
315 2248 466 2285 rustico
497 2247 606 2284 cultu
640 2247 742 2284 inter
774 2247 945 2296 pecudes
975 2247 1171 2286 habendo.
1218 2246 1406 2285 Omnium
1435 2261 1504 2298 po·
1594 2244 1621 2289 5

66 2314 147 2351 tius
191 2315 253 2353 his
295 2316 640 2354 criminationibus
682 2329 800 2364 quam
847 2315 972 2365 ipsius
1016 2315 1171 2353 iuvenis
1217 2316 1399 2353 irritatus
1445 2318 1505 2353 est

69 2382 241 2430 animus,
272 2384 370 2434 qtin
403 2388 553 2431 contra,
585 2398 624 2421 se
649 2397 806 2433 quoque
823 2383 980 2434 parenti
1007 2398 1165 2422 causam
1197 2384 1359 2422 invidiae
1383 2387 1504 2433 atque

69 2451 277 2490 criminum
308 2466 403 2500 esse,
434 2466 538 2502 aegre
568 2466 718 2503 passus,
750 2456 794 2489 ut
825 2466 958 2490 omnes
983 2452 1024 2490 di
1054 2453 1313 2504 hominesque
1345 2452 1503 2499 scirent,
1521 2453 1543 2489 2

68 2531 108 2555 se
137 2521 295 2570 parenti
325 2535 439 2572 opem
470 2521 591 2559 latam
624 2535 741 2571 quam
781 2520 952 2558 inimicis
989 2522 1073 2559 eius
1110 2522 1240 2568 malle,
1277 2521 1385 2571 capit
1416 2534 1506 2559 con·

70 2585 201 2625 silium
230 2589 344 2626 rudis
372 2589 531 2639 quidem
555 2593 674 2640 atque
699 2589 868 2638 agrestis
891 2589 1024 2637 animi,
1056 2590 1136 2637 sed,
1167 2603 1395 2640 quanquam
1428 2602 1506 2627 non

69 2654 197 2694 civilis
227 2657 407 2707 exempli,
444 2662 574 2696 tamen
607 2659 755 2708 pietate
787 2658 1001 2696 laudabile.
1048 2658 1316 2695 luscientibus
1340 2658 1503 2705 cunctis,
1522 2658 1544 2694 3

1273 2737 1315 2769 4*
