1821 2928
339 113 419 150 202
719 107 834 142 Liber
857 107 927 141 IV.
975 108 1036 150 (A.
1062 119 1096 142 u.
1122 118 1151 142 c.
1177 107 1384 150 309-310.)

339 235 445 285 quod
486 248 598 272 nemo
639 234 818 285 plebeius
860 234 1040 285 auspicia
1080 234 1263 282 haberet,
1308 233 1477 284 ideoque
1522 232 1763 271 decemviros

340 306 582 344 connubium
613 306 835 353 diremisse,
877 319 925 344 ne
956 306 1108 343 incerta
1139 306 1252 355 prole
1283 305 1466 356 auspicia
1494 304 1764 343 turbarentur.

300 379 323 416 3
344 377 485 416 Plebes
525 377 575 415 ad
617 377 658 415 id
698 378 867 416 maxime
909 377 1182 426 indignatione
1214 377 1373 425 exarsit,
1414 376 1522 427 quod
1552 376 1763 427 auspicari,

337 455 525 500 tanquam
558 449 677 487 invisi
709 449 770 487 dis
802 449 1105 496 immortalibus,
1136 451 1377 497 negarentur
1408 461 1544 499 posse3
1574 461 1647 486 nec
1670 449 1763 486 ante

338 521 428 558 finis
460 521 755 559 contentionum
772 522 861 568 fuit,
895 534 1017 571 quum
1034 524 1072 557 et
1088 520 1294 558 tribunum
1310 520 1547 558 acerrimum
1563 521 1762 558 auctorem

337 592 474 642 plebes
504 595 621 629 nacta
652 597 756 631 esset
785 595 824 630 et
856 593 943 642 ipsa
974 605 1062 630 cum
1093 605 1138 630 eo
1169 592 1392 642 pertinacia
1422 594 1613 642 certaret,
1644 604 1763 642 quam

295 666 319 701 4
338 663 435 701 victi
465 663 626 701 tandem
656 667 802 714 patres,
835 668 880 701 ut
912 664 959 701 de
992 663 1190 701 connubio
1221 664 1404 710 ferretur,
1436 676 1678 713 concessere,
1707 663 1763 700 ita

336 736 502 773 maxime
533 736 612 773 rati
643 736 938 773 contentionem
970 735 1019 772 de
1049 735 1219 785 plebeiis
1246 734 1476 773 consulibus
1491 734 1677 772 tribunos
1693 737 1761 772 aut

336 810 457 845 totam
490 807 742 857 deposituros
773 811 841 845 aut
871 810 962 856 post
992 807 1141 844 bellum
1169 806 1365 844 dilaturos
1389 819 1484 857 esse,
1517 809 1761 844 contentam—

336 892 411 928 que
443 879 603 917 interim
637 879 836 916 connubio
867 879 1023 928 plebem
1055 881 1235 928 paratam
1267 878 1431 916 dilectui
1461 879 1555 915 fore.

296 951 319 988 5
453 950 582 997 Quum
615 950 831 987 Canuleius
872 951 1040 988 victoria
1081 951 1128 987 de
1168 951 1350 1000 patribus
1388 954 1427 988 et
1464 949 1595 1000 plebis
1626 949 1761 987 favore

337 1023 474 1070 ingens
507 1025 627 1066 esset,
669 1023 823 1059 accensi
855 1022 925 1059 alii
955 1022 1109 1059 tribuni
1140 1022 1189 1059 ad
1220 1026 1420 1060 certamen
1450 1034 1522 1072 pro
1553 1021 1760 1071 rogatione

335 1107 405 1131 sua
435 1107 586 1131 summa
616 1093 655 1131 vi
686 1097 868 1143 pugnant
899 1097 950 1143 et,
984 1097 1184 1131 crescente
1214 1094 1255 1131 in
1279 1093 1364 1131 dies
1381 1094 1485 1131 fama
1500 1093 1611 1140 belli,
1642 1093 1762 1130 dilec-

294 1167 316 1202 6
335 1169 418 1202 tum
450 1165 682 1215 impediunt.
730 1164 932 1211 Consules,
966 1178 1085 1214 quum
1109 1179 1181 1215 per
1197 1169 1388 1215 senatum,
1421 1164 1761 1203 intercedentibus

332 1236 518 1283 tribunis,
552 1237 653 1273 nihil
686 1237 751 1284 agi
783 1241 927 1286 posset,
958 1237 1132 1275 concilia
1162 1237 1391 1288 principum
1424 1237 1530 1275 domi
1547 1236 1759 1275 habebant.

336 1309 593 1358 Apparebat(
617 1312 685 1345 aut
715 1307 898 1345 hostibus
930 1312 998 1345 aut
1028 1309 1180 1346 civibus
1211 1309 1260 1346 de
1282 1309 1451 1347 victoria
1468 1307 1760 1346 concedendum

294 1381 315 1416 7
336 1393 430 1417 esse.
478 1378 562 1417 Soli
596 1393 643 1416 ex
676 1380 954 1417 consularibus
973 1379 1162 1418 Valerius
1193 1384 1312 1430 atque
1329 1380 1525 1418 Horatius
1542 1393 1620 1418 non
1638 1379 1759 1418 inter-

331 1455 442 1489 erant
481 1451 676 1490 conciliis.
754 1451 796 1489 C.
838 1451 995 1489 Claudii
1037 1453 1235 1491 sententia
1276 1452 1459 1490 consules
1500 1451 1680 1490 armabat
1717 1452 1759 1489 in

330 1523 524 1568 tribunos.
558 1522 847 1570 Quinctiorum,
879 1523 1188 1574 Cincinnatique
1219 1527 1258 1562 et
1289 1523 1522 1574 Capitolini,
1554 1523 1759 1562 sententiae

331 1595 603 1632 abhorrebant
634 1608 656 1631 a
687 1595 794 1632 caede
825 1595 1113 1645 violandisque,
1145 1610 1242 1645 quos
1267 1596 1416 1634 foedere
1441 1596 1520 1634 icto
1538 1608 1626 1633 cum
1642 1594 1758 1645 plebe

291 1667 605 1703 8sacrosanctos
644 1667 898 1716 accepissent.
972 1666 1052 1704 Per
1090 1667 1172 1704 haec
1212 1668 1380 1705 concilia
1420 1680 1464 1704 eo
1497 1666 1669 1704 deducta
1699 1669 1759 1704 est

330 1751 403 1787 res,
436 1741 480 1775 ut
510 1738 692 1775 tribunos
724 1738 895 1775 militum
929 1739 1129 1776 consulari
1151 1741 1349 1788 potestate
1377 1738 1601 1789 promiscue
1626 1751 1674 1776 ex
1690 1751 1758 1788 pa-

329 1810 459 1847 tribus
491 1823 535 1847 ac
567 1809 684 1859 plebe
716 1810 842 1846 creari
873 1810 1065 1857 sinerent,
1096 1810 1143 1847 de
1174 1811 1407 1848 consulibus
1440 1809 1623 1848 creandis
1654 1809 1757 1847 nihil

291 1883 313 1919 9
333 1885 568 1927 mutaretur;
614 1894 738 1930 eoque
769 1882 945 1919 contenti
975 1882 1142 1928 tribuni,
1174 1886 1368 1920 contenta·
1391 1882 1506 1932 plebs
1535 1881 1624 1919 fuit.
1684 1880 1756 1919 Co-

331 1953 444 1990 mitia
473 1953 649 1990 tribunis
681 1953 882 1990 consulari
913 1957 1110 2003 potestate
1141 1954 1270 1991 tribus
1303 1954 1485 1991 creandis
1516 1953 1757 1991 indicuntur.

331 2024 485 2070 Quibus
518 2024 690 2071 indictis,
722 2025 934 2074 extemplo,
969 2026 1199 2075 quicunque
1225 2025 1379 2075 aliquid
1395 2025 1584 2063 seditiose
1600 2004 1758 2062 dixerat

330 2099 398 2132 aut
428 2096 574 2133 fecerat
604 2092 797 2146 unquam,
829 2097 997 2134 maxime
1026 2097 1251 2144 tribunicii,
1289 2100 1328 2134 et
1358 2109 1546 2147 prensare
1576 2096 1756 2134 homines

260 2169 312 2205 10
330 2170 369 2203 et
408 2179 641 2204 concursare
678 2171 762 2205 toto
802 2168 889 2206 foro
928 2168 1128 2206 candidati
1167 2181 1333 2218 coepere,
1380 2171 1427 2205 ut
1465 2167 1656 2217 patricios
1689 2167 1754 2205 de·

329 2238 502 2287 speratio
535 2238 665 2287 primo
697 2239 855 2276 irritata
886 2240 1003 2289 plebe
1026 2239 1232 2290 apiscendi
1255 2239 1429 2286 honoris,
1462 2238 1606 2276 deinde
1623 2238 1754 2288 indig-

329 2309 446 2355 natio,
479 2309 512 2345 si
543 2322 630 2345 cum
663 2310 723 2347 his
748 2312 946 2359 gerendus
971 2315 1073 2349 esset
1098 2312 1235 2357 honos,
1266 2310 1497 2349 deterreret.
1545 2310 1754 2348 Postremo

328 2380 454 2418 coacti
485 2384 615 2417 tamen
649 2394 671 2417 a
700 2382 944 2429 primoribus
976 2383 1139 2432 petiere,
1172 2395 1221 2419 ne
1247 2382 1410 2419 cessisse
1426 2382 1672 2432 possessione
1695 2382 1753 2418 rei

257 2455 306 2492 11
326 2451 498 2501 publicae
528 2451 772 2491 viderentur.
819 2452 999 2490 Eventus
1031 2466 1166 2491 eorum
1198 2453 1448 2491 comitiorum
1476 2452 1623 2499 docuit,
1654 2452 1752 2490 alios

327 2523 478 2560 animos
510 2523 553 2560 in
585 2523 837 2561 content-ione
861 2524 1058 2561 libertatis
1082 2524 1379 2574 dignitatisque,
1413 2524 1512 2561 alios
1536 2523 1751 2561 secundum

328 2593 508 2643 deposita
554 2595 769 2632 certamina
809 2595 1039 2644 incorrupto
1081 2595 1232 2633 iudicio
1272 2608 1376 2641 esse;
1421 2594 1604 2631 tribunos
1645 2593 1752 2631 enim

325 2678 461 2702 omnes
500 2666 690 2715 patricios
731 2666 880 2703 creavit
917 2666 1106 2715 populus,
1155 2669 1364 2703 contentus
1405 2679 1461 2711 ec,
1509 2665 1616 2715 quod
1646 2665 1750 2703 ratio
