1821 2928
371 182 422 218 30·
778 189 867 214 Liber
885 189 937 213 vx.
975 188 1021 217 (A.
1041 197 1070 214 u.
1091 196 1115 214 c.
1135 191 1291 218 377—383.)

313 305 432 342 etiam
456 303 598 353 plebis,
629 307 674 340 ut
697 316 776 340 non
801 303 917 340 modo
943 303 993 339 ad
1016 302 1266 340 tribunatum
1291 303 1466 340 militum
1492 305 1597 342 inter
1620 307 1746 356 patri-

271 375 296 411 4
314 373 396 410 cios
420 371 646 420 petendum,
678 370 784 420 quod
807 374 919 407 tanta
943 370 983 407 vi
1008 374 1051 406 ut
1075 370 1215 407 liceret
1237 371 1502 419 tetenderant,
1533 373 1602 410 sed
1627 386 1675 410 ne
1693 375 1744 411 ad

311 439 493 489 plebeios
539 438 701 487 quidem
746 438 1004 487 magistratus
1050 438 1310 487 capessendos
1355 439 1626 490 petendosque
1670 441 1747 478 ulli

312 508 399 544 viro
431 506 516 543 acri
541 507 842 555 experientique
868 506 1023 543 animus
1048 508 1159 551 esset,
1189 505 1557 556 possessionemque
1581 507 1746 545 honoris

312 574 496 624 usurpati
529 573 646 610 modo
672 588 695 611 a
724 574 842 623 plebe
874 587 944 623 per
975 586 1122 622 paucos
1147 586 1270 610 annos
1301 586 1555 623 recuperasse
1586 574 1628 612 in
1658 588 1748 624 per-

272 644 475 692 5petuum
506 644 639 690 patres
669 641 912 678 viderentur.
933 642 962 689 1)
1010 640 1070 678 Ne
1101 639 1143 676 id
1174 640 1294 676 nimis
1326 640 1459 677 laetum
1489 642 1596 690 parti
1628 642 1749 680 alteri

312 714 426 756 esset,
456 722 590 759 parva,
620 711 665 744 ut·
687 709 922 758 plerumque
946 708 1060 754 solet,
1089 721 1172 744 rem
1197 707 1396 756 ingentem
1413 709 1612 746 moliundi
1629 723 1748 748 causa

312 778 541 815 intervenit.
601 776 656 813 M.
687 776 810 813 Fabii
843 775 1047 821 Ambusti,
1078 775 1254 824 potentis
1284 775 1363 812 viri
1396 789 1516 825 quum
1548 777 1652 814 inter
1683 778 1747 815 sui

312 845 491 894 corporis
521 843 713 890 homines,
750 848 834 880 tum
867 844 987 880 etiam
1019 843 1069 880 ad
1099 842 1269 892 plebem,
1301 844 1406 892 quod
1437 844 1747 895 haudquaquam

313 913 418 949 inter
460 912 502 949 id
534 924 657 960 genus
690 915 938 960 contemptor
969 911 1053 948 eius
1084 910 1320 957 habebatur,
1357 910 1451 947 filiae
1483 912 1570 948 duae
1601 917 1746 962 nuptae,

312 979 395 1017 Ser.
427 978 610 1028 Sulpicio
652 979 791 1025 maior,
832 979 962 1015 minor
994 978 1036 1015 C.
1068 978 1231 1015 Licinio
1264 976 1423 1015 Stoloni
1456 983 1551 1026 erat,
1592 979 1744 1018 illustri

312 1048 473 1098 quidem
496 1047 597 1092 viro,
627 1049 760 1083 tamen
790 1046 969 1095 plebei03
1002 1060 1126 1095 eaque
1158 1047 1246 1096 ipsa
1277 1045 1452 1084 affinitas
1476 1046 1583 1084 haud
1613 1051 1748 1097 spreta

272 1124 295 1157 (5
314 1115 485 1165 gratiam
504 1114 634 1151 Fabio
660 1114 710 1151 ad
734 1115 897 1162 vulgum
929 1114 1151 1163 quaesierat.
1197 1114 1319 1151 Forte
1351 1114 1409 1151 ita
1440 1115 1597 1162 incidit,
1627 1118 1672 1152 ut
1702 1115 1746 1152 in

313 1182 395 1220 Ser.
413 1182 586 1231 Sulpicii
617 1181 772 1218 tribuni
805 1182 978 1218 militum
1004 1181 1120 1218 domo
1154 1196 1307 1220 sorores
1325 1181 1464 1218 Fabiae
1489 1195 1610 1231 quum
1641 1183 1748 1220 inter

313 1265 364 1297 se,
406 1254 450 1287 ut
480 1250 534 1296 fit,
567 1249 817 1286 sermonibus
848 1253 1004 1298 tempus
1034 1253 1220 1296 tererent,
1252 1250 1372 1287 lictor
1405 1248 1592 1299 Sulpicii,
1624 1264 1747 1299 quum

313 1319 346 1355 is
378 1318 426 1354 de
472 1318 558 1354 soro
607 1330 646 1353 se
688 1317 848 1354 domum
879 1317 1086 1366 reciperet,
1132 1317 1269 1364 forem,
1313 1322 1358 1354 ut
1396 1331 1480 1354 mos
1520 1321 1588 1364 est,
1631 1318 1746 1367 virga

312 1390 548 1437 percuteret.
595 1385 726 1431 Quum
752 1385 803 1422 ad
828 1385 882 1431 id,
914 1385 1035 1421 moris
1061 1384 1145 1421 eius
1178 1385 1344 1432 insueta,
1376 1385 1600 1434 expavisset
1616 1385 1748 1422 minor

273 1463 293 1497 7
312 1454 453 1500 Fabia,
482 1452 583 1489 risui
609 1453 736 1489 sorori
760 1453 850 1500 fuit,
881 1452 1044 1489 miranti
1077 1452 1263 1500 ignorare
1288 1452 1331 1489 id
1348 1465 1541 1498 sororem;
1573 1455 1746 1489 ceterum

312 1523 346 1558 is
376 1522 481 1558 risus
506 1520 688 1557 stimulos
711 1521 847 1569 parvis
871 1520 1013 1556 mobili
1037 1520 1156 1557 rebus
1180 1520 1312 1557 animo
1338 1519 1527 1556 muliebri
1552 1520 1747 1557 subdidit.

313 1588 556 1638 Frequentia
597 1601 754 1636 quoque
793 1588 1121 1637 prosequentium
1159 1588 1477 1637 rogantiumque,
1522 1597 1616 1625 num
1647 1588 1747 1637 quid

311 1657 445 1702 vellet,
476 1656 594 1692 credo
619 1656 863 1692 fortunatum
888 1655 1186 1692 matrimonium
1213 1656 1248 1691 ei
1267 1656 1416 1692 sororis
1431 1655 1572 1702 visum,
1604 1656 1745 1705 suique

312 1724 439 1773 ipsam
470 1723 574 1760 malo
607 1722 789 1768 arbitrio,
820 1736 896 1771 quo
929 1738 951 1760 a
981 1723 1174 1771 proximis
1199 1723 1367 1771 quisque
1399 1723 1563 1760 minime
1595 1724 1744 1760 anteiri

271 1791 410 1837 gvult,
456 1791 698 1840 paenituisse.
760 1790 972 1827 Confusam
1020 1804 1105 1827 eam
1152 1804 1199 1827 ex
1243 1790 1395 1826 recenti
1441 1803 1574 1827 morsu
1619 1791 1745 1828 animi

312 1872 433 1908 quum
464 1862 578 1907 pater
615 1859 715 1894 sorte
747 1858 925 1903 vidisset,
964 1860 1219 1907 percontatus
1254 1855 1408 1903 „Satin’
1439 1858 1599 1895 salve‘?“
1635 1872 1743 1896 aver-

310 1931 458 1963 tentem
492 1939 648 1962 causam
675 1925 838 1972 doloris,
870 1926 1017 1975 quippe
1049 1939 1120 1962 nec
1151 1925 1248 1961 satis
1279 1925 1387 1974 piam
1418 1926 1606 1963 adversus
1637 1939 1745 1964 soro-

273 2004 394 2039 9rem
426 2007 497 2030 nec
529 1993 744 2030 admodum
776 1994 817 2030 in
849 1994 979 2030 virum
1010 1993 1282 2038 honorificam,
1315 1992 1455 2029 elicuit
1480 1994 1646 2030 comiter
1672 1994 1747 2031 sci-

311 2061 505 2107 scitando,
537 2064 579 2097 ut
611 2062 813 2108 fateretur,
845 2076 931 2098 eam
963 2075 1045 2098 esse
1079 2075 1235 2098 causam
1267 2061 1430 2107 doloris,
1471 2061 1577 2111 quod
1608 2061 1744 2098 iuncta

312 2129 458 2178 impari
501 2133 612 2174 esset,
658 2133 781 2177 nupta
823 2130 865 2166 in
897 2130 1025 2175 domo,
1071 2143 1189 2178 quam
1230 2142 1302 2165 nec
1343 2129 1468 2166 honos
1498 2142 1571 2166 nec
1611 2129 1744 2177 gratia

246 2207 295 2243 10
313 2197 463 2233 intrare
480 2200 623 2245 posset.
671 2195 892 2234 Consolans
910 2197 1004 2233 inde
1020 2197 1147 2234 filiam
1163 2195 1387 2233 Ambustus
1403 2196 1551 2233 bonum
1567 2196 1743 2233 animum

311 2263 458 2301 habere
490 2263 625 2299 iussit:
658 2264 817 2300 eosdem
841 2265 1072 2313 propediem
1099 2264 1207 2301 domi
1231 2263 1408 2301 visuram
1431 2264 1613 2310 honores,
1645 2276 1743 2313 quos

245 2344 292 2379 11
313 2332 419 2381 apud
451 2344 625 2368 sororem
655 2330 803 2367 videat.
848 2332 950 2368 Inde
982 2332 1153 2369 consilia
1185 2332 1287 2368 inire
1320 2345 1406 2368 cum
1434 2344 1579 2379 genero
1612 2331 1745 2380 coepit,

311 2399 497 2437 adhibito
529 2398 575 2434 L.
607 2396 756 2444 Sextio,
796 2403 956 2435 strenuo
999 2400 1248 2437 adolescente
1290 2403 1329 2436 et
1369 2399 1481 2436 cuius
1511 2399 1595 2448 spei
1635 2398 1743 2435 nihil

177 2473 237 2520 35
311 2470 456 2515 praeter
496 2478 619 2514 genus
659 2465 876 2514 patricium
917 2466 1080 2503 deesset.
1151 2466 1316 2504 Occasio
1356 2466 1570 2504 videbatur
1608 2479 1742 2502 rerum

311 2534 584 2570 novandarum
609 2536 772 2582 propter
804 2533 1005 2581 ingentem
1027 2534 1107 2571 vini
1133 2535 1222 2571 aeris
1253 2535 1388 2581 alieni,
1420 2534 1531 2570 cuius
1561 2533 1743 2570 levamen

361 2633 385 2675 ¹)
412 2632 603 2666 Tribunos
641 2631 804 2670 militum
830 2632 910 2664 eius
944 2633 1042 2675 anni,
1082 2644 1156 2675 quo
1191 2633 1226 2666 C.
1253 2631 1423 2666 Licinius
1457 2636 1494 2666 et
1519 2632 1560 2666 L.
1588 2631 1740 2666 Sextius

413 2688 573 2731 primum
588 2688 824 2721 tribunatum
847 2687 970 2731 plebis
995 2693 1206 2732 gesserunt,
1229 2687 1361 2722 Livius
1386 2688 1557 2722 omisisse
1580 2687 1741 2722 videtur.
