1821 2928
319 103 398 139 224
700 97 815 132 Liber
838 97 906 132 iv.
955 99 1016 143 (A.
1040 110 1077 132 u.
1103 109 1132 133 0.
1159 99 1365 143 asa-328.)

317 226 491 276 exempli
516 226 631 272 foret,
663 229 924 275 occupaturus
950 225 1149 275 insignem
1165 226 1329 264 titulum
1346 227 1598 266 crudelitatis
1614 226 1747 266 fuerit.

317 298 539 348 Imperioso
571 310 728 347 quoque
745 297 899 335 Manlio
924 311 1143 348 cognomen
1166 297 1356 344 inditum;
1388 297 1620 337 Postumius
1637 299 1747 337 nulla

316 370 425 408 tristi
456 374 551 407 nota
581 372 642 407 est
672 369 897 418 insignitus.

279 443 299 477 7
433 441 502 479 Cn.
533 441 665 479 Iulius
704 441 843 479 consul
881 441 1003 479 aedem
1036 441 1244 490 Apollinis
1285 442 1449 480 absente
1481 443 1635 492 collega
1664 443 1748 481 sine

316 517 421 551 sorte
468 513 680 551 dedicavit.
739 512 864 562 AEgre
904 513 946 551 id
984 526 1123 563 passus
1155 513 1379 561 Quinctius,
1426 527 1547 564 quum
1587 514 1748 553 dimisso

317 586 496 624 exercitu
535 586 577 623 in
616 584 754 623 urbem
785 585 965 632 redisset,
1001 585 1269 635 nequicquam
1309 586 1350 623 in
1389 590 1529 624 senatu
1567 590 1626 624 est
1656 599 1747 624 con·

319 661 491 708 questus.

276 728 301 765 S
431 729 590 778 Insigni
630 729 783 778 magnis
822 728 940 767 rebus
979 742 1081 766 anno
1122 729 1294 777 additur,
1340 729 1442 768 nihil
1471 733 1555 767 tum
1585 729 1637 767 ad
1667 742 1748 767 rem

317 802 537 839 Romanam
567 801 768 852 pertinere
798 801 939 848 visum,
972 802 1079 850 quod
1098 800 1458 850 Carthaginienses,
1488 801 1592 839 tanti
1617 801 1748 839 hostes

317 873 452 920 futuri,
482 877 566 911 tum
597 873 768 923 primum
792 886 863 923 per
883 872 1099 911 seditiones
1119 872 1345 911 Siculorum
1371 873 1423 912 ad
1438 873 1564 924 partis
1582 873 1749 912 alterius

318 945 510 983 auxilium
541 946 582 983 in
615 944 798 983 Siciliam
830 945 1047 983 exercitum
1078 946 1281 983 traiecere.

186 1011 240 1059 30
436 1016 648 1066 Agitatum
680 1017 720 1054 in
751 1017 850 1054 urbe
882 1017 930 1055 ab
961 1017 1135 1055 tribunis
1165 1017 1310 1068 plebis,
1340 1021 1385 1054 ut
1408 1017 1561 1055 tribuni
1576 1017 1749 1055 militum

114 1086 221 1158 ἔῑὶωῗ·
241 1087 299 1158 }ss
319 1090 518 1128 consulari
548 1092 744 1140 potestate
776 1092 1018 1136 crearentur,
1049 1103 1121 1127 nec
1153 1089 1326 1128 obtineri
1356 1089 1498 1139 potuit.
1559 1088 1750 1127 Consules

317 1163 419 1201 fiunt
448 1162 494 1200 L„
519 1161 712 1211 Papirius
743 1160 920 1208 Crassus,
951 1161 997 1199 L.
1013 1161 1154 1199 Iulius.
1210 1162 1434 1212 AEquorum
1465 1161 1591 1211 legati
1621 1160 1750 1199 foedus

318 1235 366 1272 ab
399 1237 539 1271 senatu
571 1246 691 1283 quum
723 1233 920 1283 petissent
950 1236 989 1270 et
1017 1246 1091 1283 pro
1123 1233 1271 1271 foedere
1297 1233 1449 1271 deditio
1474 1236 1750 1280 ostentaretur,

279 1304 301 1339 2
320 1306 495 1344 indutias
527 1318 720 1342 annorum
752 1309 839 1343 octo
871 1306 1204 1355 impetraverunt,
1248 1305 1488 1344 Volscorum
1518 1318 1593 1353 res,
1633 1318 1751 1355 super

318 1381 521 1428 acceptam
554 1378 595 1414 in
625 1377 778 1426 Algido
810 1377 975 1424 cladem,
1014 1377 1214 1427 pertinaci
1253 1377 1470 1415 certamine
1508 1377 1612 1415 inter
1640 1377 1751 1427 pacis

318 1450 495 1499 bellique
527 1452 708 1487 auctores
739 1449 779 1486 in
812 1449 946 1498 iurgia
973 1454 1011 1487 et
1035 1449 1250 1487 seditiones
1267 1462 1399 1487 versa:
1431 1449 1610 1499 undique
1625 1449 1751 1486 otium

280 1520 396 1559 3fuit
433 1521 636 1559 Romanis.
697 1521 846 1570 Legem
886 1521 934 1558 de
972 1521 1186 1559 multarum
1224 1521 1486 1559 aestimatione
1524 1524 1752 1572 pergratam

319 1593 468 1643 populo
507 1606 627 1642 quum
665 1592 715 1630 ab
754 1594 929 1630 tribunis
966 1593 1101 1643 parari
1141 1594 1322 1631 consules
1352 1593 1470 1631 unius
1501 1606 1549 1630 ex
1580 1593 1751 1642 collegio

320 1665 548 1715 proditione
580 1663 839 1713 excepissent,
871 1664 948 1713 ipsi
980 1667 1360 1714 praeoccupaverunt
1389 1665 1505 1702 ferre.

279 1736 303 1771 4
438 1735 628 1775 Consules
667 1735 713 1772 L.
745 1734 910 1785 Sergius
942 1736 1117 1774 Fidenas
1156 1736 1313 1783 iterum,
1350 1736 1501 1773 Hostus
1539 1735 1752 1773 Lucretius

114 1791 300 1818 A-u.e.325.
383 1809 389 1815 .
423 1808 429 1815 .
467 1808 473 1815 .
503 1808 509 1815 .
690 1808 696 1813 .
734 1807 740 1814 .
818 1807 824 1813 .
1007 1808 1013 1815 .
1281 1809 1287 1815 .
1471 1807 1478 1814 .
1743 1807 1750 1814 .

115 1831 152 1856 Α,
172 1831 225 1858 Ch⁸
244 1831 300 1855 429,
322 1808 600 1858 Triclpitinus.
646 1806 760 1845 N1h1l
787 1807 951 1856 dignum
977 1807 1086 1845 dictu
1103 1812 1233 1845 actum
1249 1807 1310 1845 his
1328 1807 1571 1845 consuhbus.
1618 1806 1753 1845 Secuti

115 1871 152 1896 A.
162 1878 192 1896 u.
204 1878 228 1896 c.
248 1871 306 1895 326.

116 1910 152 1935 A·
176 1909 227 1935 Ch.
247 1911 304 1934 428.
326 1894 390 1919 eos
423 1880 601 1918 consules
634 1878 684 1916 A.
702 1878 911 1917 Cornelius
929 1879 1083 1926 Cossus,
1116 1879 1160 1917 T.
1178 1879 1390 1927 Quinctius
1407 1879 1569 1917 Pennus
1595 1880 1751 1917 iterum.

280 1951 516 1989 5Veientes
555 1952 596 1989 in
635 1964 774 2000 agrum
814 1951 1038 1990 Romanum
1077 1952 1332 1990 excursiones
1372 1951 1563 1989 fecerunt.
1629 1951 1754 1989 Fama

320 2024 407 2070 fuit,
439 2024 630 2073 quosdam
662 2037 709 2060 ex
736 2023 994 2061 Fidenatium
1027 2023 1235 2061 iuventute
1266 2023 1486 2073 participes
1518 2023 1602 2061 eius
1628 2035 1753 2072 popu-

319 2095 480 2132 lationis
511 2095 646 2141 fuisse,
684 2095 941 2145 cognitioque
973 2096 1058 2132 eius
1089 2096 1148 2133 rei
1180 2095 1225 2132 L.
1259 2094 1401 2145 Sergio
1433 2098 1473 2132 et
1505 2094 1550 2141 Q.
1583 2092 1754 2132 Servilio

283 2165 363 2204 eet
400 2166 519 2204 Mam.
551 2166 717 2204 AEmilio
758 2167 960 2217 permissa.
1021 2166 1194 2213 Quidam
1227 2166 1380 2204 Ostiam
1417 2166 1595 2215 relegati,
1634 2165 1752 2215 quod,

321 2251 390 2275 cur
421 2251 491 2288 per
524 2251 589 2276 eos
621 2237 704 2275 dies
736 2252 759 2275 a
789 2238 955 2276 Fidenis
987 2239 1193 2286 afuissent,
1222 2252 1362 2289 parum
1395 2239 1619 2285 constabat;
1650 2237 1752 2276 colo·

321 2322 461 2347 norum
485 2308 647 2346 additus
675 2323 872 2356 numerus,
902 2323 1077 2360 agerque
1094 2311 1144 2348 iis
1161 2311 1265 2348 bello
1284 2311 1615 2360 interemptorum
1631 2309 1750 2358 assig-

283 2381 450 2419 7natus.
510 2380 700 2418 Siccitate
739 2394 783 2418 eo
824 2395 926 2419 anno
965 2382 1181 2432 plurimum
1213 2382 1439 2420 laboratum
1470 2385 1539 2428 est,
1577 2394 1649 2418 nec
1680 2392 1751 2417 cae-

321 2453 438 2490 lestes
469 2452 584 2490 modo
618 2451 830 2489 defuerunt
871 2466 994 2502 aquae,
1032 2454 1101 2491 sed
1139 2458 1246 2492 terra
1283 2466 1440 2503 quoque
1472 2451 1650 2501 ingenito
1681 2451 1751 2488 hu·

283 2524 431 2561 Smore
470 2537 590 2574 egens
630 2523 699 2561 vix
741 2523 790 2560 ad
820 2536 1012 2573 perennes
1044 2525 1198 2563 suffecit
1228 2538 1372 2562 amnes.
1433 2523 1626 2561 Defectus
1657 2522 1754 2560 alibi

323 2609 514 2645 aquarum
549 2595 655 2633 circa
684 2594 859 2633 torridos
890 2597 1018 2633 fontes
1049 2596 1237 2646 rivosque
1268 2599 1439 2644 stragem
1471 2594 1537 2632 siti
1566 2606 1752 2644 pecorum

322 2667 578 2705 morientium
610 2666 742 2712 dedit;
773 2666 907 2705 scabie
939 2667 1018 2705 alia
1050 2667 1273 2716 absumpta,
1302 2665 1537 2715 vulgatique
1567 2667 1754 2704 contactu
