1821 2928
292 125 371 162 282
684 121 799 156 Liber
824 121 870 156 V.
917 122 978 166 (A.
1004 133 1038 156 u.
1064 133 1094 156 c.
1120 122 1328 167 359—360.)

291 250 424 289 verius
456 263 571 299 quam
606 248 778 295 decimae,
811 249 970 298 quando
1003 263 1048 286 ea
1079 263 1119 286 se
1151 249 1320 299 quisque
1351 250 1540 299 privatim
1565 250 1720 299 obliga-

251 322 275 357 6
293 323 406 368 verit,
442 321 636 358 liberatus
675 320 727 357 sit
757 321 937 370 populus.
997 320 1211 358 Enimvero
1244 321 1346 358 illud
1377 335 1416 359 se
1446 324 1579 360 tacere
1609 335 1720 360 suam

291 393 573 431 conscientiam
603 406 681 429 non
711 393 807 442 pati,
837 393 943 442 quod
975 406 1023 429 ex
1055 405 1100 429 ea
1124 395 1278 429 tantum
1304 394 1452 442 praeda,
1483 406 1571 442 quae
1588 407 1719 431 rerum

292 465 532 502 moventium
564 464 627 510 sit,
658 463 811 501 decima
835 464 1083 513 designetur3
1116 464 1227 501 urbis
1244 468 1363 514 atque
1380 464 1467 513 agri
1483 465 1602 514 capti,
1633 477 1721 515 quae

250 538 272 573 7
294 540 332 574 et
349 537 436 586 ipsa
452 540 543 574 voto
562 537 852 583 contineantur,
869 536 1106 573 mentionem
1122 535 1273 572 nullam
1289 534 1388 572 fieri.
1428 535 1560 584 Quum
1577 549 1622 574 ea
1639 536 1717 575 dis-

291 609 474 658 ceptatio,
501 621 643 657 anceps
668 608 823 645 senatui
848 608 944 654 visa,
970 607 1154 655 delegata
1179 607 1226 644 ad
1245 607 1454 656 pontifices
1470 610 1584 654 esset,
1608 607 1720 645 adhi-

291 680 374 717 bito
392 679 563 717 Camillo
594 680 722 717 visum
753 679 937 728 collegio,
970 679 1076 728 quod
1108 679 1193 715 eius
1218 683 1308 716 ante
1335 682 1568 729 conceptum
1585 682 1721 718 votum

291 752 520 789 Veientium
550 751 690 788 fuisset
721 755 760 788 et
789 755 878 800 post
908 755 1042 789 votum
1070 750 1110 787 in
1136 753 1373 800 potestatem
1391 751 1531 800 populi
1546 750 1721 789 Romani

249 822 474 869 Svenisset,
507 823 590 859 eius
622 827 775 872 partem
806 822 996 859 decimam
1029 822 1215 872 Apollini
1246 835 1398 860 sacram
1430 835 1524 860 esse.
1584 822 1650 860 Ita
1679 822 1721 860 in

291 895 590 932 aestimationem
621 895 717 931 urbs
748 907 920 943 agerque
944 894 1064 932 venit.
1111 893 1290 931 Pecunia
1307 907 1354 930 ex
1370 894 1509 931 aerario
1525 897 1721 944 prompta,

291 970 329 1004 et
343 966 519 1003 tribunis
537 966 709 1003 militum
729 966 1014 1011 consularibus,
1038 968 1083 1002 ut
1106 979 1244 1003 aurum
1272 979 1319 1002 ex
1336 978 1382 1002 ea
1399 970 1631 1012 coemerent,
1653 979 1720 1004 ne-

290 1039 442 1087 gotium
475 1038 621 1075 datum.
678 1037 799 1075 Cuius
831 1051 952 1087 quum
984 1037 1098 1086 copia
1129 1051 1206 1075 non
1231 1040 1345 1083 esset,
1377 1040 1580 1084 matronae,
1611 1037 1720 1075 coeti·

290 1110 363 1147 bus
395 1110 444 1146 ad
477 1123 561 1147 eam
593 1123 676 1147 rem
701 1109 1003 1147 consultandam
1019 1109 1179 1155 habitis,
1212 1109 1410 1146 communi
1427 1108 1584 1146 decreto
1601 1109 1720 1158 polli-

290 1182 377 1218 citae
408 1181 584 1218 tribunis
610 1181 780 1218 militum
805 1195 956 1226 aurum,
989 1180 1058 1230 [et]
1077 1181 1208 1218 omnia
1234 1184 1465 1218 ornamenta
1480 1194 1550 1217 sua
1566 1181 1608 1218 in
1624 1193 1720 1219 aera·

248 1253 271 1288 9
290 1253 393 1290 rium
426 1253 665 1291 detulerunt.
713 1251 840 1290 Grata
871 1266 916 1289 ea
938 1266 1000 1289 res
1024 1255 1069 1289 ut
1086 1265 1172 1301 quae
1189 1252 1356 1289 maxime
1373 1252 1529 1290 senatui
1546 1265 1721 1301 unquam

288 1325 380 1371 fuit3
411 1324 679 1373 honoremque
710 1324 758 1361 ob
790 1337 876 1362 eam
908 1323 1220 1361 munificentiam
1245 1325 1378 1361 ferunt
1401 1324 1590 1361 matronis
1606 1322 1719 1362 habi-

287 1400 383 1444 tum,
413 1400 458 1433 ut
488 1397 639 1446 pilento
671 1395 721 1433 ad
752 1409 864 1433 sacra
886 1396 1094 1445 ludosque,
1126 1395 1323 1445 carpentis
1345 1396 1447 1433 festo
1464 1395 1720 1445 profestoque

218 1469 267 1505 10
285 1471 501 1505 uterentur.
547 1467 731 1504 Pondere
755 1467 804 1505 ab
830 1467 1002 1518 singulis
1029 1467 1118 1505 auri
1143 1469 1305 1516 accepto
1330 1466 1651 1518 aestimato[que],
1674 1469 1719 1505 ut

284 1540 462 1589 pecuniae
487 1539 748 1586 solverentur,
772 1543 964 1577 crateram
989 1552 1147 1576 auream
1170 1537 1256 1575 fieri
1273 1538 1438 1588 placuit,
1465 1551 1552 1588 quae
1570 1538 1719 1576 donum

284 1610 469 1661 Apollini
499 1611 681 1660 Delphos
713 1614 954 1660 portaretur.

218 1683 264 1719 11
400 1681 528 1719 Simul
545 1682 595 1719 ab
613 1682 810 1731 religione
827 1683 980 1720 animos
997 1682 1247 1728 remiserunt,
1264 1681 1468 1730 integrant
1483 1681 1717 1719 seditionem

283 1753 438 1790 tribuni
468 1753 615 1803 plebis3
663 1754 856 1791 incitatur
885 1753 1099 1791 multitudo
1130 1753 1171 1789 in
1204 1765 1336 1789 omnes
1367 1752 1582 1802 principes,
1625 1755 1716 1790 ante

219 1825 267 1861 12
287 1825 384 1862 alios
415 1826 455 1862 in
489 1824 720 1862 Camillum:
758 1839 846 1862 eum
876 1825 1050 1875 praedam
1082 1824 1348 1862 Veientanam
1381 1823 1624 1874 publicando
1655 1836 1715 1862 sa·

284 1897 511 1946 crandoque
536 1897 587 1934 ad
610 1897 777 1934 nihilum
800 1896 1014 1945 redegisse.
1060 1895 1261 1933 Absentes
1284 1895 1471 1933 ferociter
1487 1896 1716 1945 increpant;

283 1965 549 2016 praesentium,
587 1982 708 2017 quum
746 1981 787 2006 se
818 1968 925 2006 ultro
958 1967 1072 2006 iratis
1103 1967 1300 2014 offerrent,
1337 1967 1615 2005 verecundiam
1645 1967 1714 2005 ha·

217 2040 267 2076 13
287 2039 391 2076 bent.
444 2037 572 2075 Simul
603 2039 760 2077 extrahi
789 2053 872 2077 rem
904 2053 952 2077 ex
983 2053 1028 2077 eo
1059 2053 1162 2077 anno
1192 2039 1390 2086 viderunt,
1418 2039 1601 2076 tribunos
1630 2039 1714 2089 ple—

280 2109 344 2147 bis
383 2110 529 2147 latores
567 2110 666 2159 legis
704 2111 745 2148 in
785 2125 931 2149 annum
972 2111 1129 2149 eosdem
1160 2110 1362 2157 reficiunt3
1408 2113 1448 2147 et
1476 2114 1609 2160 patres
1639 2111 1714 2148 hoc

284 2180 385 2218 idem
418 2181 465 2219 de
496 2182 825 2221 intercessoribus
856 2183 958 2233 legis
990 2183 1136 2229 annisi3
1171 2183 1228 2219 ita
1252 2181 1554 2231 tribuniplebis
1570 2194 1715 2230 magna

148 2251 203 2297 ‘26
283 2267 331 2290 ex
361 2257 474 2303 parte
505 2254 625 2290 iidem
655 2255 806 2292 refecti.
868 2254 1052 2292 Comitiis
1089 2254 1344 2291 tribunorum
1374 2252 1550 2289 militum
1580 2255 1713 2302 patres

76 2324 186 2395 ἴῡόζ·
205 2326 263 2395 33}
285 2338 435 2362 summa
480 2339 554 2375 ope
605 2325 826 2373 evicerunt,
877 2330 922 2363 ut
966 2326 1022 2365 M.
1069 2326 1216 2363 Furius
1263 2324 1454 2362 Camillus
1500 2328 1712 2362 crearetur.

108 2390 113 2396 ⁸
179 2389 185 2395 ’
257 2388 457 2446 'Propter
487 2397 594 2434 bella
625 2397 864 2435 simulabant
890 2398 1025 2447 parari
1041 2397 1197 2443 ducem;
1230 2396 1299 2434 sed
1316 2395 1522 2444 largitioni
1538 2394 1711 2432 tribuni-

243 2470 265 2505 2
285 2468 355 2505 ciae
386 2468 636 2506 adversarius
667 2469 929 2518 quaerebatur.
984 2468 1083 2506 Cum
1104 2467 1274 2505 Camillo
1305 2467 1427 2505 creati
1456 2466 1609 2504 tribuni
1638 2465 1710 2503 mi-

281 2539 397 2576 litum
443 2540 642 2577 consulari
685 2543 882 2589 potestate
919 2540 964 2577 L.
997 2540 1142 2577 Furius
1173 2539 1418 2576 Medullinus
1455 2540 1619 2584 sextum,
1664 2536 1708 2577 G.

282 2611 481 2659 AEmilius,
512 2611 557 2649 L.
589 2611 777 2649 Valerius
808 2610 1031 2657 Publicola,
1063 2610 1130 2660 Sp.
1154 2609 1396 2656 Postumius,
1426 2608 1472 2646 P.
1498 2607 1710 2648 Cornelius

242 2682 265 2718 3
283 2682 439 2720 iterum.
485 2682 693 2733 Principio
724 2682 818 2720 anni
847 2682 1000 2720 tribuni
1030 2681 1162 2731 plebis
1192 2680 1295 2718 nihil
1326 2682 1544 2727 moverunt,
1584 2680 1710 2719 donec
