1821 2928
558 180 649 205 Liber
667 180 720 205 VI.
758 180 806 207 (A.
827 180 880 206 eh.
900 180 1056 209 ενα-369.)
1424 169 1475 205 39

94 295 235 341 solvat,
266 307 409 344 corpus
442 295 484 331 in
514 307 679 331 nervum
712 308 755 331 ac
788 295 990 344 supplicia
1016 294 1122 340 dare,
1153 297 1192 330 et
1215 293 1413 342 gregatim
1437 306 1532 342 quo-

93 363 196 401 tidie
228 362 276 399 de
308 363 394 399 foro
427 361 612 400 addictos
644 363 750 409 duci,
782 365 822 399 et
850 362 1001 412 repleri
1025 362 1174 399 vinctis
1205 361 1362 400 nobiles
1393 360 1533 398 domus

92 435 143 478 et,
172 430 403 480 ubicunque
434 430 630 480 patricius
662 430 828 477 habitet,
866 430 927 467 ibi
960 444 1157 467 carcerem
1188 431 1390 480 privatum
1422 428 1534 466 esse?

92 500 192 538 Haec
216 498 387 547 indigna
409 499 716 548 miserandaque
741 499 882 536 auditu
899 511 1020 548 quum
1037 497 1144 547 apud
1168 498 1354 535 timentes
1371 497 1535 534 sibimet
1609 491 1667 539 37

94 569 213 617 ipsos,
239 567 391 604 maiore
409 566 661 604 audientium
679 567 962 616 indignatione
980 579 1098 616 quam
1116 579 1196 612 sua,
1229 565 1534 615 increpuissent,

92 635 206 685 atqui
251 648 324 672 nec
370 648 487 684 agros
532 636 757 685 occupandi
802 634 963 672 modum
1004 647 1076 671 nec
1121 634 1258 671 fenore
1298 632 1572 671 trucidandi?

90 703 247 753 plebem
279 703 403 740 alium
435 703 618 753 patribus
650 716 825 752 unquam
848 702 933 740 fore
956 702 1221 747 affirmabant,
1252 702 1332 738 nisi
1363 701 1532 738 alterum

92 785 139 809 ex
180 771 298 821 plebe
331 771 544 817 consulem,
586 772 790 809 custodem
822 784 901 808 suae
940 770 1154 816 libertatis,
1195 770 1332 819 plebes
1362 769 1532 806 fecisset.

91 838 304 877 Contemni
336 839 416 876 iam
446 839 632 877 tribunos
656 840 797 889 plebis,
829 838 980 888 quippe
1004 851 1091 888 quae
1114 841 1290 888 potestas
1315 838 1395 875 iam
1419 850 1530 874 suam
1548 837 1571 873 3

91 906 179 957 ipsa
209 908 292 945 vim
334 908 495 956 frangat
536 907 832 945 intercedendo.
893 907 984 945 Non
1023 920 1138 956 posse
1170 919 1283 956 aequo
1324 906 1410 943 iure
1451 905 1573 953 agi‚4

90 977 161 1014 ubi
193 976 406 1026 imperium
437 990 558 1025 penes
590 976 693 1023 illos,
723 989 843 1026 penes
867 989 907 1013 se
931 974 1129 1013 auxilium
1159 978 1316 1012 tantum
1347 974 1418 1020 sit,
1448 973 1528 1010 nisi

91 1044 261 1094 imperio
305 1044 614 1091 communicato,
660 1058 864 1094 nunquam
903 1044 1060 1093 plebem
1102 1043 1144 1080 in
1183 1047 1297 1092 parte
1337 1042 1428 1092 pari
1468 1042 1528 1079 rei

89 1113 263 1163 publicae
300 1112 397 1149 fore.
457 1112 540 1150 Nec
572 1126 667 1160 esse,
705 1112 812 1162 quod
844 1113 1057 1162 quisquam
1089 1112 1187 1149 satis
1218 1114 1343 1161 putet,
1381 1111 1415 1148 si
1446 1110 1528 1160 ple-

90 1180 275 1218 beiorum
314 1179 419 1216 ratio
462 1180 638 1217 comitiis
680 1181 957 1218 consularibus
987 1181 1201 1226 habeatur,
1246 1180 1326 1217 nisi
1359 1179 1527 1216 alterum

91 1248 292 1286 consulem
337 1248 478 1297 utique
525 1262 573 1285 ex
618 1249 734 1298 plebe
772 1249 860 1286 fieri
899 1262 1058 1286 necesse
1090 1249 1154 1295 sit,
1199 1249 1397 1285 neminem
1435 1248 1529 1284 fore.

46 1338 49 1341 ·
90 1317 159 1354 An
176 1317 256 1354 iam
273 1318 467 1354 memoria
484 1317 625 1364 exisse,
657 1331 779 1366 quum
801 1317 989 1355 tribunos
1012 1317 1189 1354 militum
1214 1316 1368 1353 idcirco
1392 1315 1529 1365 potius
1549 1315 1571 1352 5

89 1398 208 1435 quam
240 1385 421 1422 consules
445 1385 573 1422 creari
597 1385 825 1434 placuisset,
857 1389 901 1422 ut
925 1389 963 1423 et
986 1385 1157 1434 plebeiis
1181 1388 1338 1434 pateret
1355 1397 1528 1422 summus

90 1454 228 1499 honos,
260 1456 450 1502 quattuor
482 1456 520 1490 et
537 1453 808 1502 quadraginta
846 1455 962 1491 annis
999 1453 1196 1491 neminem
1229 1467 1277 1490 ex
1308 1453 1426 1502 plebe
1455 1452 1528 1489 tri-

88 1521 238 1558 bunum
280 1520 454 1558 militum
495 1525 671 1558 creatum
710 1521 821 1558 esse‘?
881 1521 992 1568 Quid
1024 1521 1260 1559 crederent?
1319 1521 1567 1558 duobusnef)

90 1589 132 1626 in
162 1588 263 1626 locis
294 1602 364 1627 sua
387 1590 595 1626 voluntate
620 1590 898 1639 impertituros
921 1590 1031 1639 plebi
1056 1590 1258 1636 honorem,
1290 1590 1360 1639 qui
1385 1592 1528 1626 octona

88 1657 176 1695 loca
198 1657 376 1695 tribunis
400 1658 576 1695 militum
601 1658 785 1695 creandis
810 1671 1005 1707 occupare
1029 1659 1140 1695 soliti
1173 1658 1265 1706 sint,
1297 1662 1335 1696 et
1359 1657 1409 1695 ad
1437 1670 1527 1694 con-

87 1725 260 1770 sulatum
283 1725 391 1763 viam
420 1725 509 1763 fieri
540 1739 738 1776 passuros,
770 1727 839 1776 qui
870 1727 1122 1764 tribunatum
1154 1730 1320 1776 saeptum
1350 1730 1433 1764 tam
1456 1725 1528 1762 diu

87 1792 331 1830 habuerint?
376 1793 484 1842 Lege
510 1794 773 1831 obtinendum
798 1808 893 1841 esse,
925 1796 1034 1844 quod
1059 1795 1235 1832 comitiis
1258 1809 1330 1844 per
1353 1793 1526 1842 gratiam
1546 1793 1567 1828 7

86 1864 271 1911 nequeat,
309 1864 349 1898 et
379 1862 649 1911 seponendum
688 1865 802 1899 extra
833 1866 1034 1901 certamen
1065 1864 1234 1901 alterum
1266 1862 1529 1907 consulatum,

88 1929 139 1967 ad
162 1942 279 1979 quem
304 1930 415 1979 plebi
448 1930 501 1967 sit
524 1930 670 1976 aditus,
701 1931 892 1979 quoniam
924 1931 966 1967 in
990 1932 1208 1968 certamine
1234 1929 1401 1967 relictus
1427 1942 1527 1979 prae-

87 1997 211 2034 mium
241 2011 395 2047 semper
426 1998 668 2048 potentioris
699 1999 860 2035 futurus
891 1999 954 2035 sit.
999 1999 1082 2036 Nec
1115 1999 1194 2036 iam
1225 2012 1340 2048 posse
1358 1998 1441 2035 dici
1474 1997 1569 2044 id‚8

89 2065 196 2114 quod
228 2069 346 2104 antea
377 2066 528 2104 iactare
567 2067 679 2104 soliti
719 2067 810 2113 sint,
850 2079 928 2103 non
962 2080 1044 2104 esse
1084 2067 1127 2104 in
1157 2067 1330 2117 plebeiis
1362 2067 1528 2104 idoneos

87 2134 197 2172 viros
228 2134 278 2172 ad
310 2135 467 2172 curules
505 2135 776 2183 magistratus.
835 2135 1043 2186 Numquid
1075 2136 1181 2173 enim
1218 2136 1428 2174 socordius
1460 2138 1530 2172 aut

88 2202 249 2251 segnius
271 2216 355 2241 rem
378 2203 583 2252 publicam
607 2203 885 2241 administrari
910 2208 1002 2254 post
1024 2204 1070 2242 P.
1087 2204 1243 2241 Licinii
1261 2203 1377 2242 Calvi
1400 2203 1527 2240 tribu-

87 2274 238 2317 natum,
269 2272 339 2321 qui
371 2272 524 2321 primus
549 2285 596 2308 ex
628 2272 744 2321 plebe
777 2275 933 2310 creatus
965 2273 1029 2319 sit,
1061 2286 1178 2322 quam
1211 2286 1283 2323 per
1315 2286 1380 2310 eos
1405 2284 1528 2309 annos

88 2342 200 2387 gesta
215 2340 279 2387 sit,
311 2340 457 2389 quibus
474 2343 618 2390 praeter
635 2340 830 2390 patricios
846 2354 962 2378 nemo
978 2341 1166 2378 tribunus
1183 2341 1360 2378 militum
1377 2339 1528 2376 fuerit?

89 2407 187 2457 quin
219 2413 358 2446 contra
394 2408 588 2458 patricios
620 2407 777 2457 aliquot
809 2408 1018 2446 damnatos
1048 2412 1139 2459 post
1167 2409 1429 2453 tribunatum,
1459 2419 1524 2444 ne·
1544 2406 1566 2441 9

90 2475 235 2512 minem
266 2476 482 2526 plebeium.
528 2476 757 2523 Quaestores
785 2489 954 2527 quoque,
986 2478 1091 2515 sicut
1120 2477 1308 2514 tribunos
1341 2475 1526 2521 militum,

89 2543 226 2590 paucis
257 2547 348 2581 ante
380 2544 496 2582 annis
527 2558 574 2581 ex
613 2544 731 2594 plebe
763 2549 911 2595 coeptos
943 2546 1084 2593 creari,
1124 2558 1195 2582 uec
1235 2544 1359 2580 ullius
1390 2556 1525 2580 eorum

90 2610 279 2659 populum
296 2611 520 2650 Romanum
538 2613 783 2662 paenituisse.
836 2612 1097 2651 Consulatum
1114 2625 1318 2662 superesse
1335 2611 1524 2662 plebeiis;
1546 2611 1594 2648 10
