1821 2928
588 873 1025 936 PRAEFATIO.

81 1092 342 1156 Facturusne
388 1125 520 1164 operae
565 1113 743 1163 pretium
783 1113 869 1159 sim,
915 1113 949 1150 si
990 1125 1012 1150 a
1049 1112 1274 1163 primordio
1314 1111 1430 1149 urbis
1468 1124 1531 1149 res

83 1187 226 1239 populi
257 1185 434 1224 Romani
474 1184 799 1236 perscripserim,
846 1198 918 1222 nec
951 1184 1049 1223 satis
1081 1184 1176 1232 scio,
1208 1198 1293 1232 nec,
1332 1184 1364 1222 si
1397 1183 1532 1233 sciam,

80 1260 215 1298 dicere
232 1258 373 1307 ausim,
406 1256 559 1307 quippe
577 1257 647 1307 qui
664 1270 787 1307 quum
804 1260 992 1303 veterem,
1024 1260 1108 1294 tum
1124 1257 1330 1305 vulgatam
1349 1269 1432 1294 esse
1449 1269 1532 1293 rem
1551 1258 1575 1294 2

80 1331 252 1381 videam,
287 1331 379 1368 dum
411 1329 506 1367 novi
537 1342 693 1379 semper
723 1329 942 1379 scriptores
973 1331 1042 1366 aut
1075 1328 1116 1365 in
1140 1329 1260 1366 rebus
1289 1327 1437 1365 certius
1463 1327 1535 1364 ali-

81 1403 182 1454 quid
213 1403 407 1441 allaturos
439 1415 479 1439 se
512 1404 581 1438 aut
612 1401 814 1438 scribendi
840 1404 927 1438 arte
953 1401 1093 1438 rudem
1110 1403 1353 1439 vetustatem
1371 1413 1532 1449 supera-

78 1478 192 1513 turos
225 1473 406 1512 credunt.
453 1472 670 1522 Utcunque
703 1472 790 1518 erit,
824 1472 981 1509 iuvabit
1010 1475 1147 1510 tamen
1178 1486 1312 1510 rerum
1328 1476 1532 1522 gestarum
1553 1476 1577 1514 3

82 1546 286 1585 memoriae
317 1545 514 1595 principis
545 1549 745 1582 terrarum
777 1544 917 1594 populi
949 1557 1024 1594 pro
1055 1544 1168 1581 virili
1199 1548 1315 1595 parte
1348 1548 1387 1582 et
1405 1545 1534 1594 ipsum

85 1617 353 1663 consuluisse3
388 1619 428 1654 et
459 1617 493 1654 si
524 1616 565 1653 in
596 1619 710 1654 tanta
741 1616 984 1666 scriptorum
1015 1616 1137 1654 turba
1153 1629 1241 1654 mea
1264 1617 1370 1655 fama
1392 1617 1434 1654 in
1461 1617 1535 1655 ob-

83 1703 199 1729 scuro
242 1689 307 1735 sit,
347 1689 563 1726 nobilitate
596 1702 642 1726 ac
672 1688 955 1738 magnitudine
987 1701 1125 1726 eorum
1155 1702 1231 1739 me,
1274 1689 1346 1739 qui
1376 1689 1531 1727 nomini

78 1761 260 1801 officient
290 1774 389 1808 meo,
420 1761 612 1799 consoler.
657 1760 739 1799 Res
771 1763 833 1798 est
862 1764 1057 1811 praeterea
1088 1764 1129 1798 et
1158 1760 1342 1799 immensi
1374 1762 1519 1812 operis,
1539 1761 1566 1799 4

78 1837 125 1873 ut
156 1847 245 1884 quae
277 1846 398 1883 supra
429 1833 831 1883 septingentesimum
863 1845 1010 1870 annum
1041 1835 1262 1883 repetatur,
1295 1838 1334 1872 et
1364 1847 1452 1884 quae
1485 1835 1534 1873 ab

82 1905 239 1956 exiguis
266 1905 448 1955 profect-a
471 1904 604 1942 initiis
630 1918 675 1943 eo
704 1905 886 1949 creverit,
917 1905 1058 1943 utiam
1076 1905 1358 1954 magnitudine
1375 1907 1532 1945 laboret

80 1991 163 2016 sua.
209 1977 264 2015 Et
294 1977 516 2026 legentium
540 1977 743 2028 plerisque
768 1976 879 2015 haud
904 1976 1046 2015 dubito
1075 1977 1172 2028 quin
1197 1978 1337 2028 primae
1354 1978 1533 2028 origines

80 2049 345 2101 proximaque
378 2049 605 2098 originibus
637 2050 766 2087 minus
798 2049 1020 2100 praebitura
1050 2049 1271 2100 voluptatis
1296 2050 1390 2098 sint,
1422 2050 1532 2089 festi·

82 2122 273 2160 nantibus
305 2120 356 2159 ad
386 2120 472 2158 haec
503 2135 618 2170 nova,
651 2122 798 2172 quibus
828 2122 907 2159 iam
933 2121 1091 2172 pridem
1114 2122 1372 2173 praevalentis
1388 2122 1529 2173 populi

81 2194 190 2234 vires
221 2207 262 2232 se
295 2193 393 2244 ipsae
426 2192 663 2242 conficiunt3
695 2207 769 2244 ego
803 2197 941 2232 contra
969 2193 1046 2232 hoc
1077 2207 1236 2245 quoque
1258 2194 1411 2234 laboris
1426 2208 1530 2246 prae-
1550 2193 1574 2233 5

81 2267 205 2305 mium
236 2270 386 2316 petam,
428 2269 473 2303 ut
519 2279 581 2304 me
621 2280 644 2304 a
675 2269 892 2317 conspectu
921 2266 1131 2318 malorum,
1179 2279 1268 2317 quae
1298 2270 1438 2305 nostra
1466 2270 1528 2305 tot

84 2353 156 2390 per
202 2352 326 2376 annos
358 2337 467 2376 vidit
497 2342 606 2389 aetas,
653 2339 852 2390 tantisper
883 2342 1006 2389 certe,
1054 2338 1148 2376 dum
1177 2338 1313 2390 prisca
1345 2339 1416 2377 illa
1445 2342 1534 2378 tota

83 2414 217 2449 mente
256 2414 406 2461 repeto,
452 2413 643 2461 avertam,
691 2412 818 2449 omnis
858 2423 1001 2461 expers
1033 2424 1152 2460 curae,
1201 2424 1289 2461 quae
1320 2411 1533 2449 scribentis

84 2483 274 2531 animum,
320 2482 393 2520 etsi
440 2495 520 2519 non
558 2481 718 2521 flectere
750 2497 773 2521 a
802 2496 915 2533 vero,
962 2482 1181 2520 sollicitum
1211 2486 1345 2521 tamen
1377 2482 1533 2520 efficere

84 2555 224 2606 possit.

199 2627 299 2675 Quae
331 2629 424 2665 ante
465 2626 664 2665 conditam
704 2626 1001 2665 condendamve
1031 2627 1171 2665 urbem
1200 2625 1371 2677 poeticis
1403 2625 1530 2676 magis
1549 2630 1573 2666 6

87 2698 232 2738 decora
260 2698 409 2737 fabulis
441 2712 561 2750 quam
593 2699 842 2750 incorruptis
872 2712 1007 2738 rerum
1038 2701 1239 2748 gestarum
1267 2698 1532 2737 monumentis

156 2783 263 2811 Livius
282 2792 322 2811 ex
340 2792 400 2812 rec.
419 2784 582 2818 Madvigii.
618 2786 642 2810 1.
1308 2775 1328 2809 1
