1821 2928
583 236 673 262 Liber
692 237 745 262 1x.
783 237 831 264 (A.
851 237 903 263 ch.
924 240 994 267 319.)
1383 232 1460 268 163

82 350 253 400 periculi
284 350 468 397 subisset,
500 351 607 400 quod
638 351 878 388 Macedones
910 366 1031 390 unuin
1055 354 1334 392 Alexandrum
1365 355 1526 393 habuis-

82 422 179 466 sent,
210 418 347 456 multis
379 419 536 457 casibus
561 433 639 456 non
665 419 791 457 solum
815 420 1044 468 obnoxium,
1072 422 1141 460 sed
1159 423 1280 460 etiam
1296 423 1525 461 offerentem

82 500 133 534 se,
172 486 348 524 Romani
386 487 505 525 multi
542 487 714 525 fuissent
751 487 989 527 Alexandro
1027 490 1091 528 vel
1128 491 1260 539 gloria
1297 491 1360 529 vel
1392 505 1524 530 rerum
1545 493 1594 530 19

83 555 359 605 magnitudine
398 569 525 605 pares,
565 569 733 605 quorum
773 570 842 594 suo
886 557 1056 608 quisque
1093 560 1194 605 fato,
1235 559 1319 596 sine
1361 560 1524 610 publico

82 623 327 671 discrimine,
357 625 510 661 viveret
539 628 851 674 morereturque.

194 691 349 739 Restat,
379 696 425 729 111
455 693 581 743 copiae
614 693 738 743 copiis
770 697 1050 743 comparentur
1081 694 1145 732 vel
1174 708 1339 733 numero
1370 696 1434 733 vel
1458 696 1530 734 mi·
1606 693 1658 742 19

79 759 197 798 litum
240 773 384 809 genere
414 761 477 798 vel
508 761 768 799 multitudine
804 762 1056 800 auxiliorum.
1117 761 1395 801 censebant-ur
1437 765 1561 803 eius?

80 829 209 866 aetatis
240 829 378 867 lustris
410 829 563 868 ducena
595 831 876 880 quinquagena
908 830 1038 868 millia
1070 830 1261 880 capitum.
1314 832 1459 882 Itaque
1482 833 1523 870 in

40 896 42 898 ’
79 897 187 935 0111111
219 897 444 936 defectione
475 899 672 937 sociorum
690 898 829 937 Latini
851 898 1026 936 nominis
1049 898 1204 936 urbano
1227 913 1352 950 prope
1369 901 1522 939 dilectu

79 966 216 1004 decem
243 966 522 1005 scribebantur
544 967 742 1016 legiones;
774 967 961 1016 quaterni
989 968 1184 1018 quinique
1201 969 1399 1006 exercitus
1416 957 1519 1020 saepe
1538 972 1560 1007 3

77 1049 150 1085 per
181 1049 246 1073 eos
265 1049 390 1073 annos
414 1035 454 1072 in
477 1035 655 1082 Etruria,
679 1036 722 1073 in
738 1035 924 1082 Umbria,
948 1033 1080 1072 Gallis
1103 1035 1286 1074 hostibus
1304 1037 1519 1085 adiunctis,

79 1103 121 1140 iu
153 1101 329 1151 Samnio,
358 1105 400 1142 in
431 1104 607 1142 Lucanis
637 1104 832 1153 gerebant
853 1104 1015 1142 bellum.
1061 1104 1226 1142 Latium
1242 1105 1388 1142 deinde
1405 1119 1519 1144 omne
1538 1107 1562 1143 4

78 1184 166 1209 cum
198 1169 361 1210 Sabinis
393 1177 432 1210 et
462 1172 622 1210 Volscis
654 1177 694 1210 et·
723 1172 870 1222 AEquis
901 1176 940 1210 et
971 1173 1078 1210 omni
1097 1172 1318 1223 Campania
1342 1177 1382 1211 et
1407 1178 1520 1224 parte

78 1238 260 1278 Umbriae
290 1241 545 1291 Etruriaeque
585 1245 625 1278 et
656 1241 894 1279 Picentibus
933 1246 971 1278 et
1002 1242 1151 1279 Marsis
1182 1242 1443 1292 Pelignisque
1475 1256 1518 1280 ac

35 1359 40 1362 Ι
78 1307 258 1346 Vestinis
295 1314 415 1360 atque
455 1309 618 1360 Apulis,
655 1310 847 1347 adiuncta
886 1310 994 1346 omni
1033 1323 1103 1347 ora
1134 1308 1367 1348 Graecorum
1398 1311 1518 1348 inferi

77 1378 200 1415 maris
238 1392 261 1416 a
300 1378 466 1416 Thuriis
505 1379 718 1428 Neapolim
757 1382 797 1415 et
827 1377 973 1416 Cumas
1012 1382 1051 1415 et
1092 1377 1185 1415 inde
1228 1378 1358 1417 Antio
1398 1383 1518 1429 atque

77 1445 205 1483 Ostiis
245 1450 373 1494 tenus,
413 1452 481 1485 aut
519 1447 650 1484 socios
690 1446 847 1483 validos
886 1446 1082 1485 Romanis
1120 1450 1190 1484 aut
1226 1447 1374 1486 fractos
1412 1448 1518 1485 bello

77 1514 295 1552 invenisset.
346 1515 489 1553 hostes.
586 1515 680 1565 Ipse
732 1515 957 1553 traiecisset
1009 1529 1117 1553 mare
1170 1529 1259 1552 eum
1317 1516 1517 1554 veteranis
1536 1517 1559 1553 5

74 1581 364 1621 Macedonibus
404 1598 482 1621 non
521 1584 610 1633 plus
655 1584 828 1632 triginta
868 1584 1048 1621 millibus
1084 1583 1290 1622 hominum
1321 1586 1361 1621 et,
1401 1587 1516 1633 quat-

71 1656 164 1688 tuor
195 1651 374 1689 millibus
406 1653 598 1702 equitum,
630 1653 798 1689 maxime
822 1651 1123 1697 Thessalorun13
1154 1652 1227 1689 hoe
1260 1651 1366 1689 enim
1396 1651 1514 1690 robo-

71 1719 129 1756 ris
170 1724 267 1757 erat.
334 1720 492 1767 Persas,
529 1720 655 1758 Indos
694 1720 873 1770 aliasque
913 1720 945 1758 si
984 1720 1235 1758 adiunxisset
1265 1723 1413 1769 gentes,
1445 1720 1516 1757 im-

71 1787 345 1837 pedimentum
375 1788 503 1826 maius
534 1803 653 1839 quam
685 1789 878 1827 auxilium
909 1789 1099 1826 traheret.
1150 1787 1286 1834 Adde,
1311 1788 1419 1837 quod
1434 1788 1515 1826 Ro·
1535 1792 1557 1826 6

71 1857 198 1894 manis
228 1856 279 1894 ad
310 1870 470 1894 manum
501 1857 610 1895 domi
640 1857 961 1907 supplementum
993 1860 1106 1903 esset,
1132 1856 1383 1903 Alexandro,
1407 1857 1515 1906 quod

70 1928 210 1974 postea
249 1925 474 1963 Hannibali
511 1925 671 1972 accidit,
717 1925 848 1963 alieno
887 1926 927 1963 in
968 1938 1064 1974 agro
1102 1925 1272 1962 bellanti
1312 1925 1514 1962 exercitus

69 1993 349 2032 consenuisset.
425 1993 554 2031 Arma
592 1994 714 2044 clipei
752 1994 966 2042 sarisaeque
998 1993 1096 2039 illis;
1134 1991 1316 2030 Romano
1348 1994 1556 2038 scutum,7

68 2061 196 2098 maius
228 2061 387 2111 corpori
417 2064 703 2110 tegumentum,
735 2065 774 2098 et.
803 2061 945 2110 pilum,
975 2060 1084 2098 haud
1109 2060 1231 2110 paulo
1255 2074 1374 2110 quam
1397 2061 1513 2099 hasta

67 2129 339 2167 vehementius
380 2130 463 2167 ictu
502 2130 703 2180 missuque
742 2129 878 2167 telum.
954 2127 1154 2167 Statarius
1191 2133 1360 2178 uterque
1390 2129 1558 2177 miles,8

68 2197 230 2235 ordines
262 2211 442 2244 servans3
475 2198 543 2236 sed
577 2199 647 2236 illa
678 2198 855 2248 phalanx
886 2197 1104 2235 immobilis
1135 2201 1174 2235 et
1200 2197 1316 2234 unius
1343 2197 1514 2246 generis,

65 2265 248 2304 Romana
279 2267 386 2304 acies
418 2267 661 2312 distinctior,
693 2280 741 2304 ex
773 2266 956 2316 pluribus
980 2266 1164 2316 partibus
1191 2269 1388 2311 constans,
1417 2265 1511 2304 faci-

65 2333 114 2372 lis
143 2335 350 2385 partienti,
380 2348 617 2384 quacunque
648 2348 747 2384 opus
779 2338 891 2381 esset,
920 2334 1054 2372 facilis
1084 2334 1281 2383 iungenti.
1338 2333 1426 2370 Iam
1458 2333 1544 2388 1119

66 2416 185 2453 opere
217 2403 308 2453 quis
339 2416 414 2452 par
444 2403 628 2441 Romano
661 2401 802 2440 miles?
839 2403 930 2452 quis
961 2402 1012 2440 ad
1042 2402 1298 2440 tolerandum
1330 2400 1509 2439 laborem

64 2470 236 2510 melior?
269 2471 361 2509 Uno
393 2472 535 2522 proelio
566 2472 696 2509 victus
728 2469 959 2508 Alexander
989 2471 1097 2508 bello
1122 2471 1254 2508 victus
1281 2473 1400 2516 esset;
1431 2469 1511 2507 Ro-

64 2553 236 2587 manum,
253 2553 371 2590 quem
381 2539 589 2587 Caudium,
607 2553 722 2589 quem
740 2539 887 2577 Cannae
903 2553 983 2577 non
995 2540 1214 2588 fregerunt,
1227 2551 1314 2587 quae
1326 2538 1511 2586 fregisset

63 2608 199 2646 acies?
229 2608 290 2647 Ne
314 2607 382 2645 ille
410 2620 526 2657 saepe‚
551 2608 708 2646 etiamsi
731 2607 862 2658 prima
884 2621 1074 2658 prospere
1102 2607 1337 2652 evenissent,
1363 2605 1507 2643 Persas
1531 2607 1581 2644 10

62 2681 104 2714 et
131 2676 257 2714 Indos
297 2680 339 2714 et
374 2676 575 2714 imbellem
614 2675 760 2714 Asiam
792 2676 1012 2726 quaesisset,
1052 2679 1090 2714 et
1121 2689 1208 2712 011111
1238 2675 1398 2712 feminis
1428 2674 1507 2712 sibi

1232 2752 1295 2785 11*
