1821 2928
745 123 859 158 hiber
883 123 913 159 Ι.
1497 128 1549 167 33

222 251 344 289 Haud
391 251 447 288 ita
493 250 618 288 multo
650 254 741 300 post
772 251 1003 300 pestilentia
1036 251 1263 290 laboratum
1295 255 1366 290 est.
1427 252 1546 291 Unde
1565 253 1588 290 5

107 337 231 375 quum
263 323 429 374 pigritia
459 322 663 360 militandi
696 325 889 369 oreretur,
920 321 1032 359 nulla
1063 325 1196 360 tamen
1220 323 1269 361 ab
1295 325 1416 362 armis
1435 325 1548 374 quies

111 397 282 435 dabatur
313 408 336 432 a
367 394 560 433 bellicoso
593 407 698 443 rege,
744 393 971 432 salubriora
1010 395 1132 432 etiam
1175 395 1360 434 credente
1392 397 1549 434 militiae

108 481 226 519 quam
258 466 365 504 domi
399 467 583 504 iuvenum
616 479 784 516 corpora
815 479 910 515 esse,
945 465 1069 504 donec
1098 467 1181 516 ipse
1209 481 1368 518 quoque
1392 468 1549 518 longin-

107 553 186 590 quo
218 539 356 577 morbo
390 543 449 576 est
480 538 711 588 implicitus.
772 537 884 575 Tunc
916 537 1016 575 adeo
1046 538 1163 575 fracti
1195 539 1313 576 simul
1345 553 1432 577 cum
1464 540 1592 578 cor-6

111 625 208 663 pore
239 614 332 648 sunt
363 610 528 660 spiritus
561 609 623 647 illi
654 610 816 655 feroces,
857 612 912 656 ut,
945 609 1014 659 qui
1045 610 1150 647 nihil
1181 614 1273 648 ante
1304 615 1414 649 ratus
1446 614 1551 650 esset

107 683 241 722 minus
272 682 425 732 regium
458 695 576 731 quam
608 681 731 719 sacris
764 681 908 718 dedere
940 682 1127 731 animum,
1167 685 1331 732 repente
1364 683 1549 722 omnibus

107 755 262 805 magnis
291 755 507 804 parvisque
539 753 892 804 superstitionibus
925 753 1120 791 obnoxius
1153 754 1316 803 degeret
1340 755 1547 804 religioni-

106 827 261 876 busque
302 826 423 863 etiam
454 826 645 876 populum
678 825 875 875 impleret.
937 824 1075 876 Vulgo
1107 826 1186 864 iam
1217 826 1407 873 homines,
1454 840 1544 865 eum
1563 827 1586 864 7

105 901 251 937 statum
267 911 412 944 rerum,
431 898 501 947 qui
519 898 592 935 sub
604 897 734 936 Numa
750 911 845 948 rege
862 897 1004 943 fuerat,
1023 898 1286 948 requirentes,
1296 911 1417 936 unam
1434 911 1549 949 opem

107 971 224 1020 aegris
256 969 492 1020 corporibus
525 970 720 1019 relictam,
768 970 801 1007 si
833 983 913 1020 pax
943 969 1140 1019 veniaque
1168 969 1217 1007 ab
1244 969 1305 1007 dis
1331 970 1546 1020 impetrata

103 1046 221 1092 esset,
262 1042 494 1080 credebant.
553 1041 692 1091 Ipsum
731 1054 866 1090 regem
897 1041 1064 1079 tradunt
1094 1042 1321 1080 volventem
1353 1055 1548 1080 commen·
1569 1041 1594 1079 8

102 1115 229 1153 tarios
246 1114 399 1160 Numae,
431 1127 551 1163 quum
569 1113 625 1150 ibi
642 1113 823 1163 quaedam
842 1114 998 1152 occulta
1015 1114 1223 1152 sollemnia
1240 1113 1437 1152 sacrificia
1455 1114 1549 1152 Iovi

106 1186 239 1225 Elicio
271 1186 377 1224 facta
408 1185 639 1232 invenisset,
672 1189 879 1235 operatum
912 1185 961 1223 iis
993 1186 1118 1224 sacris
1150 1200 1190 1224 se
1223 1185 1446 1231 abdidisse;
1479 1185 1549 1223 sed

103 1271 185 1297 non
215 1259 292 1296 rite
322 1258 466 1296 initum
499 1260 568 1295 aut
600 1261 781 1295 curatum
798 1258 840 1295 id
858 1271 1013 1295 sacrum
1031 1270 1127 1304 esse,
1157 1271 1230 1295 nec
1249 1258 1377 1295 solum
1395 1258 1547 1296 nullam

105 1331 143 1369 ei
174 1331 350 1368 oblatam
383 1330 601 1367 caelestium
634 1329 819 1379 speciem,
851 1329 920 1366 sed
953 1329 1014 1367 ira
1044 1329 1154 1368 Iovis
1186 1329 1394 1367 sollicitati
1424 1342 1549 1379 prava

106 1402 301 1452 religione
333 1402 499 1439 fulmine
532 1402 655 1438 ictum
681 1414 769 1438 cum
787 1400 903 1438 domo
921 1400 1199 1450 conflagrasse.
1245 1400 1388 1438 Tullus
1405 1414 1548 1450 magna

106 1474 236 1523 gloria
267 1473 364 1511 belli
395 1473 581 1522 regnavit
612 1486 736 1511 annos
768 1472 867 1510 duos
899 1476 938 1510 et
967 1472 1148 1522 triginta.

220 1545 380 1582 Mortuo
398 1544 518 1582 Tullo
549 1558 623 1591 res,
654 1548 699 1582 ut
730 1544 959 1582 institutum
992 1544 1072 1582 iam
1104 1544 1197 1582 inde
1228 1544 1278 1581 ab
1311 1544 1430 1582 initio
1449 1547 1545 1592 erat,
1628 1540 1686 1589 32

105 1617 155 1655 ad
185 1621 319 1667 patres
350 1616 539 1663 redierat,
572 1617 692 1666 hique
725 1617 966 1666 interregem
998 1616 1313 1655 nominaverant.
1361 1616 1450 1664 Quo
1483 1629 1546 1655 co-

106 1689 220 1727 mitia
250 1688 421 1726 habente
438 1689 598 1726 Ancum
615 1688 812 1725 Marcium
843 1701 976 1737 regem
1008 1688 1179 1738 populus
1205 1688 1377 1734 creavit;
1410 1692 1546 1739 patres

105 1761 215 1799 fuere
246 1764 438 1799 auctores.
485 1761 625 1799 Numae
659 1760 852 1810 Pompilii
884 1760 992 1810 regis
1024 1773 1160 1810 nepos,
1190 1759 1274 1797 filia
1305 1764 1427 1807 ortus,
1460 1759 1546 1797 An-

105 1846 173 1871 cus
203 1833 381 1871 Marcius
428 1836 526 1872 erat.
588 1833 669 1881 Qui
715 1836 760 1870 ut
801 1845 971 1882 regnare
1004 1832 1136 1882 coepit,
1182 1836 1221 1870 et
1251 1832 1369 1869 avitae
1400 1831 1585 1881 gloriae2

106 1917 254 1943 memor
297 1909 336 1942 et
367 1905 463 1955 quia
495 1905 722 1955 proximum
753 1917 934 1954 regnum,
979 1907 1112 1942 cetera
1144 1904 1363 1953 egregium,
1396 1904 1445 1941 ab
1476 1917 1557 1941 una

102 1980 217 2027 parte
249 1977 356 2015 haud
388 1977 483 2015 satis
514 1989 751 2027 prosperum
782 1976 927 2025 fuerat,
961 1979 1029 2013 aut
1061 1976 1257 2025 neglectis
1277 1974 1553 2024 religionibus

106 2051 175 2086 aut
220 2061 342 2098 prave
389 2048 519 2095 cultis,
568 2049 686 2097 longe
726 2048 1057 2097 antiquissimum
1088 2051 1199 2086 ratus
1230 2060 1342 2085 sacra
1373 2047 1555 2098 publica,

104 2123 150 2158 ut
179 2120 230 2158 ab
264 2119 396 2158 Numa
427 2120 615 2157 instituta
648 2124 773 2167 erant,
806 2120 952 2168 facere,
986 2120 1118 2157 omnia
1149 2132 1194 2157 ea
1225 2133 1271 2157 ex
1302 2122 1540 2157 commenta-

103 2192 174 2229 riis
205 2192 328 2241 regiis
361 2191 590 2242 pontificem
622 2193 662 2229 in
696 2191 830 2229 album
860 2191 966 2228 elata
989 2203 1215 2240 proponere
1243 2191 1283 2228 in
1301 2191 1466 2240 publico
1483 2191 1542 2228 iu-

103 2264 182 2301 bet.
228 2263 330 2301 Inde
363 2268 401 2301 et
433 2263 587 2301 civibus
620 2264 693 2302 otii
725 2262 879 2312 cupidis
911 2265 950 2300 et
975 2262 1155 2300 finitimis
1182 2262 1414 2301 civitatibus
1440 2263 1545 2300 facta

103 2348 205 2386 spes,
252 2335 293 2372 in
332 2335 397 2373 avi
428 2349 555 2374 mores
595 2339 714 2384 atque
745 2335 932 2372 instituta
962 2347 1100 2384 regem
1131 2334 1347 2372 abiturum.
1409 2333 1541 2383 Igitur
1561 2333 1583 2370 3

103 2406 250 2454 Latini,
268 2419 354 2444 cum
372 2407 518 2457 quibus
537 2406 656 2444 Tullo
673 2410 866 2456 regnante
886 2406 1011 2444 ictum
1027 2405 1156 2443 foedus
1174 2410 1270 2451 erat,
1296 2405 1543 2443 sustulerant

103 2478 268 2528 animos,
302 2482 350 2525 et,
383 2491 503 2528 quum
534 2477 805 2516 incursionem
836 2477 876 2515 in
909 2489 1051 2526 agrum
1083 2477 1309 2515 Romanum
1341 2477 1541 2525 fecissent,

101 2550 374 2601 repetentibus
398 2563 460 2588 res
476 2549 671 2588 Romanis
698 2549 869 2599 superbe
893 2562 1127 2599 responsum
1144 2548 1330 2597 reddunt,
1365 2547 1542 2584 desidem

104 2619 327 2659 Romanum
372 2634 507 2671 regem
539 2621 642 2659 inter
673 2621 819 2659 sacella
851 2625 890 2659 et
922 2634 1010 2658 aras
1042 2624 1225 2658 acturum
1257 2631 1341 2656 esse
1373 2631 1541 2667 regnum

102 2692 194 2730 rati.
252 2692 434 2730 Medium
465 2697 549 2731 erat
581 2693 621 2730 in
653 2694 770 2731 Anco
802 2692 1020 2742 ingenium,
1065 2695 1106 2729 et
1136 2691 1276 2728 Numae
1308 2692 1346 2726 et
1377 2689 1584 2727 Romuli4

171 2772 275 2800 Livius
295 2781 334 2800 ex
353 2781 412 2800 rec.
431 2774 590 2807 Madvigii.
627 2775 650 2799 1.
1315 2770 1337 2804 3
