1821 2928
314 126 365 163 84
783 121 897 157 Liber
921 121 974 156 ΙΙ.
1000 124 1060 166 (A.
1086 135 1122 156 u.
1149 134 1178 157 c.
1204 123 1297 168 259.)

245 249 295 285 14
314 248 435 286 dubie
478 249 653 286 ludibrio
701 262 783 286 esse
830 249 1008 288 miserias
1055 263 1157 288 suas.
1219 250 1304 288 Iam
1337 264 1460 301 prope
1493 254 1586 299 erat,
1618 255 1664 290 ut
1691 265 1742 290 ne

311 321 517 358 consulum
549 321 722 370 quidem·
745 321 929 359 maiestas
963 325 1164 359 coerceret
1194 323 1274 360 iras
1290 322 1506 373 hominum,
1526 336 1647 373 quum
1679 323 1740 361 in-

311 393 423 437 certi,
458 391 647 430 morando
681 406 731 430 an
764 392 960 431 veniendo
978 393 1068 443 plus
1085 393 1254 443 periculi
1274 395 1563 442 contraherent,
1581 395 1744 433 tandem

313 466 350 501 in
382 469 562 502 senatum
595 465 771 502 veniunt.
820 465 1117 515 Frequentique
1150 465 1341 515 [tandem]
1375 466 1497 513 curia,
1531 480 1608 505 non
1626 467 1743 505 modo

310 537 415 573 inter
445 540 592 586 patres,
624 536 692 574 sed
724 550 772 573 ne
805 537 909 574 inter
943 537 1123 574 consules
1155 537 1315 587 quidem
1348 537 1456 587 ipsos
1481 538 1579 576 satis
1597 551 1738 576 conve-

244 610 290 648 15
312 608 461 646 niebat.
511 608 684 658 Appius,
700 609 946 646 vehementis
979 609 1128 656 ingenii
1154 609 1227 657 vir,
1255 609 1424 658 imperio
1442 610 1642 648 consulari
1659 623 1742 649 rem

309 680 503 728 agendam
539 681 745 718 censebat:
793 694 871 718 uno
917 684 985 717 aut
1017 681 1142 717 altero
1175 685 1346 731 arrepto,
1381 681 1586 731 quieturos
1617 682 1743 730 alios;

310 750 518 797 Servilius,
536 752 694 789 lenibus
711 752 898 789 remediis
915 752 1057 802 aptior,
1084 752 1300 790 concitatos
1317 753 1471 790 animos
1488 752 1596 791 flecti
1625 767 1743 804 quam

308 824 440 873 frangi
472 825 641 874 putabat
673 837 793 874 quum
824 825 962 870 tutius,
995 827 1079 861 tum
1110 825 1268 862 facilius
1300 838 1394 862 esse.

172 889 231 937 24
429 896 543 933 Inter
573 895 656 933 haec
689 896 813 934 maior
844 897 943 933 alius
975 900 1119 933 terror:
1154 896 1290 933 Latini
1309 897 1462 946 equites
1480 910 1567 934 cum
1597 897 1742 935 tumul-

307 972 425 1006 tuoso
473 968 661 1006 advolant
706 968 861 1012 nuntio,
893 968 1062 1006 Volscos
1109 969 1253 1005 infesto
1300 968 1476 1005 exercitu
1522 968 1571 1005 ad
1601 968 1744 1006 urbem

311 1041 620 1091 oppugnandam
652 1040 801 1077 venire.
849 1039 947 1086 Quae
979 1040 1116 1078 audita
1146 1040 1262 1088 (adeo
1293 1040 1389 1077 duas
1415 1054 1463 1077 ex
1485 1054 1564 1078 una
1581 1041 1743 1079 civitat-e

272 1116 295 1152 2
315 1113 516 1151 discordia
548 1109 714 1163 fecerat)
749 1112 865 1161 longe
898 1112 1014 1149 aliter
1045 1117 1178 1162 patres
1202 1125 1246 1150 ac
1275 1112 1432 1162 plebem
1449 1112 1625 1151 affecere.
1666 1112 1742 1150 Ex-

306 1186 455 1223 sultare
487 1184 633 1233 gaudio
665 1183 821 1233 plebes3
856 1184 1007 1222 ultores
1040 1184 1237 1234 superbiae
1269 1188 1428 1233 patrum
1454 1185 1591 1222 adesse
1609 1184 1742 1222 dicere

307 1259 420 1303 de0s3
453 1256 557 1294 alius
576 1255 696 1292 alium
715 1255 960 1303 confirmare,
977 1270 1025 1293 ne
1051 1256 1215 1294 nomina
1247 1255 1406 1302 darent3
1439 1269 1527 1293 cum
1559 1256 1742 1294 omnibus

304 1330 439 1379 potius
471 1341 588 1378 quam
620 1327 724 1364 solos
757 1328 976 1376 perituros;
1008 1332 1143 1377 patres
1183 1328 1418 1376 militarent,
1460 1331 1594 1378 patres
1633 1342 1743 1366 arma

308 1404 509 1452 caperent,
540 1402 586 1436 ut
616 1413 738 1449 penes
770 1399 928 1437 eosdem
959 1399 1138 1449 pericula
1167 1400 1277 1445 belli,
1302 1413 1422 1450 penes
1451 1413 1550 1449 quos
1567 1400 1741 1449 praemia,

263 1478 287 1515 3
307 1477 448 1512 essent.
509 1471 567 1509 At
598 1484 692 1509 vero
725 1472 846 1517 curia,
878 1474 1015 1510 maesta
1047 1485 1090 1508 ac
1121 1472 1281 1522 trepida
1312 1472 1477 1522 ancipiti
1510 1474 1616 1509 metu
1633 1475 1673 1509 et
1691 1472 1740 1509 ab

304 1547 388 1584 cive
435 1548 473 1582 et
519 1544 568 1581 ab
614 1543 738 1592 hoste,
775 1541 994 1582 Servilium
1025 1544 1237 1591 consulem,
1280 1544 1344 1582 cui
1376 1544 1582 1593 ingenium
1613 1544 1741 1593 magis

304 1617 499 1668 populare
539 1619 636 1664 erat,
680 1629 804 1662 orare,
845 1620 889 1652 ut
926 1616 1049 1653 tantis
1081 1616 1390 1653 circumventam
1420 1615 1644 1653 terroribus
1677 1629 1740 1653 ex-

264 1693 289 1730 4
305 1689 463 1739 pediret
480 1701 561 1724 rem
579 1687 792 1737 publicam.
842 1687 943 1724 Tum
972 1688 1120 1735 consul,
1149 1687 1267 1724 misso
1286 1691 1434 1734 senatu,
1453 1687 1494 1724 in
1513 1687 1740 1725 contionem

301 1761 448 1811 prodit.
494 1759 560 1796 Ibi
593 1772 695 1796 curae
727 1772 811 1796 esse
843 1759 1026 1809 patribus
1058 1759 1244 1805 ostendit,
1275 1764 1320 1796 ut
1351 1760 1583 1797 consulatur
1607 1758 1737 1809 plebi3

303 1837 479 1870 ceterum
510 1831 793 1868 deliberationi
818 1831 865 1868 de
898 1831 1068 1868 maxima
1095 1831 1253 1881 quidem
1279 1831 1360 1879 illa,
1387 1830 1456 1868 sed
1473 1835 1604 1868 tamen
1621 1834 1739 1881 parte

264 1908 287 1945 5
304 1905 478 1943 civitatis
510 1906 658 1940 metum
684 1916 756 1953 pro
782 1904 969 1940 universa
985 1916 1028 1940 re
1045 1903 1208 1952 publica
1226 1903 1509 1949 intervenisse3
1526 1916 1597 1940 nec
1613 1915 1739 1953 posse,

304 1991 425 2027 quum
455 1976 588 2014 hostes
604 1988 730 2025 prope
748 1974 798 2011 ad
830 1979 967 2025 portas
1000 1978 1140 2022 essent,
1171 1975 1278 2012 bello
1296 1975 1482 2025 praeverti
1512 1974 1738 2024 quicquam,

301 2062 384 2095 nec,
416 2048 449 2085 si
481 2048 533 2085 sit
563 2047 779 2084 laxamenti
826 2046 994 2096 aliquid,
1040 2050 1109 2084 aut
1150 2046 1259 2096 plebi
1289 2047 1498 2085 honestum
1529 2059 1624 2094 esse,
1657 2045 1740 2083 nisi

303 2119 482 2158 mercede
521 2119 632 2168 prius
679 2122 853 2168 accepta,
887 2133 996 2157 arma
1035 2132 1108 2169 pro
1139 2119 1275 2169 patria
1307 2132 1386 2156 non
1417 2118 1580 2168 cepisse,
1612 2131 1739 2168 neque

303 2193 483 2243 patribus
530 2191 627 2229 satis
673 2190 858 2227 decorum
907 2204 979 2240 per
1025 2195 1172 2228 metum
1209 2191 1346 2240 potius
1379 2203 1496 2240 quam
1528 2189 1738 2239 postmodo

261 2264 508 2307 6voluntate
541 2262 700 2299 afflictis
732 2263 886 2300 civium
918 2276 1079 2299 suorum
1110 2262 1282 2300 fortunis
1315 2262 1570 2300 consuluisse.
1633 2260 1737 2300 Con-

301 2335 403 2373 tioni
435 2334 579 2371 deinde
611 2334 742 2372 edicto
775 2334 936 2372 addidit
966 2334 1099 2380 fidem,
1133 2347 1210 2384 quo
1243 2333 1378 2380 edixit,
1410 2347 1459 2371 ne
1492 2333 1580 2383 quis
1612 2333 1738 2370 civem

301 2407 527 2445 Romanum
560 2406 736 2443 vinctum
769 2409 838 2443 aut
870 2407 1049 2443 clausum
1065 2409 1232 2455 teneret,
1251 2419 1329 2456 quo
1347 2406 1476 2443 minus
1501 2405 1537 2442 ei
1561 2404 1737 2442 nominis

302 2478 446 2516 edendi
478 2476 584 2527 apud
616 2477 797 2514 consules
829 2480 1007 2526 potestas
1038 2477 1163 2523 fieret,
1197 2491 1276 2515 neu
1307 2477 1396 2527 quis
1427 2476 1578 2523 militis,
1611 2475 1737 2514 donec

302 2550 345 2587 in
377 2549 518 2586 castris
551 2552 664 2595 esset,
683 2548 788 2585 bona
805 2548 1026 2598 possideret
1042 2552 1111 2586 aut
1128 2548 1333 2594 venderet,
1351 2548 1500 2585 liberos
1520 2549 1737 2597 nepotesve

259 2620 281 2656 7
303 2621 386 2658 eius
420 2624 654 2658 moraretur.
708 2619 797 2657 Hoc
829 2620 1037 2669 proposito
1070 2619 1212 2665 edicto,
1245 2622 1294 2666 et,
1327 2619 1397 2668 qui
1428 2618 1596 2656 aderant-
1625 2619 1734 2668 nexi,

298 2693 483 2743 profiteri
500 2693 702 2742 extemplo
720 2692 893 2740 nomina,
913 2695 951 2728 et
967 2690 1145 2740 undique
1163 2704 1210 2728 ex
1221 2693 1305 2728 tota
1314 2691 1413 2728 urbe
1425 2689 1735 2740 proripientium
