1821 2928
151 406 211 453 44

280 139 364 180 300
735 135 850 171 Liber
874 136 916 171 V.
967 135 1029 179 (A.
1055 147 1090 170 u.
1116 147 1145 170 c.
1169 136 1265 180 364.)

281 265 517 303 consultare.
562 264 646 302 Nec
677 277 789 302 secus
821 277 939 314 quam
971 262 1107 300 divino
1131 263 1274 314 spiritu
1295 265 1440 311 tactus,
1470 275 1591 312 quum
1617 275 1658 300 se
1674 263 1721 301 in

281 336 450 374 mediam
483 336 708 373 contionem
732 335 945 382 intulisset,
976 335 1175 372 abstinere
1200 338 1334 373 suetus
1351 338 1442 372 ante
1456 334 1608 372 talibus
1624 347 1723 372 con·-

286 408 401 454 ciliis,
437 407 684 454 „Ardeates“
705 407 848 456 inquit,
883 410 1062 453 „veteres
1093 406 1222 453 amici,
1252 406 1345 444 novi
1370 407 1487 444 etiam
1505 406 1611 444 cives
1626 406 1718 454 mei,

283 479 441 531 quando
466 483 506 517 et
529 482 703 516 vestrum
729 478 963 516 beneficium
978 479 1035 515 ita
1051 478 1148 515 tulit
1165 482 1204 516 et
1218 479 1377 515 fortuna
1391 477 1466 515 hoc
1482 477 1595 527 eguit
1611 491 1698 516 mea
1708 492 1723 525 ς·

282 565 395 589 nemo
436 554 610 588 vestrum
654 550 901 588 condicionis
941 563 1036 587 meae
1078 550 1245 588 oblitum
1276 564 1337 587 me
1367 550 1445 587 huc
1476 549 1723 600 processisse

282 626 413 674 putet3
460 622 529 659 sed
566 635 630 659 res
669 635 714 659 ac
752 622 973 672 periculum
1012 635 1216 659 commune
1248 622 1366 671 cogit,
1411 621 1518 672 quod
1549 615 1725 671 quisque·

241 695 264 731 2
284 695 423 745 possit,
457 695 498 731 in
529 708 571 731 re
601 694 761 744 trepida
791 693 971 744 praesidii
998 694 1037 730 in
1065 693 1234 731 medium
1253 693 1444 731 conferre.
1489 693 1543 730 Et
1558 693 1718 743 quando

283 780 355 816 ego
394 767 508 804 vobis
546 780 618 816 pro
656 766 779 802 tantis
810 765 953 803 vestris
984 765 1025 802 in
1056 778 1118 801 me
1148 765 1302 802 meritis
1333 765 1504 814 gratiam
1534 766 1721 813 referam,

283 839 317 876 si
349 852 451 875 nunc
484 837 717 876 cessavero?
763 841 832 874 aut
862 837 932 874 ubi
962 850 1056 874 usus
1089 838 1165 874 erit
1194 837 1271 874 mei
1308 837 1431 884 vobis,
1472 837 1506 874 si
1536 837 1578 873 in
1607 836 1723 874 bello

283 923 363 948 non
408 910 557 947 fuerit?
617 910 705 947 Hac
743 912 830 946 arte
869 909 910 946 in
950 909 1081 959 patria
1112 909 1219 955 steti,
1267 912 1306 945 et
1336 909 1508 946 invictus
1538 908 1646 946 bello
1677 907 1720 945 in

245 982 267 1019 3
285 995 381 1032 pace
413 981 462 1018 ab
495 981 664 1030 ingratis
696 981 850 1018 civibus
877 981 1016 1030 pulsus
1040 994 1137 1018 sum.
1185 979 1313 1019 Vobis
1330 983 1474 1028 autem,
1504 979 1720 1027 Ardeates,

282 1054 442 1092 fortuna
487 1053 621 1090 oblata
666 1056 724 1090 est
770 1057 808 1090 et
843 1066 915 1102 pro
957 1053 1079 1090 tantis
1117 1052 1259 1102 populi
1289 1051 1462 1090 Romani
1502 1051 1721 1098 beneficiis,

283 1128 432 1175 quanta
463 1125 540 1174 ipsi
572 1124 805 1162 meministis
830 1126 919 1173 (nec
951 1125 1054 1161 enim
1087 1124 1366 1173 exprobranda
1393 1123 1500 1174 apud
1525 1136 1720 1161 memores

283 1199 403 1246 sunt),
434 1197 574 1245 gratiae
598 1195 818 1233 referendae
843 1200 881 1233 et
903 1196 995 1233 huic
1021 1197 1112 1233 urbi
1130 1196 1248 1233 decus
1266 1197 1405 1245 ingens
1424 1195 1523 1233 belli
1541 1209 1588 1232 ex
1605 1194 1720 1233 hoste

242 1269 267 1305 4
286 1269 484 1306 communi
515 1268 711 1318 pariendi,
744 1268 813 1318 qui
845 1268 965 1306 effuso
997 1268 1155 1317 agmine
1181 1267 1381 1305 adventat.
1427 1266 1536 1305 Gens
1553 1270 1622 1314 est,
1653 1267 1719 1305 cui

282 1343 425 1377 natura
457 1353 627 1389 corpora
657 1340 891 1389 animosque
922 1353 1066 1388 magna
1095 1339 1222 1389 magis
1254 1353 1372 1390 quam
1403 1339 1517 1376 firma
1541 1338 1723 1388 dederit3⁴

245 1412 267 1450 5
285 1425 330 1450 eo
363 1412 404 1449 in
435 1415 633 1449 certamen
665 1425 779 1449 omne
809 1412 900 1461 plus
930 1411 1094 1450 terroris
1126 1424 1244 1461 quam
1275 1411 1420 1449 virium
1446 1411 1592 1449 ferunt.
1639 1408 1719 1448 Ar-

281 1488 469 1532 gumento
501 1485 553 1521 sit
585 1484 718 1521 clades
734 1483 932 1521 Romana:
965 1486 1168 1533 patentem
1200 1496 1341 1533 cepere
1365 1483 1522 1530 urbem3
1555 1496 1603 1520 ex
1627 1495 1721 1520 arce

282 1555 562 1605 Capitolioque
595 1556 642 1592 iis
675 1556 823 1605 exigua
852 1555 1053 1592 resistitur
1078 1568 1214 1602 manu;
1249 1554 1328 1592 iam
1355 1554 1574 1592 obsidionis
1595 1553 1717 1592 taedio

242 1628 380 1665 6victi
420 1627 639 1664 abscedunt
676 1627 848 1676 vagique
888 1640 960 1676 per
1000 1640 1116 1676 agros
1153 1627 1352 1675 palantur.
1413 1625 1514 1663 Cibo
1545 1626 1719 1675 vinoque

280 1699 427 1748 raptim
460 1699 600 1736 hausto
631 1699 786 1748 repleti,
817 1699 886 1736 ubi
916 1711 994 1735 nox
1025 1698 1191 1747 appetit,
1227 1711 1353 1747 prope
1383 1697 1493 1735 rivos
1523 1709 1716 1747 aquarum

282 1771 366 1808 sine
398 1771 655 1817 munimento,
687 1770 772 1808 sine
803 1769 1043 1808 stationibus
1075 1783 1120 1806 ac
1151 1769 1345 1806 custodiis
1366 1769 1517 1818 passim
1542 1768 1716 1805 ferarum

281 1843 363 1880 ritu
392 1846 637 1890 sternuntur,
667 1855 771 1879 nunc
802 1842 851 1878 ab
884 1841 1066 1879 secundis
1090 1841 1208 1879 rebus
1234 1841 1361 1890 magis
1385 1841 1502 1878 etiam
1521 1840 1640 1877 solito
1656 1839 1717 1876 in-

243 1916 265 1951 7
285 1914 402 1952 cauti.
463 1913 507 1951 Si
553 1914 666 1952 vobis
712 1914 752 1951 in
798 1914 930 1951 animo
970 1917 1028 1950 est
1057 1914 1162 1950 tueri
1191 1913 1337 1950 moenia
1366 1916 1498 1950 vestra
1528 1925 1601 1949 nec
1631 1911 1718 1961 pati

281 1986 365 2022 haec
397 1986 528 2023 omnia
560 1984 734 2023 Galliam
765 1985 864 2031 fieri,
898 1985 1027 2035 prima
1057 1985 1201 2034 vigilia
1230 1985 1362 2034 capite
1393 1997 1502 2021 arma
1531 1983 1716 2034 frequen-

280 2061 419 2107 tesque
451 2071 511 2095 me
543 2057 753 2106 sequimini
788 2058 838 2095 ad
870 2057 1030 2104 caedem,
1060 2070 1138 2094 non
1155 2057 1204 2093 ad
1221 2069 1406 2106 pugnam.
1453 2055 1546 2094 Nisi
1561 2055 1718 2093 vinctos
1753 2083 1756 2085 Α

281 2142 417 2166 somno
440 2129 551 2166 velut
574 2129 745 2178 pecudes
771 2129 1034 2170 trucidandos
1050 2128 1271 2175 tradidero,
1295 2142 1376 2166 non
1392 2140 1532 2165 recuso
1549 2126 1719 2164 eundem

281 2200 430 2238 Ardeae
461 2213 592 2237 rerum
623 2213 799 2238 mearum
833 2201 992 2247 exitum,
1024 2214 1140 2251 quem
1171 2200 1310 2237 Romae
1340 2198 1502 2237 habui.“

398 2271 544 2321 AEquis
582 2271 808 2321 iniquisque
847 2285 1080 2322 persuasum
1122 2275 1217 2318 erat,
1261 2275 1416 2309 tantum
1447 2270 1556 2307 bello
1587 2269 1718 2307 virum*

281 2344 477 2380 neminem
509 2357 676 2392 usquam
708 2357 754 2381 ea
785 2347 1018 2394 tempestate
1051 2357 1144 2381 esse.
1197 2342 1392 2381 Contione
1423 2342 1600 2388 dimissa,
1632 2353 1721 2378 cor·

281 2428 381 2464 pora
412 2418 565 2461 curant,
605 2415 761 2461 intenti,
802 2429 918 2465 quam
949 2429 1039 2453 mox
1069 2416 1226 2464 signum
1257 2415 1430 2452 daretur.
1491 2413 1578 2460 Quo
1610 2412 1719 2458 dato,

242 2487 411 2536 Pprimo
443 2487 604 2524 silentio
636 2487 764 2523 noctis
796 2487 843 2523 ad
875 2492 1010 2536 portas
1028 2486 1199 2524 Camillo
1222 2489 1368 2536 praesto
1384 2485 1506 2522 fuere.
1551 2483 1715 2532 Egressi

281 2558 388 2595 haud
420 2558 559 2607 procul
589 2558 699 2604 urbe,
730 2557 835 2594 sicut
865 2558 1101 2607 praedictum
1133 2561 1230 2604 erat,
1261 2560 1390 2594 castra
1417 2554 1626 2593 Gallorum
1656 2554 1714 2591 in-

281 2632 368 2666 tuta
398 2629 746 2678 neglectaque-ab
786 2629 892 2666 omni
931 2632 1045 2678 parte
1083 2629 1192 2666 nacti
1232 2641 1319 2666 cum
1357 2627 1513 2676 ingenti
1543 2626 1714 2663 clamore

241 2699 487 2738 3invadunt.
533 2700 737 2750 Nusquam
770 2700 969 2749 proelium,
1002 2700 1183 2737 omnibus
1214 2699 1315 2736 locis
1345 2698 1473 2736 caedes
1499 2700 1572 2744 est3
1605 2695 1714 2734 nuda
