1821 2928
492 147 605 182 Liber
630 147 681 183 Π.
719 148 781 190 (Α.
809 147 873 181 oh.
900 147 1110 190 469-468.)
1449 149 1527 187 123

204 276 258 314 Et
288 277 328 314 in
360 276 520 314 Volscis
537 275 783 325 respublica
807 275 968 324 egregie
999 278 1111 323 gesta
1138 287 1258 327 quum
1286 273 1409 320 ducis,
1441 278 1524 311 tum
1544 275 1566 310 5

89 349 260 387 militum
291 361 424 398 opera.
471 347 652 385 Primum
679 360 791 397 aequo
815 360 954 396 campo
974 347 1100 396 signis
1119 346 1274 384 collatis
1294 351 1527 395 pugnatum,

89 421 242 471 ingenti
281 420 386 458 caede
428 420 628 469 utrinque,
668 419 841 470 plurimo
881 419 1094 468 sanguine3
1136 422 1175 456 et
1216 418 1400 465 Romani,
1433 419 1568 468 quiass

87 494 267 544 paucitas
300 492 682 536 damno‚sentiendo
714 491 877 542 propior
904 495 1001 535 erat,
1019 491 1188 539 gradum
1206 491 1468 540 rettulissent,
1487 491 1527 528 ui

87 566 238 603 salubri
270 564 475 602 mendacio
509 565 658 610 consul,
690 564 827 612 fugere
858 563 990 600 hostes
1016 563 1065 600 ab
1091 575 1214 600 cornu
1240 564 1366 601 altero
1387 564 1524 601 clami-

86 642 186 685 tans,
204 638 441 675 concitasset
473 637 610 676 aciem.
659 636 819 686 Impetu
849 636 966 677 facto,
994 634 1087 672 dum
1114 648 1154 672 se
1179 639 1322 684 put-aut
1354 637 1523 682 vincere,

86 711 230 748 vicere.
278 709 427 748 Consul
455 713 648 758 metuens,
676 722 725 746 ne
745 707 863 746 nimis
882 706 1069 744 instando
1087 712 1299 745 renovaret
1316 712 1528 754 certamen,
1550 710 1571 745 7

87 783 245 832 signum
277 775 457 832 receptui
489 781 613 819 dedit.
669 781 939 818 Intercessere
970 779 1087 829 pauci
1120 779 1216 826 dies,
1248 780 1358 818 velut
1390 780 1566 818 tacitisss

86 854 259 892 indutiis
290 854 479 903 utrinque
506 854 639 903 quiete
667 856 836 902 sumpta,
863 865 935 902 per
959 866 1058 902 quos
1086 853 1224 902 ingens
1249 852 1309 890 vis
1321 853 1525 890 hominum

85 939 131 964 ex
161 927 344 964 omnibus
376 926 536 964 Volscis
568 925 793 975 AEquisque
823 923 984 975 populis
1015 925 1056 962 in
1097 930 1228 962 castra
1266 925 1388 971 venit,
1419 925 1525 962 haud
1545 933 1566 967 9

86 999 286 1045 dubitans,
318 999 351 1036 si
382 999 592 1045 senserint,
607 997 810 1035 Romanos
841 1001 958 1034 nocte
985 997 1176 1035 abituros.
1233 997 1376 1047 Itaque
1403 999 1526 1036 tertia

84 1071 166 1109 fere
195 1071 336 1120 vigilia
366 1071 416 1108 ad
447 1074 579 1109 castra
610 1069 880 1120 oppugnanda
909 1070 1086 1107 veniunt.
1137 1068 1366 1116 Quinctius,
1385 1070 1523 1109 sedato

83 1143 272 1190 tumultu,
304 1157 421 1194 quem
453 1147 584 1181 terror
614 1142 772 1180 subitus
804 1142 1020 1188 exciverat,
1051 1155 1173 1192 quum
1201 1156 1360 1180 manere
1385 1143 1424 1180 in
1440 1146 1525 1180 ten-

83 1215 202 1254 toriis
234 1217 414 1266 quietum
440 1216 607 1253 militem
633 1215 827 1264 iussisset,
853 1214 1123 1252 Hernicorum
1156 1215 1359 1253 cohortem
1387 1215 1427 1251 in
1445 1219 1522 1252 sta·
1545 1216 1594 1253 10

84 1288 236 1327 tionem
256 1288 404 1335 educit,
429 1288 654 1326 cornicines
678 1287 959 1336 tubicinesque
985 1286 1025 1323 in
1045 1300 1167 1337 equos
1184 1288 1391 1336 impositos
1410 1300 1525 1325 cane-

83 1373 127 1398 re
159 1364 250 1398 ante
282 1361 431 1398 vallum
466 1361 580 1398 iubet
610 1360 910 1408 sollicitumque
942 1359 1098 1396 hostem
1129 1358 1180 1395 ad
1220 1359 1351 1396 lucem.
1378 1364 1525 1397 tenere.

85 1431 301 1482 Reliquum
335 1433 462 1470 noctis
495 1432 593 1470 adeo
634 1432 857 1481 tranquilla
895 1431 1028 1468 omnia
1068 1431 1108 1467 in
1142 1431 1283 1468 castris
1324 1432 1444 1475 fuere,
1482 1435 1526 1469 ut
1548 1433 1594 1470 11

82 1505 209 1542 somni
255 1517 413 1554 quoque
459 1504 650 1542 Romanis
682 1504 797 1553 copia
829 1507 944 1541 esset.
1006 1501 1175 1541 Volscos
1207 1503 1359 1552 species
1391 1516 1518 1541 arma-

78 1582 212 1614 torum
244 1577 437 1627 peditum,
470 1590 568 1626 quos
609 1580 648 1613 et
688 1576 824 1626 plures
868 1588 953 1612 esse
995 1578 1034 1612 et
1063 1574 1268 1613 Romanos
1306 1576 1517 1625 putabant.

82 1649 263 1686 fremitus
295 1648 555 1698 hinnitusque
587 1661 793 1698 equorum,
820 1648 888 1698 qui
913 1650 953 1685 et
976 1647 1131 1685 insueto
1148 1646 1311 1685 sedente
1329 1648 1462 1697 equite
1479 1652 1517 1685 et

81 1721 245 1771 insuper
276 1734 391 1758 aures
423 1721 601 1769 agitante
639 1721 772 1758 sonitu
812 1720 1043 1768 saeviebant,
1094 1719 1271 1757 intentos
1312 1720 1421 1757 velut
1468 1720 1518 1757 ad

81 1794 271 1844 impetum
304 1794 477 1832 hostium
508 1793 652 1832 tenuit.
701 1792 784 1831 Ubi
816 1792 967 1841 illuxit,
992 1791 1197 1830 Romanus
1224 1792 1380 1840 integer
1405 1792 1522 1829 satia-
1582 1794 1636 1842 65

77 1870 222 1916 tusque
253 1879 390 1904 somno
436 1865 653 1916 productus
699 1865 739 1902 in
781 1865 903 1902 aciem
935 1865 1079 1902 fessum
1111 1864 1253 1902 stando
1295 1868 1334 1902 et
1364 1864 1521 1914 vigiliis

82 1937 272 1976 Volscum
304 1938 433 1988 primo
463 1938 616 1988 impetu
632 1937 828 1987 perculit3
847 1950 1072 1987 quanquam
1091 1949 1244 1974 cessere
1262 1937 1389 1986 magis
1407 1950 1525 1987 quam
1544 1940 1567 1976 2

81 2010 187 2060 pulsi
217 2010 349 2048 hostes
381 2014 485 2056 sunt,
530 2010 627 2059 quia
671 2010 720 2048 ab
767 2013 882 2059 tergo
927 2013 1041 2047 erant
1080 2009 1186 2055 clivi,
1228 2009 1268 2046 in
1301 2021 1399 2058 quos
1431 2014 1522 2059 post

81 2082 281 2133 principia
314 2082 483 2132 integris
515 2082 725 2120 ordinibus
755 2084 866 2119 tutus
897 2084 1080 2131 receptus
1111 2081 1199 2120 fuit.
1263 2080 1423 2126 Consul,
1453 2082 1522 2119 ubi

83 2153 132 2192 ad
165 2154 345 2204 iniquum
371 2155 500 2192 locum
518 2158 679 2192 ventum
696 2157 766 2200 est,
784 2154 892 2191 sistit
908 2154 1046 2192 aciem.
1094 2153 1215 2191 Miles
1248 2166 1351 2202 aegre
1382 2154 1521 2199 teneri,

83 2226 253 2265 clamare
284 2230 324 2264 et
352 2239 527 2277 poscere,
550 2231 596 2264 ut
619 2226 815 2277 perculsis
833 2226 982 2264 instare
1000 2226 1132 2263 liceat.
1173 2225 1364 2263 Ferocius
1395 2230 1519 2274 agunt
1538 2231 1560 2266 3

82 2299 255 2348 equites;
287 2299 517 2337 circumfusi
557 2299 649 2337 duci
694 2299 978 2347 vociferantur,
1019 2311 1059 2336 se
1101 2301 1196 2336 ante
1235 2298 1349 2346 signa
1380 2298 1518 2335 ituros.

83 2368 193 2408 Dum
225 2374 435 2409 cunctatur
475 2371 622 2418 consul,
667 2372 817 2409 virtute
863 2371 1034 2408 militum
1074 2370 1210 2419 fretus,
1252 2370 1339 2408 loco
1378 2383 1520 2420 parum

82 2441 221 2490 fidens,
266 2443 518 2481 conclamant
563 2456 604 2480 se
641 2443 779 2490 ituros,
819 2444 1112 2492 clamoremque
1158 2455 1220 2479 res
1267 2446 1326 2479 est
1372 2445 1517 2479 secuta.

85 2513 196 2552 Fixis
229 2515 268 2552 in
299 2518 447 2552 terram
480 2514 589 2564 pilis,
636 2528 714 2564 quo
760 2515 927 2554 leviores
973 2516 1100 2553 ardua
1139 2513 1362 2559 evaderent,
1403 2526 1518 2550 cursu

85 2584 269 2625 subeunt.
332 2586 514 2633 Volscus,
539 2586 673 2624 effusis
699 2587 749 2625 ad
774 2587 945 2637 primum
966 2587 1154 2637 impetum
1173 2585 1395 2623 missilibus
1413 2584 1516 2629 telis,
1535 2593 1559 2629 4

85 2669 180 2694 saxa
210 2657 440 2696 obiacentia
463 2659 632 2709 pedibus
657 2660 806 2708 ingerit
834 2660 875 2696 in
903 2659 1127 2704 subeuntes,
1150 2657 1412 2705 turbatosque
1433 2657 1517 2693 icti-

87 2727 158 2766 bus
189 2730 341 2768 crebris
371 2735 488 2779 urget
520 2744 566 2768 ex
598 2732 799 2781 superiore
828 2731 925 2768 loco.
979 2729 1046 2767 Sic
1078 2742 1201 2779 prope
1227 2732 1432 2766 oneratum
1458 2733 1517 2766 est
