<?xml version="1.0" encoding="UTF-8"?>
<!DOCTYPE html PUBLIC "-//W3C//DTD XHTML 1.0 Transitional//EN"
    "http://www.w3.org/TR/xhtml1/DTD/xhtml1-transitional.dtd">
<html xmlns="http://www.w3.org/1999/xhtml" xml:lang="en" lang="en">
 <head>
  <title>
</title>
<meta http-equiv="Content-Type" content="text/html;charset=utf-8" />
  <meta name='ocr-system' content='tesseract 3.04.00' />
  <meta name='ocr-capabilities' content='ocr_page ocr_carea ocr_par ocr_line ocrx_word'/>
</head>
<body>
  <div class='ocr_page' id='page_1' title='image "./historiarumroman01livyuoft_0008.png"; bbox 0 0 1821 2928; ppageno 0'>
   <div class='ocr_carea' id='block_1_1' title="bbox 198 119 246 158">
    <p class='ocr_par' dir='ltr' id='par_1_1' title="bbox 198 119 246 158">
     <span class='ocr_line' id='line_1_1' title="bbox 198 119 246 158; baseline -0.021 0"><span class='ocrx_word' id='word_1_1' title='bbox 198 119 246 158; x_wconf 89' lang='grc' dir='ltr'>Π</span> 
     </span>
    </p>
   </div>
   <div class='ocr_carea' id='block_1_2' title="bbox 193 239 1643 2708">
    <p class='ocr_par' dir='ltr' id='par_1_2' title="bbox 193 239 1643 1970">
     <span class='ocr_line' id='line_1_2' title="bbox 199 239 1640 284; baseline -0.001 -9"><span class='ocrx_word' id='word_1_2' title='bbox 199 241 304 275; x_wconf 90' lang='lat' dir='ltr'>muni</span> <span class='ocrx_word' id='word_1_3' title='bbox 330 240 679 274; x_wconf 77' lang='lat' dir='ltr'>intermiscerentur</span> <span class='ocrx_word' id='word_1_4' title='bbox 712 249 753 272; x_wconf 87' lang='lat' dir='ltr'>ac</span> <span class='ocrx_word' id='word_1_5' title='bbox 786 241 979 284; x_wconf 89' lang='lat' dir='ltr'>postremo</span> <span class='ocrx_word' id='word_1_6' title='bbox 1010 239 1089 274; x_wconf 84' lang='lat' dir='ltr'>haeo</span> <span class='ocrx_word' id='word_1_7' title='bbox 1120 239 1297 281; x_wconf 88' lang='lat' dir='ltr'>vinceret,</span> <span class='ocrx_word' id='word_1_8' title='bbox 1337 239 1492 274; x_wconf 85' lang='lat' dir='ltr'>servatis</span> <span class='ocrx_word' id='word_1_9' title='bbox 1517 239 1640 284; x_wconf 82' lang='lat' dir='ltr'>pluri-</span> 
     </span>
     <span class='ocr_line' id='line_1_3' title="bbox 197 295 1636 341; baseline -0.001 -9"><span class='ocrx_word' id='word_1_10' title='bbox 197 298 269 332; x_wconf 91' lang='lat' dir='ltr'>bus</span> <span class='ocrx_word' id='word_1_11' title='bbox 294 296 581 341; x_wconf 83' lang='lat' dir='ltr'>paucioribusve</span> <span class='ocrx_word' id='word_1_12' title='bbox 607 296 824 330; x_wconf 81' lang='lat' dir='ltr'>vetustioris</span> <span class='ocrx_word' id='word_1_13' title='bbox 860 296 1038 340; x_wconf 88' lang='lat' dir='ltr'>reliquiis,</span> <span class='ocrx_word' id='word_1_14' title='bbox 1075 307 1119 330; x_wconf 87' lang='lat' dir='ltr'>ex</span> <span class='ocrx_word' id='word_1_15' title='bbox 1145 295 1265 330; x_wconf 87' lang='lat' dir='ltr'>altera</span> <span class='ocrx_word' id='word_1_16' title='bbox 1294 297 1403 339; x_wconf 89' lang='lat' dir='ltr'>parte</span> <span class='ocrx_word' id='word_1_17' title='bbox 1434 295 1562 330; x_wconf 89' lang='lat' dir='ltr'>multis</span> <span class='ocrx_word' id='word_1_18' title='bbox 1587 306 1636 331; x_wconf 79' lang='lat' dir='ltr'>ex</span> 
     </span>
     <span class='ocr_line' id='line_1_4' title="bbox 200 351 1643 398; baseline -0.001 -10"><span class='ocrx_word' id='word_1_19' title='bbox 200 354 335 388; x_wconf 79' lang='lat' dir='ltr'>mediae</span> <span class='ocrx_word' id='word_1_20' title='bbox 360 353 482 387; x_wconf 89' lang='lat' dir='ltr'>aetatis</span> <span class='ocrx_word' id='word_1_21' title='bbox 508 351 654 386; x_wconf 89' lang='lat' dir='ltr'>novicio</span> <span class='ocrx_word' id='word_1_22' title='bbox 687 363 729 386; x_wconf 89' lang='lat' dir='ltr'>ac</span> <span class='ocrx_word' id='word_1_23' title='bbox 759 356 937 398; x_wconf 86' lang='lat' dir='ltr'>corrupto</span> <span class='ocrx_word' id='word_1_24' title='bbox 970 364 1039 388; x_wconf 88' lang='lat' dir='ltr'>usu</span> <span class='ocrx_word' id='word_1_25' title='bbox 1073 352 1266 396; x_wconf 80' lang='lat' dir='ltr'>susceptis.</span> <span class='ocrx_word' id='word_1_26' title='bbox 1327 351 1496 386; x_wconf 84' lang='lat' dir='ltr'>Perutile</span> <span class='ocrx_word' id='word_1_27' title='bbox 1519 352 1643 397; x_wconf 78' lang='lat' dir='ltr'>igitur</span> 
     </span>
     <span class='ocr_line' id='line_1_5' title="bbox 200 407 1631 454; baseline 0 -10"><span class='ocrx_word' id='word_1_28' title='bbox 200 414 236 445; x_wconf 88' lang='lat' dir='ltr'>et</span> <span class='ocrx_word' id='word_1_29' title='bbox 262 421 376 454; x_wconf 88' lang='lat' dir='ltr'>quum</span> <span class='ocrx_word' id='word_1_30' title='bbox 403 409 450 444; x_wconf 91' lang='lat' dir='ltr'>ad</span> <span class='ocrx_word' id='word_1_31' title='bbox 475 408 765 453; x_wconf 76' lang='lat' dir='ltr'>grammaticam,</span> <span class='ocrx_word' id='word_1_32' title='bbox 791 411 882 451; x_wconf 89' lang='lat' dir='ltr'>tum,</span> <span class='ocrx_word' id='word_1_33' title='bbox 909 409 1086 452; x_wconf 84' lang='lat' dir='ltr'>quoniam</span> <span class='ocrx_word' id='word_1_34' title='bbox 1111 408 1308 452; x_wconf 85' lang='lat' dir='ltr'>multiplex</span> <span class='ocrx_word' id='word_1_35' title='bbox 1328 407 1477 442; x_wconf 87' lang='lat' dir='ltr'>errandi</span> <span class='ocrx_word' id='word_1_36' title='bbox 1489 408 1631 444; x_wconf 83' lang='lat' dir='ltr'>occasio</span> 
     </span>
     <span class='ocr_line' id='line_1_6' title="bbox 200 464 1633 509; baseline -0.001 -9"><span class='ocrx_word' id='word_1_37' title='bbox 200 478 246 500; x_wconf 85' lang='lat' dir='ltr'>ex</span> <span class='ocrx_word' id='word_1_38' title='bbox 280 465 467 501; x_wconf 84' lang='lat' dir='ltr'>scribendi</span> <span class='ocrx_word' id='word_1_39' title='bbox 503 465 646 499; x_wconf 84' lang='lat' dir='ltr'>ratione</span> <span class='ocrx_word' id='word_1_40' title='bbox 683 465 766 509; x_wconf 90' lang='lat' dir='ltr'>ipsa</span> <span class='ocrx_word' id='word_1_41' title='bbox 803 468 839 499; x_wconf 89' lang='lat' dir='ltr'>et</span> <span class='ocrx_word' id='word_1_42' title='bbox 877 476 923 499; x_wconf 85' lang='lat' dir='ltr'>ex</span> <span class='ocrx_word' id='word_1_43' title='bbox 961 465 1037 499; x_wconf 86' lang='lat' dir='ltr'>eius</span> <span class='ocrx_word' id='word_1_44' title='bbox 1076 465 1287 499; x_wconf 85' lang='lat' dir='ltr'>mutatione</span> <span class='ocrx_word' id='word_1_45' title='bbox 1324 467 1362 498; x_wconf 91' lang='lat' dir='ltr'>et</span> <span class='ocrx_word' id='word_1_46' title='bbox 1396 464 1633 509; x_wconf 78' lang='lat' dir='ltr'>ignoratione</span> 
     </span>
     <span class='ocr_line' id='line_1_7' title="bbox 199 520 1634 566; baseline -0.001 -9"><span class='ocrx_word' id='word_1_47' title='bbox 199 523 435 564; x_wconf 83' lang='lat' dir='ltr'>nascebatur,</span> <span class='ocrx_word' id='word_1_48' title='bbox 473 520 521 556; x_wconf 86' lang='lat' dir='ltr'>ad</span> <span class='ocrx_word' id='word_1_49' title='bbox 546 532 642 555; x_wconf 77' lang='lat' dir='ltr'>verse</span> <span class='ocrx_word' id='word_1_50' title='bbox 675 522 870 566; x_wconf 81' lang='lat' dir='ltr'>scripturae</span> <span class='ocrx_word' id='word_1_51' title='bbox 901 522 1157 556; x_wconf 77' lang='lat' dir='ltr'>inventionem</span> <span class='ocrx_word' id='word_1_52' title='bbox 1191 524 1228 555; x_wconf 87' lang='lat' dir='ltr'>et</span> <span class='ocrx_word' id='word_1_53' title='bbox 1260 520 1441 554; x_wconf 86' lang='lat' dir='ltr'>iudicium</span> <span class='ocrx_word' id='word_1_54' title='bbox 1466 531 1634 555; x_wconf 82' lang='lat' dir='ltr'>necessa-</span> 
     </span>
     <span class='ocr_line' id='line_1_8' title="bbox 197 577 1633 622; baseline -0.001 -9"><span class='ocrx_word' id='word_1_55' title='bbox 197 580 295 614; x_wconf 88' lang='lat' dir='ltr'>rium</span> <span class='ocrx_word' id='word_1_56' title='bbox 323 582 388 619; x_wconf 81' lang='lat' dir='ltr'>est,</span> <span class='ocrx_word' id='word_1_57' title='bbox 416 577 595 622; x_wconf 88' lang='lat' dir='ltr'>quicquid</span> <span class='ocrx_word' id='word_1_58' title='bbox 620 578 756 612; x_wconf 88' lang='lat' dir='ltr'>veteris</span> <span class='ocrx_word' id='word_1_59' title='bbox 781 577 883 612; x_wconf 91' lang='lat' dir='ltr'>illius</span> <span class='ocrx_word' id='word_1_60' title='bbox 909 577 1038 612; x_wconf 82' lang='lat' dir='ltr'>formae</span> <span class='ocrx_word' id='word_1_61' title='bbox 1069 578 1107 611; x_wconf 89' lang='lat' dir='ltr'>in</span> <span class='ocrx_word' id='word_1_62' title='bbox 1139 577 1407 620; x_wconf 86' lang='lat' dir='ltr'>antiquissimis</span> <span class='ocrx_word' id='word_1_63' title='bbox 1439 577 1633 612; x_wconf 82' lang='lat' dir='ltr'>codicibus</span> 
     </span>
     <span class='ocr_line' id='line_1_9' title="bbox 199 632 1635 679; baseline -0.001 -10"><span class='ocrx_word' id='word_1_64' title='bbox 199 635 372 679; x_wconf 85' lang='lat' dir='ltr'>supersit,</span> <span class='ocrx_word' id='word_1_65' title='bbox 399 634 572 668; x_wconf 88' lang='lat' dir='ltr'>annotari</span> <span class='ocrx_word' id='word_1_66' title='bbox 604 638 642 668; x_wconf 88' lang='lat' dir='ltr'>et</span> <span class='ocrx_word' id='word_1_67' title='bbox 667 634 791 679; x_wconf 88' lang='lat' dir='ltr'>colligi</span> <span class='ocrx_word' id='word_1_68' title='bbox 825 635 1060 678; x_wconf 81' lang='lat' dir='ltr'>speciemque</span> <span class='ocrx_word' id='word_1_69' title='bbox 1099 634 1263 678; x_wconf 85' lang='lat' dir='ltr'>aliquam</span> <span class='ocrx_word' id='word_1_70' title='bbox 1294 633 1507 668; x_wconf 86' lang='lat' dir='ltr'>universam</span> <span class='ocrx_word' id='word_1_71' title='bbox 1539 632 1635 668; x_wconf 87' lang='lat' dir='ltr'>effici</span> 
     </span>
     <span class='ocr_line' id='line_1_10' title="bbox 198 690 1631 735; baseline -0.001 -9"><span class='ocrx_word' id='word_1_72' title='bbox 198 702 355 735; x_wconf 84' lang='lat' dir='ltr'>eamque</span> <span class='ocrx_word' id='word_1_73' title='bbox 391 690 591 735; x_wconf 87' lang='lat' dir='ltr'>philologis</span> <span class='ocrx_word' id='word_1_74' title='bbox 629 693 757 724; x_wconf 90' lang='lat' dir='ltr'>notam</span> <span class='ocrx_word' id='word_1_75' title='bbox 790 701 887 732; x_wconf 82' lang='lat' dir='ltr'>esse3</span> <span class='ocrx_word' id='word_1_76' title='bbox 925 691 963 724; x_wconf 91' lang='lat' dir='ltr'>in</span> <span class='ocrx_word' id='word_1_77' title='bbox 997 691 1168 735; x_wconf 88' lang='lat' dir='ltr'>exempla</span> <span class='ocrx_word' id='word_1_78' title='bbox 1199 694 1369 725; x_wconf 75' lang='lat' dir='ltr'>veterum</span> <span class='ocrx_word' id='word_1_79' title='bbox 1395 690 1631 734; x_wconf 87' lang='lat' dir='ltr'>scriptorum,</span> 
     </span>
     <span class='ocr_line' id='line_1_11' title="bbox 197 746 1632 793; baseline -0.001 -11"><span class='ocrx_word' id='word_1_80' title='bbox 197 759 279 793; x_wconf 83' lang='lat' dir='ltr'>quse</span> <span class='ocrx_word' id='word_1_81' title='bbox 305 748 493 782; x_wconf 88' lang='lat' dir='ltr'>communi</span> <span class='ocrx_word' id='word_1_82' title='bbox 518 746 711 781; x_wconf 80' lang='lat' dir='ltr'>hominum</span> <span class='ocrx_word' id='word_1_83' title='bbox 738 747 823 781; x_wconf 90' lang='lat' dir='ltr'>usui</span> <span class='ocrx_word' id='word_1_84' title='bbox 849 747 1082 790; x_wconf 86' lang='lat' dir='ltr'>maximeque</span> <span class='ocrx_word' id='word_1_85' title='bbox 1116 758 1196 791; x_wconf 90' lang='lat' dir='ltr'>quae</span> <span class='ocrx_word' id='word_1_86' title='bbox 1223 746 1360 781; x_wconf 90' lang='lat' dir='ltr'>scholis</span> <span class='ocrx_word' id='word_1_87' title='bbox 1386 746 1632 790; x_wconf 74' lang='lat' dir='ltr'>destinentur,</span> 
     </span>
     <span class='ocr_line' id='line_1_12' title="bbox 199 803 1632 848; baseline -0.001 -10"><span class='ocrx_word' id='word_1_88' title='bbox 199 805 279 839; x_wconf 87' lang='lat' dir='ltr'>eius</span> <span class='ocrx_word' id='word_1_89' title='bbox 314 805 441 839; x_wconf 82' lang='lat' dir='ltr'>formae</span> <span class='ocrx_word' id='word_1_90' title='bbox 473 807 618 848; x_wconf 88' lang='lat' dir='ltr'>partem</span> <span class='ocrx_word' id='word_1_91' title='bbox 653 803 811 846; x_wconf 86' lang='lat' dir='ltr'>aliquam</span> <span class='ocrx_word' id='word_1_92' title='bbox 841 803 970 839; x_wconf 86' lang='lat' dir='ltr'>inferri</span> <span class='ocrx_word' id='word_1_93' title='bbox 1005 803 1123 838; x_wconf 89' lang='lat' dir='ltr'>multo</span> <span class='ocrx_word' id='word_1_94' title='bbox 1158 804 1280 837; x_wconf 87' lang='lat' dir='ltr'>minus</span> <span class='ocrx_word' id='word_1_95' title='bbox 1316 803 1455 838; x_wconf 86' lang='lat' dir='ltr'>habere</span> <span class='ocrx_word' id='word_1_96' title='bbox 1486 803 1632 837; x_wconf 89' lang='lat' dir='ltr'>videtur</span> 
     </span>
     <span class='ocr_line' id='line_1_13' title="bbox 197 859 1631 904; baseline -0.001 -9"><span class='ocrx_word' id='word_1_97' title='bbox 197 861 373 895; x_wconf 84' lang='lat' dir='ltr'>utilitatis</span> <span class='ocrx_word' id='word_1_98' title='bbox 400 872 512 904; x_wconf 89' lang='lat' dir='ltr'>quam</span> <span class='ocrx_word' id='word_1_99' title='bbox 539 871 584 894; x_wconf 80' lang='lat' dir='ltr'>ex</span> <span class='ocrx_word' id='word_1_100' title='bbox 609 859 863 895; x_wconf 83' lang='lat' dir='ltr'>inconstantia</span> <span class='ocrx_word' id='word_1_101' title='bbox 892 863 930 895; x_wconf 89' lang='lat' dir='ltr'>et</span> <span class='ocrx_word' id='word_1_102' title='bbox 954 860 1156 895; x_wconf 88' lang='lat' dir='ltr'>insolentia</span> <span class='ocrx_word' id='word_1_103' title='bbox 1182 860 1346 894; x_wconf 88' lang='lat' dir='ltr'>animum</span> <span class='ocrx_word' id='word_1_104' title='bbox 1377 871 1398 894; x_wconf 93' lang='lat' dir='ltr'>a</span> <span class='ocrx_word' id='word_1_105' title='bbox 1423 859 1631 894; x_wconf 88' lang='lat' dir='ltr'>maioribus</span> 
     </span>
     <span class='ocr_line' id='line_1_14' title="bbox 198 915 1634 953; baseline 0 -1"><span class='ocrx_word' id='word_1_106' title='bbox 198 918 372 952; x_wconf 83' lang='lat' dir='ltr'>avocanti</span> <span class='ocrx_word' id='word_1_107' title='bbox 408 921 446 953; x_wconf 87' lang='lat' dir='ltr'>et</span> <span class='ocrx_word' id='word_1_108' title='bbox 476 916 667 952; x_wconf 90' lang='lat' dir='ltr'>interdum</span> <span class='ocrx_word' id='word_1_109' title='bbox 698 927 865 951; x_wconf 88' lang='lat' dir='ltr'>errorem</span> <span class='ocrx_word' id='word_1_110' title='bbox 898 917 1091 952; x_wconf 89' lang='lat' dir='ltr'>obiicienti</span> <span class='ocrx_word' id='word_1_111' title='bbox 1116 916 1299 951; x_wconf 76' lang='lat' dir='ltr'>molestiae</span> <span class='ocrx_word' id='word_1_112' title='bbox 1331 919 1369 951; x_wconf 88' lang='lat' dir='ltr'>et</span> <span class='ocrx_word' id='word_1_113' title='bbox 1393 915 1634 952; x_wconf 80' lang='lat' dir='ltr'>incommodi.</span> 
     </span>
     <span class='ocr_line' id='line_1_15' title="bbox 197 972 1631 1019; baseline 0 -11"><span class='ocrx_word' id='word_1_114' title='bbox 197 974 292 1008; x_wconf 90' lang='lat' dir='ltr'>Tum</span> <span class='ocrx_word' id='word_1_115' title='bbox 329 974 448 1019; x_wconf 86' lang='lat' dir='ltr'>ipsius</span> <span class='ocrx_word' id='word_1_116' title='bbox 485 973 681 1018; x_wconf 88' lang='lat' dir='ltr'>scriptoris</span> <span class='ocrx_word' id='word_1_117' title='bbox 718 973 793 1007; x_wconf 90' lang='lat' dir='ltr'>iuri</span> <span class='ocrx_word' id='word_1_118' title='bbox 830 976 867 1007; x_wconf 89' lang='lat' dir='ltr'>et</span> <span class='ocrx_word' id='word_1_119' title='bbox 904 972 1039 1007; x_wconf 88' lang='lat' dir='ltr'>honori</span> <span class='ocrx_word' id='word_1_120' title='bbox 1075 985 1207 1018; x_wconf 88' lang='lat' dir='ltr'>parum</span> <span class='ocrx_word' id='word_1_121' title='bbox 1245 975 1371 1007; x_wconf 89' lang='lat' dir='ltr'>tamen</span> <span class='ocrx_word' id='word_1_122' title='bbox 1407 972 1631 1009; x_wconf 83' lang='lat' dir='ltr'>consulitur.</span> 
     </span>
     <span class='ocr_line' id='line_1_16' title="bbox 195 1028 1631 1074; baseline -0.001 -10"><span class='ocrx_word' id='word_1_123' title='bbox 195 1030 292 1065; x_wconf 87' lang='lat' dir='ltr'>Nam</span> <span class='ocrx_word' id='word_1_124' title='bbox 318 1030 494 1074; x_wconf 90' lang='lat' dir='ltr'>quoniam</span> <span class='ocrx_word' id='word_1_125' title='bbox 522 1031 635 1065; x_wconf 88' lang='lat' dir='ltr'>etiam</span> <span class='ocrx_word' id='word_1_126' title='bbox 668 1031 705 1063; x_wconf 88' lang='lat' dir='ltr'>in</span> <span class='ocrx_word' id='word_1_127' title='bbox 737 1029 972 1074; x_wconf 86' lang='lat' dir='ltr'>perantiquis</span> <span class='ocrx_word' id='word_1_128' title='bbox 1004 1029 1196 1064; x_wconf 88' lang='lat' dir='ltr'>codicibus</span> <span class='ocrx_word' id='word_1_129' title='bbox 1228 1030 1426 1071; x_wconf 70' lang='lat' dir='ltr'>universae,</span> <span class='ocrx_word' id='word_1_130' title='bbox 1465 1040 1539 1072; x_wconf 86' lang='lat' dir='ltr'>qua</span> <span class='ocrx_word' id='word_1_131' title='bbox 1569 1028 1631 1062; x_wconf 87' lang='lat' dir='ltr'>Li-</span> 
     </span>
     <span class='ocr_line' id='line_1_17' title="bbox 194 1084 1632 1130; baseline -0.001 -9"><span class='ocrx_word' id='word_1_132' title='bbox 194 1087 305 1121; x_wconf 85' lang='lat' dir='ltr'>viana</span> <span class='ocrx_word' id='word_1_133' title='bbox 331 1089 420 1121; x_wconf 85' lang='lat' dir='ltr'>aetas</span> <span class='ocrx_word' id='word_1_134' title='bbox 447 1098 513 1121; x_wconf 89' lang='lat' dir='ltr'>usa</span> <span class='ocrx_word' id='word_1_135' title='bbox 539 1090 606 1129; x_wconf 84' lang='lat' dir='ltr'>est,</span> <span class='ocrx_word' id='word_1_136' title='bbox 633 1088 761 1122; x_wconf 80' lang='lat' dir='ltr'>formae</span> <span class='ocrx_word' id='word_1_137' title='bbox 787 1088 935 1120; x_wconf 88' lang='lat' dir='ltr'>tantum</span> <span class='ocrx_word' id='word_1_138' title='bbox 961 1086 1129 1130; x_wconf 84' lang='lat' dir='ltr'>reliquiae</span> <span class='ocrx_word' id='word_1_139' title='bbox 1157 1087 1370 1130; x_wconf 82' lang='lat' dir='ltr'>supersunt,</span> <span class='ocrx_word' id='word_1_140' title='bbox 1398 1084 1488 1119; x_wconf 91' lang='lat' dir='ltr'>dum</span> <span class='ocrx_word' id='word_1_141' title='bbox 1512 1084 1632 1120; x_wconf 84' lang='lat' dir='ltr'>edito-</span> 
     </span>
     <span class='ocr_line' id='line_1_18' title="bbox 194 1142 1631 1187; baseline -0.001 -10"><span class='ocrx_word' id='word_1_142' title='bbox 194 1154 253 1178; x_wconf 87' lang='lat' dir='ltr'>res</span> <span class='ocrx_word' id='word_1_143' title='bbox 286 1143 431 1178; x_wconf 84' lang='lat' dir='ltr'>codices</span> <span class='ocrx_word' id='word_1_144' title='bbox 464 1147 671 1187; x_wconf 89' lang='lat' dir='ltr'>sequuntur</span> <span class='ocrx_word' id='word_1_145' title='bbox 700 1155 768 1178; x_wconf 88' lang='lat' dir='ltr'>nec</span> <span class='ocrx_word' id='word_1_146' title='bbox 801 1142 943 1176; x_wconf 90' lang='lat' dir='ltr'>audent</span> <span class='ocrx_word' id='word_1_147' title='bbox 973 1145 1092 1176; x_wconf 89' lang='lat' dir='ltr'>totam</span> <span class='ocrx_word' id='word_1_148' title='bbox 1124 1143 1321 1184; x_wconf 87' lang='lat' dir='ltr'>rationem,</span> <span class='ocrx_word' id='word_1_149' title='bbox 1360 1153 1444 1186; x_wconf 85' lang='lat' dir='ltr'>quae</span> <span class='ocrx_word' id='word_1_150' title='bbox 1481 1153 1527 1176; x_wconf 85' lang='lat' dir='ltr'>ex</span> <span class='ocrx_word' id='word_1_151' title='bbox 1558 1142 1631 1176; x_wconf 83' lang='lat' dir='ltr'>illis</span> 
     </span>
     <span class='ocr_line' id='line_1_19' title="bbox 195 1198 1640 1244; baseline 0 -11"><span class='ocrx_word' id='word_1_152' title='bbox 195 1200 340 1235; x_wconf 88' lang='lat' dir='ltr'>indiciis</span> <span class='ocrx_word' id='word_1_153' title='bbox 366 1201 573 1242; x_wconf 84' lang='lat' dir='ltr'>conficitur,</span> <span class='ocrx_word' id='word_1_154' title='bbox 598 1201 738 1244; x_wconf 86' lang='lat' dir='ltr'>ubique</span> <span class='ocrx_word' id='word_1_155' title='bbox 764 1200 987 1243; x_wconf 78' lang='lat' dir='ltr'>exprimere,</span> <span class='ocrx_word' id='word_1_156' title='bbox 1012 1199 1106 1233; x_wconf 87' lang='lat' dir='ltr'>mira</span> <span class='ocrx_word' id='word_1_157' title='bbox 1130 1198 1384 1234; x_wconf 86' lang='lat' dir='ltr'>inconstantia</span> <span class='ocrx_word' id='word_1_158' title='bbox 1409 1198 1570 1244; x_wconf 78' lang='lat' dir='ltr'>Pompili</span> <span class='ocrx_word' id='word_1_159' title='bbox 1596 1201 1640 1233; x_wconf 28' lang='lat' dir='ltr'>et,</span> 
     </span>
     <span class='ocr_line' id='line_1_20' title="bbox 196 1255 1636 1300; baseline 0 -10"><span class='ocrx_word' id='word_1_160' title='bbox 196 1257 296 1292; x_wconf 84' lang='lat' dir='ltr'>Tulli</span> <span class='ocrx_word' id='word_1_161' title='bbox 340 1257 516 1291; x_wconf 87' lang='lat' dir='ltr'>scribitur</span> <span class='ocrx_word' id='word_1_162' title='bbox 546 1257 697 1299; x_wconf 89' lang='lat' dir='ltr'>ubique,</span> <span class='ocrx_word' id='word_1_163' title='bbox 734 1255 870 1300; x_wconf 71' lang='lat' dir='ltr'>inqeni,</span> <span class='ocrx_word' id='word_1_164' title='bbox 907 1255 1037 1290; x_wconf 80' lang='lat' dir='ltr'>consili</span> <span class='ocrx_word' id='word_1_165' title='bbox 1073 1266 1268 1298; x_wconf 88' lang='lat' dir='ltr'>nusquam,</span> <span class='ocrx_word' id='word_1_166' title='bbox 1307 1255 1465 1300; x_wconf 76' lang='lat' dir='ltr'>optimus</span> <span class='ocrx_word' id='word_1_167' title='bbox 1501 1255 1636 1290; x_wconf 80' lang='lat' dir='ltr'>multis</span> 
     </span>
     <span class='ocr_line' id='line_1_21' title="bbox 193 1311 1639 1357; baseline -0.002 -9"><span class='ocrx_word' id='word_1_168' title='bbox 193 1315 296 1354; x_wconf 75' lang='lat' dir='ltr'>locis,</span> <span class='ocrx_word' id='word_1_169' title='bbox 323 1312 566 1357; x_wconf 84' lang='lat' dir='ltr'>paucioribus</span> <span class='ocrx_word' id='word_1_170' title='bbox 592 1314 771 1356; x_wconf 73' lang='lat' dir='ltr'>optumus,</span> <span class='ocrx_word' id='word_1_171' title='bbox 794 1322 922 1356; x_wconf 66' lang='lat' dir='ltr'>graves</span> <span class='ocrx_word' id='word_1_172' title='bbox 950 1312 1164 1346; x_wconf 90' lang='lat' dir='ltr'>accusativo</span> <span class='ocrx_word' id='word_1_173' title='bbox 1196 1322 1284 1345; x_wconf 88' lang='lat' dir='ltr'>casu</span> <span class='ocrx_word' id='word_1_174' title='bbox 1311 1312 1456 1355; x_wconf 82' lang='lat' dir='ltr'>saepius,</span> <span class='ocrx_word' id='word_1_175' title='bbox 1491 1311 1639 1354; x_wconf 60' lang='lat' dir='ltr'>aliquo-&gt;</span> 
     </span>
     <span class='ocr_line' id='line_1_22' title="bbox 194 1366 1636 1414; baseline -0.002 -10"><span class='ocrx_word' id='word_1_176' title='bbox 194 1371 265 1404; x_wconf 88' lang='lat' dir='ltr'>ties</span> <span class='ocrx_word' id='word_1_177' title='bbox 287 1369 412 1414; x_wconf 75' lang='lat' dir='ltr'>yravis</span> <span class='ocrx_word' id='word_1_178' title='bbox 437 1369 587 1413; x_wconf 88' lang='lat' dir='ltr'>(magna</span> <span class='ocrx_word' id='word_1_179' title='bbox 612 1369 725 1403; x_wconf 87' lang='lat' dir='ltr'>etiam</span> <span class='ocrx_word' id='word_1_180' title='bbox 751 1368 998 1412; x_wconf 83' lang='lat' dir='ltr'>ambiguitate</span> <span class='ocrx_word' id='word_1_181' title='bbox 1030 1367 1143 1402; x_wconf 88' lang='lat' dir='ltr'>semel</span> <span class='ocrx_word' id='word_1_182' title='bbox 1174 1367 1307 1402; x_wconf 78' lang='lat' dir='ltr'>montis</span> <span class='ocrx_word' id='word_1_183' title='bbox 1336 1366 1388 1409; x_wconf 87' lang='lat' dir='ltr'>II,</span> <span class='ocrx_word' id='word_1_184' title='bbox 1415 1367 1469 1411; x_wconf 93' lang='lat' dir='ltr'>3l,</span> <span class='ocrx_word' id='word_1_185' title='bbox 1495 1367 1517 1401; x_wconf 81' lang='lat'>5</span> <span class='ocrx_word' id='word_1_186' title='bbox 1543 1378 1563 1402; x_wconf 91' lang='lat' dir='ltr'>e</span> <span class='ocrx_word' id='word_1_187' title='bbox 1588 1366 1636 1410; x_wconf 76' lang='lat' dir='ltr'>P,</span> 
     </span>
     <span class='ocr_line' id='line_1_23' title="bbox 195 1423 1630 1471; baseline -0.001 -11"><span class='ocrx_word' id='word_1_188' title='bbox 195 1426 284 1460; x_wconf 84' lang='lat' dir='ltr'>alibi</span> <span class='ocrx_word' id='word_1_189' title='bbox 312 1436 457 1471; x_wconf 88' lang='lat' dir='ltr'>semper</span> <span class='ocrx_word' id='word_1_190' title='bbox 486 1426 650 1467; x_wconf 76' lang='lat' dir='ltr'>montes),</span> <span class='ocrx_word' id='word_1_191' title='bbox 687 1424 800 1469; x_wconf 87' lang='lat' dir='ltr'>vulgo</span> <span class='ocrx_word' id='word_1_192' title='bbox 828 1435 1020 1469; x_wconf 80' lang='lat' dir='ltr'>passuum,</span> <span class='ocrx_word' id='word_1_193' title='bbox 1053 1424 1243 1459; x_wconf 89' lang='lat' dir='ltr'>interdum</span> <span class='ocrx_word' id='word_1_194' title='bbox 1268 1433 1434 1468; x_wconf 79' lang='lat' dir='ltr'>passum.</span> <span class='ocrx_word' id='word_1_195' title='bbox 1495 1423 1630 1467; x_wconf 88' lang='lat' dir='ltr'>Itaque</span> 
     </span>
     <span class='ocr_line' id='line_1_24' title="bbox 196 1479 1631 1523; baseline -0.002 -7"><span class='ocrx_word' id='word_1_196' title='bbox 196 1483 429 1517; x_wconf 86' lang='lat' dir='ltr'>decrevimus</span> <span class='ocrx_word' id='word_1_197' title='bbox 463 1481 507 1515; x_wconf 88' lang='lat' dir='ltr'>ab</span> <span class='ocrx_word' id='word_1_198' title='bbox 540 1481 649 1515; x_wconf 88' lang='lat' dir='ltr'>initio</span> <span class='ocrx_word' id='word_1_199' title='bbox 675 1482 714 1514; x_wconf 91' lang='lat' dir='ltr'>in</span> <span class='ocrx_word' id='word_1_200' title='bbox 744 1492 879 1514; x_wconf 83' lang='lat' dir='ltr'>vocum</span> <span class='ocrx_word' id='word_1_201' title='bbox 909 1480 1248 1523; x_wconf 85' lang='lat' dir='ltr'>terminationibus,</span> <span class='ocrx_word' id='word_1_202' title='bbox 1281 1480 1321 1514; x_wconf 89' lang='lat' dir='ltr'>in</span> <span class='ocrx_word' id='word_1_203' title='bbox 1351 1479 1562 1514; x_wconf 86' lang='lat' dir='ltr'>litterarum</span> <span class='ocrx_word' id='word_1_204' title='bbox 1591 1479 1631 1513; x_wconf 89' lang='lat' dir='ltr'>in</span> 
     </span>
     <span class='ocr_line' id='line_1_25' title="bbox 195 1536 1635 1581; baseline -0.002 -8"><span class='ocrx_word' id='word_1_205' title='bbox 195 1538 388 1573; x_wconf 89' lang='lat' dir='ltr'>vocabulis</span> <span class='ocrx_word' id='word_1_206' title='bbox 413 1536 632 1581; x_wconf 89' lang='lat' dir='ltr'>compositis</span> <span class='ocrx_word' id='word_1_207' title='bbox 665 1547 849 1571; x_wconf 87' lang='lat' dir='ltr'>concursu</span> <span class='ocrx_word' id='word_1_208' title='bbox 883 1542 921 1571; x_wconf 90' lang='lat' dir='ltr'>et</span> <span class='ocrx_word' id='word_1_209' title='bbox 950 1537 1160 1572; x_wconf 88' lang='lat' dir='ltr'>mutatione</span> <span class='ocrx_word' id='word_1_210' title='bbox 1185 1536 1446 1580; x_wconf 83' lang='lat' dir='ltr'>similibusque</span> <span class='ocrx_word' id='word_1_211' title='bbox 1475 1536 1635 1571; x_wconf 86' lang='lat' dir='ltr'>formam</span> 
     </span>
     <span class='ocr_line' id='line_1_26' title="bbox 196 1592 1634 1639; baseline -0.003 -9"><span class='ocrx_word' id='word_1_212' title='bbox 196 1600 234 1630; x_wconf 91' lang='lat' dir='ltr'>et</span> <span class='ocrx_word' id='word_1_213' title='bbox 259 1596 472 1639; x_wconf 83' lang='lat' dir='ltr'>analogiam</span> <span class='ocrx_word' id='word_1_214' title='bbox 498 1605 518 1627; x_wconf 92' lang='lat' dir='ltr'>a</span> <span class='ocrx_word' id='word_1_215' title='bbox 545 1593 796 1638; x_wconf 85' lang='lat' dir='ltr'>grammaticis</span> <span class='ocrx_word' id='word_1_216' title='bbox 823 1593 1071 1627; x_wconf 87' lang='lat' dir='ltr'>constitutam</span> <span class='ocrx_word' id='word_1_217' title='bbox 1104 1593 1219 1636; x_wconf 89' lang='lat' dir='ltr'>sequi,</span> <span class='ocrx_word' id='word_1_218' title='bbox 1257 1594 1414 1627; x_wconf 88' lang='lat' dir='ltr'>retentis</span> <span class='ocrx_word' id='word_1_219' title='bbox 1446 1592 1492 1626; x_wconf 88' lang='lat' dir='ltr'>iis</span> <span class='ocrx_word' id='word_1_220' title='bbox 1524 1603 1634 1626; x_wconf 88' lang='lat' dir='ltr'>voca-</span> 
     </span>
     <span class='ocr_line' id='line_1_27' title="bbox 195 1648 1635 1695; baseline -0.003 -8"><span class='ocrx_word' id='word_1_221' title='bbox 195 1652 373 1687; x_wconf 88' lang='lat' dir='ltr'>bulorum</span> <span class='ocrx_word' id='word_1_222' title='bbox 397 1651 566 1695; x_wconf 86' lang='lat' dir='ltr'>ipsorum</span> <span class='ocrx_word' id='word_1_223' title='bbox 591 1649 734 1691; x_wconf 86' lang='lat' dir='ltr'>formis,</span> <span class='ocrx_word' id='word_1_224' title='bbox 772 1660 865 1693; x_wconf 86' lang='lat' dir='ltr'>quas</span> <span class='ocrx_word' id='word_1_225' title='bbox 896 1649 1020 1684; x_wconf 91' lang='lat' dir='ltr'>media</span> <span class='ocrx_word' id='word_1_226' title='bbox 1053 1649 1202 1683; x_wconf 89' lang='lat' dir='ltr'>demum</span> <span class='ocrx_word' id='word_1_227' title='bbox 1234 1651 1324 1683; x_wconf 83' lang='lat' dir='ltr'>aetas</span> <span class='ocrx_word' id='word_1_228' title='bbox 1350 1648 1510 1684; x_wconf 85' lang='lat' dir='ltr'>mutavit</span> <span class='ocrx_word' id='word_1_229' title='bbox 1535 1649 1635 1692; x_wconf 73' lang='lat' dir='ltr'>(eon-</span> 
     </span>
     <span class='ocr_line' id='line_1_28' title="bbox 194 1705 1635 1752; baseline -0.003 -8"><span class='ocrx_word' id='word_1_230' title='bbox 194 1709 301 1750; x_wconf 81' lang='lat' dir='ltr'>dicio‚</span> <span class='ocrx_word' id='word_1_231' title='bbox 327 1707 477 1752; x_wconf 86' lang='lat' dir='ltr'>cetera).</span> <span class='ocrx_word' id='word_1_232' title='bbox 537 1706 751 1740; x_wconf 88' lang='lat' dir='ltr'>Vitavimus</span> <span class='ocrx_word' id='word_1_233' title='bbox 776 1706 894 1750; x_wconf 88' lang='lat' dir='ltr'>igitur</span> <span class='ocrx_word' id='word_1_234' title='bbox 919 1707 956 1739; x_wconf 92' lang='lat' dir='ltr'>et</span> <span class='ocrx_word' id='word_1_235' title='bbox 979 1705 1054 1747; x_wconf 90' lang='lat' dir='ltr'>illa,</span> <span class='ocrx_word' id='word_1_236' title='bbox 1082 1716 1165 1748; x_wconf 86' lang='lat' dir='ltr'>quae</span> <span class='ocrx_word' id='word_1_237' title='bbox 1191 1705 1408 1750; x_wconf 86' lang='lat' dir='ltr'>significavi,</span> <span class='ocrx_word' id='word_1_238' title='bbox 1435 1708 1474 1740; x_wconf 86' lang='lat' dir='ltr'>et</span> <span class='ocrx_word' id='word_1_239' title='bbox 1498 1705 1635 1750; x_wconf 72' lang='lat' dir='ltr'>cleriqo,</span> 
     </span>
     <span class='ocr_line' id='line_1_29' title="bbox 195 1761 1638 1806; baseline -0.004 -6"><span class='ocrx_word' id='word_1_240' title='bbox 195 1765 364 1805; x_wconf 76' lang='lat' dir='ltr'>coniunoe,</span> <span class='ocrx_word' id='word_1_241' title='bbox 391 1763 547 1804; x_wconf 76' lang='lat' dir='ltr'>conisus,</span> <span class='ocrx_word' id='word_1_242' title='bbox 573 1762 690 1804; x_wconf 77' lang='lat' dir='ltr'>coieit,</span> <span class='ocrx_word' id='word_1_243' title='bbox 716 1761 755 1795; x_wconf 84' lang='lat' dir='ltr'>id</span> <span class='ocrx_word' id='word_1_244' title='bbox 781 1772 896 1806; x_wconf 86' lang='lat' dir='ltr'>genus</span> <span class='ocrx_word' id='word_1_245' title='bbox 923 1761 1011 1803; x_wconf 80' lang='lat' dir='ltr'>alia3</span> <span class='ocrx_word' id='word_1_246' title='bbox 1037 1772 1083 1795; x_wconf 91' lang='lat' dir='ltr'>ne</span> <span class='ocrx_word' id='word_1_247' title='bbox 1105 1761 1211 1796; x_wconf 82' lang='lat' dir='ltr'>milia</span> <span class='ocrx_word' id='word_1_248' title='bbox 1233 1761 1384 1806; x_wconf 88' lang='lat' dir='ltr'>quidem</span> <span class='ocrx_word' id='word_1_249' title='bbox 1397 1761 1638 1796; x_wconf 87' lang='lat' dir='ltr'>adscivimus..</span> 
     </span>
     <span class='ocr_line' id='line_1_30' title="bbox 195 1818 1635 1856; baseline -0.003 0"><span class='ocrx_word' id='word_1_250' title='bbox 195 1821 296 1856; x_wconf 91' lang='lat' dir='ltr'>Illud</span> <span class='ocrx_word' id='word_1_251' title='bbox 329 1819 595 1855; x_wconf 90' lang='lat' dir='ltr'>consuetudini</span> <span class='ocrx_word' id='word_1_252' title='bbox 627 1818 756 1853; x_wconf 87' lang='lat' dir='ltr'>datum</span> <span class='ocrx_word' id='word_1_253' title='bbox 787 1818 1005 1852; x_wconf 76' lang='lat' dir='ltr'>inveteratae</span> <span class='ocrx_word' id='word_1_254' title='bbox 1042 1818 1082 1852; x_wconf 92' lang='lat' dir='ltr'>in</span> <span class='ocrx_word' id='word_1_255' title='bbox 1117 1818 1300 1853; x_wconf 86' lang='lat' dir='ltr'>translato</span> <span class='ocrx_word' id='word_1_256' title='bbox 1335 1818 1374 1852; x_wconf 93' lang='lat' dir='ltr'>in</span> <span class='ocrx_word' id='word_1_257' title='bbox 1404 1818 1635 1853; x_wconf 83' lang='lat' dir='ltr'>recentiores</span> 
     </span>
     <span class='ocr_line' id='line_1_31' title="bbox 195 1874 1639 1922; baseline -0.002 -10"><span class='ocrx_word' id='word_1_258' title='bbox 195 1879 341 1922; x_wconf 80' lang='lat' dir='ltr'>linguas</span> <span class='ocrx_word' id='word_1_259' title='bbox 383 1877 550 1918; x_wconf 88' lang='lat' dir='ltr'>nomine,</span> <span class='ocrx_word' id='word_1_260' title='bbox 600 1878 642 1909; x_wconf 90' lang='lat' dir='ltr'>ut</span> <span class='ocrx_word' id='word_1_261' title='bbox 688 1874 809 1910; x_wconf 81' lang='lat' dir='ltr'>Volsci</span> <span class='ocrx_word' id='word_1_262' title='bbox 853 1874 1143 1919; x_wconf 88' lang='lat' dir='ltr'>appellarentur,</span> <span class='ocrx_word' id='word_1_263' title='bbox 1189 1885 1283 1918; x_wconf 87' lang='lat' dir='ltr'>quos</span> <span class='ocrx_word' id='word_1_264' title='bbox 1319 1886 1440 1919; x_wconf 89' lang='lat' dir='ltr'>nuper</span> <span class='ocrx_word' id='word_1_265' title='bbox 1485 1874 1639 1909; x_wconf 69' lang='lat' dir='ltr'>Vulscos</span> 
     </span>
     <span class='ocr_line' id='line_1_32' title="bbox 199 1933 403 1970; baseline -0.01 -2"><span class='ocrx_word' id='word_1_266' title='bbox 199 1933 403 1970; x_wconf 86' lang='lat' dir='ltr'>fecerunt.“</span> 
     </span>
    </p>

    <p class='ocr_par' dir='ltr' id='par_1_3' title="bbox 194 1986 1636 2482">
     <span class='ocr_line' id='line_1_33' title="bbox 287 1986 1636 2031; baseline -0.003 -7"><span class='ocrx_word' id='word_1_267' title='bbox 287 1989 385 2024; x_wconf 86' lang='lat' dir='ltr'>Novi</span> <span class='ocrx_word' id='word_1_268' title='bbox 417 1988 589 2022; x_wconf 85' lang='lat' dir='ltr'>codicum</span> <span class='ocrx_word' id='word_1_269' title='bbox 615 1987 784 2029; x_wconf 87' lang='lat' dir='ltr'>subsidii,</span> <span class='ocrx_word' id='word_1_270' title='bbox 819 1987 921 2030; x_wconf 86' lang='lat' dir='ltr'>quod</span> <span class='ocrx_word' id='word_1_271' title='bbox 953 1986 1106 2030; x_wconf 91' lang='lat' dir='ltr'>quidem</span> <span class='ocrx_word' id='word_1_272' title='bbox 1144 1990 1374 2022; x_wconf 88' lang='lat' dir='ltr'>momentum</span> <span class='ocrx_word' id='word_1_273' title='bbox 1404 1986 1545 2031; x_wconf 91' lang='lat' dir='ltr'>aliquid</span> <span class='ocrx_word' id='word_1_274' title='bbox 1578 1986 1636 2021; x_wconf 82' lang='lat' dir='ltr'>fa·</span> 
     </span>
     <span class='ocr_line' id='line_1_34' title="bbox 195 2043 1634 2089; baseline -0.003 -8"><span class='ocrx_word' id='word_1_275' title='bbox 195 2049 309 2089; x_wconf 85' lang='lat' dir='ltr'>ceret,</span> <span class='ocrx_word' id='word_1_276' title='bbox 346 2046 384 2079; x_wconf 90' lang='lat' dir='ltr'>in</span> <span class='ocrx_word' id='word_1_277' title='bbox 409 2045 466 2079; x_wconf 86' lang='lat' dir='ltr'>his</span> <span class='ocrx_word' id='word_1_278' title='bbox 493 2045 658 2089; x_wconf 84' lang='lat' dir='ltr'>quinque</span> <span class='ocrx_word' id='word_1_279' title='bbox 684 2043 786 2078; x_wconf 87' lang='lat' dir='ltr'>libris</span> <span class='ocrx_word' id='word_1_280' title='bbox 819 2047 903 2088; x_wconf 87' lang='lat' dir='ltr'>post</span> <span class='ocrx_word' id='word_1_281' title='bbox 928 2044 1083 2078; x_wconf 88' lang='lat' dir='ltr'>alteram</span> <span class='ocrx_word' id='word_1_282' title='bbox 1114 2049 1282 2079; x_wconf 88' lang='lat' dir='ltr'>nostram</span> <span class='ocrx_word' id='word_1_283' title='bbox 1309 2043 1514 2079; x_wconf 88' lang='lat' dir='ltr'>editionem</span> <span class='ocrx_word' id='word_1_284' title='bbox 1537 2043 1634 2077; x_wconf 78' lang='lat' dir='ltr'>nihil</span> 
     </span>
     <span class='ocr_line' id='line_1_35' title="bbox 196 2098 1635 2144; baseline -0.006 -6"><span class='ocrx_word' id='word_1_285' title='bbox 196 2103 361 2138; x_wconf 87' lang='lat' dir='ltr'>accessit.</span> <span class='ocrx_word' id='word_1_286' title='bbox 423 2101 554 2135; x_wconf 81' lang='lat' dir='ltr'>Nostri</span> <span class='ocrx_word' id='word_1_287' title='bbox 584 2100 713 2135; x_wconf 88' lang='lat' dir='ltr'>iudicii</span> <span class='ocrx_word' id='word_1_288' title='bbox 745 2100 1005 2144; x_wconf 78' lang='lat' dir='ltr'>institutaeque</span> <span class='ocrx_word' id='word_1_289' title='bbox 1035 2101 1193 2135; x_wconf 88' lang='lat' dir='ltr'>rationis</span> <span class='ocrx_word' id='word_1_290' title='bbox 1224 2100 1316 2134; x_wconf 87' lang='lat' dir='ltr'>nihil</span> <span class='ocrx_word' id='word_1_291' title='bbox 1346 2110 1414 2134; x_wconf 86' lang='lat' dir='ltr'>nos</span> <span class='ocrx_word' id='word_1_292' title='bbox 1439 2098 1635 2144; x_wconf 81' lang='lat' dir='ltr'>paenituit3.</span> 
     </span>
     <span class='ocr_line' id='line_1_36' title="bbox 194 2155 1629 2201; baseline -0.003 -7"><span class='ocrx_word' id='word_1_293' title='bbox 194 2160 233 2194; x_wconf 93' lang='lat' dir='ltr'>in</span> <span class='ocrx_word' id='word_1_294' title='bbox 264 2170 337 2193; x_wconf 91' lang='lat' dir='ltr'>uno</span> <span class='ocrx_word' id='word_1_295' title='bbox 372 2161 409 2193; x_wconf 90' lang='lat' dir='ltr'>et</span> <span class='ocrx_word' id='word_1_296' title='bbox 439 2158 556 2192; x_wconf 88' lang='lat' dir='ltr'>altero</span> <span class='ocrx_word' id='word_1_297' title='bbox 589 2157 672 2191; x_wconf 89' lang='lat' dir='ltr'>loco</span> <span class='ocrx_word' id='word_1_298' title='bbox 703 2157 982 2201; x_wconf 89' lang='lat' dir='ltr'>probabilitatis</span> <span class='ocrx_word' id='word_1_299' title='bbox 1013 2157 1161 2201; x_wconf 90' lang='lat' dir='ltr'>pondus</span> <span class='ocrx_word' id='word_1_300' title='bbox 1193 2157 1265 2191; x_wconf 87' lang='lat' dir='ltr'>alio</span> <span class='ocrx_word' id='word_1_301' title='bbox 1297 2155 1478 2191; x_wconf 88' lang='lat' dir='ltr'>inclinare</span> <span class='ocrx_word' id='word_1_302' title='bbox 1508 2155 1629 2189; x_wconf 85' lang='lat' dir='ltr'>visum</span> 
     </span>
     <span class='ocr_line' id='line_1_37' title="bbox 195 2212 1628 2258; baseline -0.004 -7"><span class='ocrx_word' id='word_1_303' title='bbox 195 2218 262 2251; x_wconf 88' lang='lat' dir='ltr'>est.</span> <span class='ocrx_word' id='word_1_304' title='bbox 311 2215 486 2249; x_wconf 89' lang='lat' dir='ltr'>Aliorum</span> <span class='ocrx_word' id='word_1_305' title='bbox 511 2212 645 2247; x_wconf 88' lang='lat' dir='ltr'>studiis</span> <span class='ocrx_word' id='word_1_306' title='bbox 671 2213 710 2247; x_wconf 91' lang='lat' dir='ltr'>in</span> <span class='ocrx_word' id='word_1_307' title='bbox 733 2213 801 2247; x_wconf 88' lang='lat' dir='ltr'>hos</span> <span class='ocrx_word' id='word_1_308' title='bbox 827 2214 942 2248; x_wconf 89' lang='lat' dir='ltr'>libros</span> <span class='ocrx_word' id='word_1_309' title='bbox 975 2225 1100 2258; x_wconf 88' lang='lat' dir='ltr'>nuper</span> <span class='ocrx_word' id='word_1_310' title='bbox 1125 2213 1271 2248; x_wconf 84' lang='lat' dir='ltr'>collatis</span> <span class='ocrx_word' id='word_1_311' title='bbox 1307 2213 1508 2257; x_wconf 84' lang='lat' dir='ltr'>diligenter</span> <span class='ocrx_word' id='word_1_312' title='bbox 1538 2222 1628 2246; x_wconf 85' lang='lat' dir='ltr'>usus</span> 
     </span>
     <span class='ocr_line' id='line_1_38' title="bbox 196 2268 1629 2315; baseline -0.003 -8"><span class='ocrx_word' id='word_1_313' title='bbox 196 2284 290 2314; x_wconf 87' lang='lat' dir='ltr'>sum,</span> <span class='ocrx_word' id='word_1_314' title='bbox 317 2281 532 2315; x_wconf 87' lang='lat' dir='ltr'>quanquam</span> <span class='ocrx_word' id='word_1_315' title='bbox 557 2280 633 2303; x_wconf 91' lang='lat' dir='ltr'>non</span> <span class='ocrx_word' id='word_1_316' title='bbox 657 2280 741 2303; x_wconf 90' lang='lat' dir='ltr'>raro</span> <span class='ocrx_word' id='word_1_317' title='bbox 775 2270 986 2304; x_wconf 87' lang='lat' dir='ltr'>sedulitatis</span> <span class='ocrx_word' id='word_1_318' title='bbox 1018 2271 1103 2314; x_wconf 88' lang='lat' dir='ltr'>plus</span> <span class='ocrx_word' id='word_1_319' title='bbox 1141 2281 1252 2314; x_wconf 83' lang='lat' dir='ltr'>quam</span> <span class='ocrx_word' id='word_1_320' title='bbox 1282 2269 1460 2303; x_wconf 88' lang='lat' dir='ltr'>utilitatis</span> <span class='ocrx_word' id='word_1_321' title='bbox 1489 2268 1629 2303; x_wconf 86' lang='lat' dir='ltr'>habere</span> 
     </span>
     <span class='ocr_line' id='line_1_39' title="bbox 194 2325 1630 2369; baseline -0.004 -6"><span class='ocrx_word' id='word_1_322' title='bbox 194 2329 432 2363; x_wconf 80' lang='lat' dir='ltr'>videbantur.</span> <span class='ocrx_word' id='word_1_323' title='bbox 480 2325 567 2369; x_wconf 89' lang='lat' dir='ltr'>Ipse</span> <span class='ocrx_word' id='word_1_324' title='bbox 594 2326 697 2369; x_wconf 87' lang='lat' dir='ltr'>quod</span> <span class='ocrx_word' id='word_1_325' title='bbox 721 2336 827 2360; x_wconf 84' lang='lat' dir='ltr'>novae</span> <span class='ocrx_word' id='word_1_326' title='bbox 854 2326 1126 2361; x_wconf 87' lang='lat' dir='ltr'>emendationis</span> <span class='ocrx_word' id='word_1_327' title='bbox 1154 2326 1337 2367; x_wconf 88' lang='lat' dir='ltr'>afferrem,</span> <span class='ocrx_word' id='word_1_328' title='bbox 1370 2336 1445 2359; x_wconf 92' lang='lat' dir='ltr'>non</span> <span class='ocrx_word' id='word_1_329' title='bbox 1468 2325 1630 2358; x_wconf 86' lang='lat' dir='ltr'>multum</span> 
     </span>
     <span class='ocr_line' id='line_1_40' title="bbox 195 2382 1634 2428; baseline -0.003 -9"><span class='ocrx_word' id='word_1_330' title='bbox 195 2389 278 2420; x_wconf 88' lang='lat' dir='ltr'>erat</span> <span class='ocrx_word' id='word_1_331' title='bbox 307 2386 395 2428; x_wconf 85' lang='lat' dir='ltr'>post</span> <span class='ocrx_word' id='word_1_332' title='bbox 424 2382 609 2416; x_wconf 88' lang='lat' dir='ltr'>intentam</span> <span class='ocrx_word' id='word_1_333' title='bbox 641 2384 679 2415; x_wconf 90' lang='lat' dir='ltr'>et</span> <span class='ocrx_word' id='word_1_334' title='bbox 710 2386 921 2416; x_wconf 88' lang='lat' dir='ltr'>accuratam</span> <span class='ocrx_word' id='word_1_335' title='bbox 953 2383 1157 2417; x_wconf 88' lang='lat' dir='ltr'>multorum</span> <span class='ocrx_word' id='word_1_336' title='bbox 1189 2393 1369 2416; x_wconf 88' lang='lat' dir='ltr'>annorum</span> <span class='ocrx_word' id='word_1_337' title='bbox 1405 2392 1531 2416; x_wconf 88' lang='lat' dir='ltr'>curam</span> <span class='ocrx_word' id='word_1_338' title='bbox 1560 2390 1634 2415; x_wconf 76' lang='lat' dir='ltr'>necv</span> 
     </span>
     <span class='ocr_line' id='line_1_41' title="bbox 196 2436 1086 2482; baseline -0.004 -6"><span class='ocrx_word' id='word_1_339' title='bbox 196 2445 323 2476; x_wconf 89' lang='lat' dir='ltr'>tamen</span> <span class='ocrx_word' id='word_1_340' title='bbox 346 2439 439 2473; x_wconf 88' lang='lat' dir='ltr'>nihil</span> <span class='ocrx_word' id='word_1_341' title='bbox 464 2438 584 2482; x_wconf 87' lang='lat' dir='ltr'>(velut</span> <span class='ocrx_word' id='word_1_342' title='bbox 608 2436 639 2471; x_wconf 88' lang='grc' dir='ltr'>Ι.</span> <span class='ocrx_word' id='word_1_343' title='bbox 665 2439 719 2480; x_wconf 81' lang='grc'>32,</span> <span class='ocrx_word' id='word_1_344' title='bbox 744 2437 819 2476; x_wconf 86' lang='grc' dir='ltr'>ΙΙΙ,</span> <span class='ocrx_word' id='word_1_345' title='bbox 844 2440 897 2481; x_wconf 82' lang='grc'>39,</span> <span class='ocrx_word' id='word_1_346' title='bbox 923 2438 992 2481; x_wconf 90' lang='lat' dir='ltr'>IV,</span> <span class='ocrx_word' id='word_1_347' title='bbox 1018 2440 1086 2482; x_wconf 80' lang='lat'>20).</span> 
     </span>
    </p>

    <p class='ocr_par' dir='ltr' id='par_1_4' title="bbox 194 2492 1634 2708">
     <span class='ocr_line' id='line_1_42' title="bbox 287 2492 1628 2540; baseline -0.004 -9"><span class='ocrx_word' id='word_1_348' title='bbox 287 2496 432 2538; x_wconf 85' lang='lat' dir='ltr'>Restat,</span> <span class='ocrx_word' id='word_1_349' title='bbox 469 2497 520 2537; x_wconf 90' lang='lat' dir='ltr'>ut,</span> <span class='ocrx_word' id='word_1_350' title='bbox 560 2494 736 2537; x_wconf 82' lang='lat' dir='ltr'>quoniam</span> <span class='ocrx_word' id='word_1_351' title='bbox 772 2495 951 2529; x_wconf 88' lang='lat' dir='ltr'>variantis</span> <span class='ocrx_word' id='word_1_352' title='bbox 987 2496 1182 2540; x_wconf 83' lang='lat' dir='ltr'>scripturae</span> <span class='ocrx_word' id='word_1_353' title='bbox 1224 2493 1507 2528; x_wconf 88' lang='lat' dir='ltr'>annotationem</span> <span class='ocrx_word' id='word_1_354' title='bbox 1548 2492 1628 2526; x_wconf 88' lang='lat' dir='ltr'>haec</span> 
     </span>
     <span class='ocr_line' id='line_1_43' title="bbox 197 2548 1634 2594; baseline -0.004 -7"><span class='ocrx_word' id='word_1_355' title='bbox 197 2552 314 2587; x_wconf 89' lang='lat' dir='ltr'>editio</span> <span class='ocrx_word' id='word_1_356' title='bbox 347 2551 524 2594; x_wconf 87' lang='lat' dir='ltr'>excludit,</span> <span class='ocrx_word' id='word_1_357' title='bbox 551 2561 690 2592; x_wconf 91' lang='lat' dir='ltr'>eorum,</span> <span class='ocrx_word' id='word_1_358' title='bbox 717 2551 780 2593; x_wconf 85' lang='lat' dir='ltr'>qui</span> <span class='ocrx_word' id='word_1_359' title='bbox 806 2561 850 2584; x_wconf 90' lang='lat' dir='ltr'>ea</span> <span class='ocrx_word' id='word_1_360' title='bbox 873 2553 1037 2594; x_wconf 87' lang='lat' dir='ltr'>utentur,</span> <span class='ocrx_word' id='word_1_361' title='bbox 1064 2551 1224 2585; x_wconf 81' lang='lat' dir='ltr'>maxime</span> <span class='ocrx_word' id='word_1_362' title='bbox 1248 2550 1514 2594; x_wconf 85' lang='lat' dir='ltr'>magistrorum</span> <span class='ocrx_word' id='word_1_363' title='bbox 1542 2548 1634 2582; x_wconf 87' lang='lat' dir='ltr'>reli--</span> 
     </span>
     <span class='ocr_line' id='line_1_44' title="bbox 197 2604 1626 2653; baseline -0.003 -11"><span class='ocrx_word' id='word_1_364' title='bbox 197 2610 301 2653; x_wconf 84' lang='lat' dir='ltr'>gioni</span> <span class='ocrx_word' id='word_1_365' title='bbox 332 2608 465 2643; x_wconf 83' lang='lat' dir='ltr'>eodem</span> <span class='ocrx_word' id='word_1_366' title='bbox 495 2607 617 2649; x_wconf 87' lang='lat' dir='ltr'>modo,</span> <span class='ocrx_word' id='word_1_367' title='bbox 656 2618 728 2650; x_wconf 91' lang='lat' dir='ltr'>quo</span> <span class='ocrx_word' id='word_1_368' title='bbox 762 2611 873 2642; x_wconf 87' lang='lat' dir='ltr'>antea</span> <span class='ocrx_word' id='word_1_369' title='bbox 903 2606 1120 2649; x_wconf 86' lang='lat' dir='ltr'>feceramus,</span> <span class='ocrx_word' id='word_1_370' title='bbox 1152 2606 1401 2640; x_wconf 90' lang='lat' dir='ltr'>consulamus.</span> <span class='ocrx_word' id='word_1_371' title='bbox 1461 2604 1626 2639; x_wconf 89' lang='lat' dir='ltr'>Primum</span> 
     </span>
     <span class='ocr_line' id='line_1_45' title="bbox 194 2660 1626 2708; baseline -0.002 -10"><span class='ocrx_word' id='word_1_372' title='bbox 194 2664 312 2708; x_wconf 84' lang='lat' dir='ltr'>igitur</span> <span class='ocrx_word' id='word_1_373' title='bbox 348 2663 694 2699; x_wconf 68' lang='lat' dir='ltr'>VVeissenborniani</span> <span class='ocrx_word' id='word_1_374' title='bbox 735 2663 894 2707; x_wconf 85' lang='lat' dir='ltr'>exempli</span> <span class='ocrx_word' id='word_1_375' title='bbox 929 2663 1186 2705; x_wconf 89' lang='lat' dir='ltr'>recentissimi,</span> <span class='ocrx_word' id='word_1_376' title='bbox 1223 2663 1268 2697; x_wconf 91' lang='lat' dir='ltr'>ab</span> <span class='ocrx_word' id='word_1_377' title='bbox 1299 2662 1343 2696; x_wconf 91' lang='lat' dir='ltr'>H.</span> <span class='ocrx_word' id='word_1_378' title='bbox 1373 2661 1404 2697; x_wconf 90' lang='grc' dir='ltr'>Ι.</span> <span class='ocrx_word' id='word_1_379' title='bbox 1441 2660 1626 2696; x_wconf 70' lang='lat' dir='ltr'>Mueller-o</span> 
     </span>
    </p>
   </div>
  </div>
 </body>
</html>
