1821 2928
390 186 442 225 50
776 199 866 226 Liber
883 199 951 225 VII.
989 199 1036 228 (A.
1056 207 1085 224 u.
1104 207 1129 225 c.
1149 199 1302 229 390—392.)

267 313 311 348 11
331 315 485 349 tantum
515 311 690 362 ipsorum
721 313 809 350 voci
845 314 994 351 relicta.
1054 314 1270 364 Postquam
1300 314 1387 363 lege
1424 314 1496 351 hac
1527 313 1752 352 fabularum

333 380 381 417 ab
411 380 495 417 risu
526 393 571 417 ac
601 380 729 418 soluto
755 380 842 417 ioco
873 395 934 419 res
960 383 1201 420 avocabatur
1224 386 1263 419 et
1292 381 1408 419 ludus
1440 382 1482 419 in
1504 385 1627 420 artem
1656 395 1751 432 pau-

331 448 442 485 latim
471 452 661 495 verterat,
694 448 891 496 iuventus,
922 450 1187 488 histrionibus
1217 449 1451 487 fabellarum
1482 453 1573 487 actu
1602 449 1751 496 relicto,

332 516 417 565 ipsa
449 516 550 553 inter
580 530 620 553 se
650 529 757 553 more
787 517 952 567 antiquo
982 518 1153 555 ridicula
1184 518 1336 555 intexta
1358 518 1538 556 versibus
1567 517 1752 555 iactitare

332 584 467 633 coepit3
505 597 591 634 quae
623 584 768 622 exodia
797 589 935 635 postea
964 586 1165 636 appellata
1202 589 1460 635 consertaque
1496 586 1655 623 fabellis
1684 598 1752 635 po-

269 652 313 687 1‘2
332 652 530 689 tissimum
560 652 761 690 Atellanis
793 656 902 700 sunt,
946 654 1052 703 quod
1090 667 1212 703 genus
1250 653 1434 691 ludorum
1466 653 1515 691 ab
1547 652 1662 691 Oscis
1691 666 1752 691 ac-

333 723 489 770 ceptum
519 721 648 758 tenuit
679 720 873 769 iuventus,
903 734 975 758 nec
1005 721 1053 757 ab
1084 721 1345 759 histrionibus
1376 721 1504 771 pollui
1534 735 1648 772 passa
1679 725 1752 768 est;

334 802 378 826 eo
408 788 632 825 institutum
663 792 804 834 manet,
834 792 880 825 ut
909 791 1062 826 actores
1085 789 1362 827 Atellanarum
1390 802 1463 826 nec
1485 789 1595 827 tribu
1625 802 1752 827 move-

334 859 450 893 antur
480 859 518 893 et
548 856 761 906 stipendia,
800 859 990 906 tanquam
1021 861 1198 907 expertes
1230 858 1328 894 artis
1367 857 1551 904 ludicrae,
1594 858 1753 895 faciant.

269 926 316 960 13
335 925 446 961 Inter
476 923 643 961 aliarum
671 938 793 974 parva
830 925 1029 974 principia
1058 938 1190 962 rerum
1228 925 1411 962 ludorum
1441 939 1597 976 quoque
1627 926 1755 975 prima

333 993 444 1041 origo
474 992 658 1041 ponenda
682 992 768 1029 visa
799 996 868 1039 est,
897 996 941 1029 ut
965 996 1184 1042 appareret,
1214 1006 1331 1043 quam
1356 993 1405 1030 ab
1428 1007 1524 1031 sano
1555 993 1669 1030 initio
1691 1007 1754 1031 res

334 1061 375 1097 in
406 1061 505 1097 lianc
537 1060 602 1096 vix
633 1061 831 1110 opulentis
861 1061 995 1109 regnis
1024 1061 1270 1098 tolerabilem
1302 1061 1496 1098 insaniam
1526 1061 1689 1099 venerit.

217 1144 243 1169 a
444 1127 526 1165 Nec
555 1130 686 1165 tamen
717 1128 900 1165 ludorum
930 1129 1099 1178 primum
1131 1129 1292 1166 initium
1323 1129 1585 1178 procurandis
1621 1128 1754 1177 religi-

333 1196 476 1233 onibus
507 1195 642 1232 datum
673 1199 741 1233 aut
770 1197 961 1245 religione
992 1197 1142 1234 animos
1180 1200 1249 1233 aut
1279 1210 1445 1246 corpora
1473 1196 1621 1234 morbis
1650 1196 1754 1234 leva-

295 1265 316 1300 2
335 1264 411 1311 vit3
456 1263 553 1314 quin
585 1264 722 1311 etiam,
763 1278 882 1314 quum
911 1265 1061 1303 medios
1092 1266 1194 1302 forte
1224 1265 1339 1302 ludos
1369 1265 1495 1302 circus
1525 1264 1663 1302 Tiberi
1692 1277 1755 1302 Su-

334 1332 493 1381 perfuso
525 1332 715 1381 irrigatus
753 1332 1001 1383 impedisset,
1040 1332 1080 1369 id
1110 1346 1220 1380 vero,
1257 1333 1367 1370 velut
1405 1332 1553 1370 aversis
1583 1332 1661 1369 iam
1691 1331 1754 1369 dis

336 1400 717 1450 aspernantibusque
762 1400 986 1449 placamina
1035 1401 1124 1448 irae,
1170 1405 1362 1438 terrorem
1406 1400 1609 1449 ingentem
1651 1399 1757 1436 fecit.

296 1469 318 1505 3
337 1469 479 1518 Itaque
503 1467 571 1505 Cn.
591 1466 781 1514 Genucio,
812 1467 857 1505 L.
875 1468 1040 1506 AEmilio
1065 1469 1310 1506 Mamercino
1342 1468 1485 1505 iterum
1516 1467 1757 1514 consulibus,

134 1524 242 1583 21⁰0·ss
260 1526 316 1582 331-
337 1549 456 1585 quum
472 1537 719 1585 piaculorum
735 1535 860 1585 magis
877 1536 1117 1586 conquisitio
1135 1537 1284 1575 animos
1309 1551 1426 1586 quam
1443 1549 1607 1586 corpora
1631 1535 1759 1572 morbi

338 1603 549 1650 afficerent,
572 1604 783 1653 repetitum
808 1617 855 1641 ex
879 1604 1076 1641 seniorum
1095 1604 1286 1641 memoria
1311 1605 1468 1651 dicitur,
1489 1602 1758 1654 pestilentiam

299 1672 537 1721 4quondam
581 1670 692 1708 clavo
737 1671 785 1707 ab
831 1671 1025 1709 dictatore
1069 1672 1145 1709 fixo
1191 1672 1378 1708 sedatam.
1460 1671 1520 1708 Ea
1564 1670 1758 1719 religione

339 1740 532 1777 adductus
564 1743 721 1776 senatus
759 1738 995 1777 dictatorem
1033 1740 1133 1776 clavi
1163 1739 1312 1788 figendi
1354 1752 1470 1776 causa
1507 1739 1588 1776 dici
1624 1737 1759 1783 iussit3

339 1808 467 1846 dictus
497 1807 542 1845 L.
558 1807 733 1844 Manlius
749 1806 990 1857 Imperiosus
1021 1807 1066 1844 L.
1082 1807 1291 1845 Pinarium
1321 1807 1553 1856 magistrum
1584 1805 1759 1855 equitum

301 1876 321 1911 5
341 1876 453 1913 dixit.
522 1875 606 1913 Lex
635 1878 791 1912 vetusta
822 1878 896 1920 est,
927 1875 1068 1925 priscis
1098 1875 1245 1912 litteris
1274 1874 1487 1924 verbisque
1516 1874 1675 1924 scripta,
1705 1877 1760 1920 ut,

341 1944 409 1994 qui
439 1947 584 1993 praetor
615 1943 806 1980 maximus
837 1943 900 1989 sit,
931 1942 1063 1980 idibus
1088 1941 1387 1992 Septembribus
1409 1942 1564 1980 clavum
1593 1944 1761 1992 pangat3

341 2011 419 2048 fixa
454 2011 530 2048 fuit
567 2011 865 2049 dextroxlateri
911 2011 1005 2048 aedis
1044 2011 1153 2048 Iovis
1191 2011 1333 2060 optimi
1372 2010 1551 2057 maximi,
1596 2023 1643 2047 ex
1683 2022 1760 2058 qua

301 2081 322 2115 Γ)
341 2083 453 2129 parte
473 2078 664 2116 Minervae
693 2079 883 2128 templum
915 2083 984 2117 est.
1042 2079 1145 2116 Eum
1169 2079 1333 2126 clavum,
1364 2078 1456 2128 quia
1485 2091 1585 2115 rarae
1616 2090 1686 2127 per
1717 2090 1761 2114 ea

341 2151 520 2196 tempora
549 2146 691 2184 litterae
723 2150 850 2194 erant,
889 2151 1022 2184 notam
1053 2147 1207 2184 numeri
1245 2159 1436 2183 annorum
1466 2146 1588 2183 fuisse
1618 2145 1760 2191 ferunt,

343 2229 464 2265 eoque
479 2214 673 2251 Minervae
702 2215 849 2264 templo
881 2215 1050 2252 dicatam
1081 2215 1217 2263 legem,
1249 2214 1343 2263 quia
1372 2227 1556 2251 numerus
1571 2213 1761 2250 Minervae

305 2285 325 2319 7
346 2284 546 2321 inventum
564 2282 624 2319 sit.
670 2281 866 2319 Vulsiniis
892 2296 1047 2333 quoque
1071 2282 1202 2320 clavos
1226 2281 1378 2319 indices
1393 2282 1546 2319 numeri
1571 2294 1763 2319 annorum

343 2351 439 2389 fixos
456 2351 496 2388 in
510 2350 659 2399 templo
676 2350 838 2396 Nortiae,
862 2351 1039 2387 Etruscae
1057 2349 1150 2396 deae,
1176 2363 1412 2398 comparere,
1436 2348 1605 2398 diligens
1620 2348 1762 2386 talium

304 2421 683 2456 Smonumentorum
721 2422 856 2455 auctor
888 2418 1049 2455 Cincius
1087 2418 1267 2455 affirmat.
1333 2417 1528 2455 Horatius
1560 2416 1694 2455 consul
1725 2420 1763 2454 et

344 2488 470 2536 legem
501 2490 540 2524 et
568 2486 759 2536 templum
790 2485 898 2522 Iovis
939 2486 1078 2535 optimi
1108 2485 1271 2522 maximi
1302 2485 1504 2523 dedicavit
1543 2498 1643 2522 anno
1673 2488 1762 2534 post

346 2569 456 2604 reges
487 2558 661 2600 exactos3
691 2567 714 2590 a
744 2552 972 2590 consulibus
1004 2557 1138 2603 postea
1169 2553 1219 2591 ad
1250 2553 1482 2600 dictatores,
1514 2553 1608 2602 quia
1636 2553 1763 2590 maius

347 2623 553 2673 imperium
585 2626 685 2669 erat,
716 2621 902 2659 sollemne
933 2621 1034 2658 clavi
1063 2621 1210 2670 figendi
1239 2621 1474 2658 translatum
1509 2624 1577 2658 est.
1635 2620 1762 2658 Inter-
