1821 2928
529 128 645 164 Liber
671 128 716 162 V.
765 128 821 172 (A.
849 127 914 162 Ch.
939 126 1033 170 396.)
1426 130 1507 166 277

64 259 163 296 bant
193 258 412 304 sententiae,
443 257 550 294 senis
580 255 627 294 P.
658 255 823 301 Licinii,
855 268 970 305 quem
987 255 1158 305 primum
1176 253 1338 300 dixisse,
1369 266 1392 290 a
1415 252 1502 291 filio

61 331 362 380 interrogatum,
401 330 544 375 ferunt,
577 328 681 366 edici
713 328 844 378 palam
870 328 1030 378 placere
1055 327 1216 377 populo,
1239 330 1294 372 ut,
1322 325 1390 375 qui
1417 338 1507 375 par-

58 403 188 453 ticeps
219 416 302 440 esse
333 401 479 453 praedae
510 401 644 447 vellet,
684 401 723 437 in
756 404 886 438 castra
912 399 1036 436 Veios
1083 398 1168 443 iret,
1215 398 1343 436 altera
1388 397 1498 447 App.
1519 399 1542 436 5

62 474 231 521 Claudii,
264 474 333 525 qui
356 474 610 523 largitionem
637 486 790 518 novam,
829 471 1052 522 prodigam,
1086 470 1334 520 inaequalem,
1369 470 1502 506 incon-

60 547 205 584 sultam
237 560 418 596 arguens,
463 545 497 583 si
527 545 647 582 semel
680 545 788 582 nefas
821 545 1022 589 ducerent,
1053 546 1210 592 captam
1243 555 1290 579 ex
1320 541 1504 579 hostibus

64 620 105 655 in
137 619 279 656 aerario
311 617 506 656 exhausto
540 617 657 655 bellis
684 617 893 667 pecuniam
917 628 1012 661 esse,
1044 618 1183 651 auctor
1212 618 1297 651 erat
1314 613 1504 664 stipendii

65 704 113 727 ex
144 704 189 729 ea
219 691 392 741 pecunia
423 690 546 727 militi
579 689 827 735 numerandi,
858 692 902 724 ut
933 701 978 725 eo
1020 687 1150 723 minus
1188 686 1330 723 tributi
1362 686 1502 736 plebes

63 762 281 809 conferret3
320 763 404 800 eius
437 763 541 800 enim
574 762 668 800 doni
700 761 930 799 societatem
963 772 1147 796 sensuras
1180 759 1390 808 aequaliter
1415 771 1494 795 om·
1516 761 1537 790 Γ»

63 834 173 873 nium
207 834 355 881 domos,
387 849 465 872 non
490 835 629 872 avidas
648 835 688 871 in
715 833 962 883 direptiones
988 844 1127 868 manus
1145 830 1362 867 otiosorum
1390 831 1507 868 urba-

64 920 204 945 norum
233 911 506 957 praerepturas
534 906 697 944 fortium
726 905 964 943 bellatorum
992 903 1157 953 praemia
1182 916 1278 948 esse,
1306 916 1427 952 quum
1454 903 1510 940 ita

65 979 188 1016 ferme
207 979 377 1025 eveniat,
407 982 451 1015 ut
480 979 639 1028 segnior
665 978 718 1015 sit
734 977 947 1028 praedator,
965 979 1010 1012 ut
1035 975 1202 1025 quisque
1230 975 1378 1012 laboris
1405 975 1507 1025 peri-

66 1051 229 1101 culique
262 1052 503 1101 praecipuam
550 1055 686 1100 petere
732 1052 886 1100 partem
925 1048 1061 1085 soleat.
1135 1047 1318 1084 Licinius
1367 1049 1547 1085 contra7

65 1126 286 1173 suspectam
320 1127 359 1160 et
390 1124 559 1160 invisam
584 1136 738 1173 semper
769 1136 853 1159 eam
882 1120 1094 1171 pecuniam
1127 1120 1211 1157 fore
1246 1120 1394 1166 aiebat,
1421 1133 1511 1158 cau-

66 1208 208 1245 sasque
240 1195 451 1232 criminum
483 1195 532 1232 ad
563 1195 735 1245 plebem,
768 1194 1009 1231 seditionum
1036 1192 1128 1229 inde
1155 1206 1200 1230 ac
1224 1193 1358 1240 legum
1390 1206 1509 1230 nova-

67 1280 153 1304 rum
171 1267 449 1317 praebituram,
483 1268 609 1305 satius
627 1268 751 1316 igitur
768 1280 863 1312 esse,
894 1265 1153 1303 reconciliari
1177 1278 1221 1302 eo
1248 1264 1351 1302 dono
1377 1265 1507 1315 plebis
1525 1265 1550 1301 8

68 1339 235 1387 animos,
267 1340 475 1378 exhaustis
507 1344 627 1389 atque
660 1339 871 1376 exinanitis
901 1338 1055 1375 tributo
1096 1341 1157 1374 tot
1196 1351 1390 1375 annorum
1423 1350 1510 1374 suc-

67 1411 190 1458 curri,
229 1418 266 1450 et
298 1412 446 1449 sentire
484 1411 631 1461 praedae
662 1412 835 1448 fructum
867 1424 915 1447 ex
948 1423 992 1447 eo
1026 1409 1144 1455 bello,
1184 1409 1224 1446 in
1266 1423 1345 1458 quo
1385 1422 1510 1459 prope

70 1483 366 1521 consenuerint.
428 1483 593 1522 Gratius
625 1483 667 1521 id
712 1484 796 1520 fore
829 1483 1053 1531 laetiusque,
1092 1481 1199 1531 quod
1239 1481 1407 1531 quisque
1439 1494 1510 1518 sua

67 1568 188 1593 manu
218 1568 267 1592 ex
300 1555 413 1593 hoste
446 1559 604 1605 captum
635 1555 795 1593 domum
825 1554 1039 1599 rettulerit,
1083 1567 1199 1603 quam
1231 1554 1264 1590 si
1296 1553 1510 1602 multiplex

68 1627 234 1665 alterius
266 1627 434 1665 arbitrio
466 1628 648 1678 accipiat.
709 1627 847 1677 Ipsum
880 1626 1115 1663 dictatorem
1146 1626 1284 1674 fugere
1315 1625 1507 1662 invidiam
1527 1628 1549 1661 9

70 1713 118 1737 ex
149 1713 193 1737 eo
225 1699 490 1749 criminaque3
526 1714 570 1738 eo
603 1700 810 1749 delegasse
837 1698 887 1736 ad
913 1702 1111 1745 senatum;
1145 1701 1327 1735 senatum
1353 1710 1511 1747 quoque

68 1771 215 1809 debere
246 1771 436 1809 reiectam
468 1785 550 1809 rem
583 1772 633 1809 ad
665 1786 706 1809 se
737 1772 969 1822 permittere
999 1771 1110 1821 plebi
1149 1784 1194 1808 ac
1232 1770 1319 1820 pati
1351 1769 1511 1815 habere,

69 1843 176 1893 quod
209 1844 351 1894 cuique
382 1843 464 1881 fors
488 1845 586 1882 belli
612 1844 782 1882 dederit.
829 1844 928 1881 Haec
953 1843 1080 1881 tutior
1099 1843 1184 1880 visa
1207 1842 1406 1880 sententia
1432 1845 1504 1889 est,
1528 1843 1578 1879 10

71 1929 159 1966 quae
189 1916 423 1966 popularem
469 1921 649 1954 senatum
695 1916 854 1953 faceret.
928 1915 1115 1953 Edictum
1163 1915 1298 1964 itaque
1345 1918 1414 1959 est,
1461 1914 1512 1952 ad

67 1987 244 2037 praedam
276 1986 497 2033 Veientem,
529 1987 675 2037 quibus
706 1987 928 2035 videretur,
962 1988 1003 2024 in
1037 1990 1167 2024 castra
1191 1986 1241 2024 ad
1273 1986 1510 2024 dictatorem

69 2058 431 2109 proficiscerentur.

183 2131 333 2179 Ingens
363 2131 543 2181 profecta
573 2130 788 2174 multitudo
820 2131 992 2181 replevit
1014 2135 1158 2169 castra.
1204 2130 1305 2168 Tum
1333 2129 1507 2168 dictator
1588 2126 1638 2174 21

71 2203 277 2253 auspicato
310 2216 503 2252 egressus,
535 2216 656 2253 quum
690 2203 892 2247 edixisset,
924 2206 969 2240 ut
999 2216 1109 2240 arma
1135 2203 1285 2240 milites
1313 2206 1512 2253 caperent,

77 2274 192 2324 „Tuo
225 2274 373 2312 ductu“
395 2275 539 2324 inquit,
574 2274 769 2323 „Pythice
787 2274 954 2325 Apollo,
986 2279 1134 2325 tuoque
1160 2275 1320 2312 numine
1349 2275 1512 2312 instinc·
1531 2275 1554 2310 ‘2

73 2349 139 2384 tus
170 2346 376 2396 pergo'ad
408 2346 619 2384 delendam
650 2346 789 2384 urbem
822 2347 964 2394 Veios,
1001 2347 1159 2397 tibique
1194 2347 1286 2384 hinc
1319 2346 1511 2384 decimam

75 2422 226 2468 partem
245 2419 391 2469 praedae
407 2432 542 2457 voveo.
590 2417 647 2456 Te
671 2419 800 2466 simul,
831 2419 933 2456 Iuno
957 2419 1108 2467 regina,
1143 2432 1231 2468 quae
1257 2432 1360 2456 nunc
1388 2418 1509 2455 Veios
1528 2418 1551 2454 3

71 2490 181 2537 colis,
213 2504 366 2541 precor,
396 2494 442 2528 ut
472 2504 542 2528 nos
574 2491 745 2528 victores
777 2491 816 2528 in
849 2494 1024 2529 nostram
1055 2494 1244 2540 tuamque
1285 2504 1375 2528 mox
1405 2490 1510 2526 futu-

73 2574 159 2599 ram
191 2562 330 2599 urbem
362 2576 541 2612 sequare,
572 2562 644 2599 ubi
676 2566 715 2600 te
740 2562 905 2611 dignum
930 2563 1193 2612 amplitudine
1215 2566 1285 2599 tua
1315 2561 1511 2611 templum

71 2633 283 2684 accipiat.“
332 2634 430 2672 Haec
461 2639 660 2685 precatus,
691 2639 903 2685 superante
941 2633 1211 2683 multitudine,
1244 2634 1293 2671 ab
1326 2634 1508 2670 omnibus
1527 2635 1553 2670 4

71 2704 170 2742 locis
199 2705 336 2743 urbem
354 2703 604 2756 aggreditur,
636 2720 714 2757 quo
741 2707 869 2744 minor
895 2707 943 2744 ab
961 2706 1146 2744 cuniculo
1166 2705 1389 2754 ingruentis
1405 2706 1508 2755 peri-

74 2775 154 2813 culi
185 2789 320 2814 sensus
351 2782 466 2816 esset.
529 2777 721 2816 Veientes
762 2778 917 2828 ignari,
956 2791 997 2815 se
1037 2777 1114 2814 iam
1155 2790 1179 2814 a
1218 2776 1299 2814 suis
1341 2776 1557 2823 vatibus‚5
