1821 2928
473 84 588 120 Liber
611 85 679 119 IV.
731 87 791 129 (A.
820 86 883 121 Ch.
910 87 1119 130 426-424.)
1435 91 1516 128 229

74 215 239 264 suisque
272 214 380 263 capti
413 213 553 263 oppidi
585 213 741 262 signum
775 227 821 251 ex
854 228 965 252 muro
992 215 1151 253 tollunt.
1199 214 1316 263 Quod
1343 214 1514 253 ubidic-
1534 217 1556 253 2

76 290 184 324 tator
222 286 429 336 conspexit
461 285 556 333 (iam
596 286 700 323 enim
733 289 772 323 et
804 287 889 336 ipse
923 287 963 324 in
995 287 1152 325 deserta
1182 287 1354 325 hostium
1387 293 1517 325 castra

77 359 386 408 penetraverat),
425 357 650 406 cupientem
683 357 853 395 militem
887 359 1109 396 discurrere
1141 359 1189 396 ad
1222 359 1409 409 praedam,
1447 372 1516 409 spe

78 430 226 468 iniecta
255 429 416 468 maioris
448 430 488 466 in
520 429 618 467 urbe
650 429 808 479 praedae,
839 430 890 468 ad
915 434 1068 480 portam
1102 429 1223 477 ducit,
1254 434 1516 481 receptusque

77 503 184 540 intra
214 515 349 540 muros
381 502 422 539 in
455 514 596 547 arcem,
630 514 708 550 quo
740 514 854 540 ruere
885 502 1125 551 fugientium
1156 502 1315 540 turbam
1342 502 1517 548 videbat,

19 606 22 608 .
73 574 224 624 pergit;
258 587 329 612 nec
361 574 490 611 minor
521 573 648 611 caedes
680 574 719 611 in
751 574 850 612 urbe
882 587 1002 624 quam
1034 574 1076 611 in
1100 574 1244 624 proelio
1269 575 1357 621 fuit,
1389 573 1555 613 donecss

73 646 244 684 abiectis
273 646 403 691 armis,
436 645 538 682 nihil
565 649 712 695 praeter
728 645 854 683 vitam
872 649 1064 696 petentes,
1097 645 1286 684 dictatori
1303 645 1513 684 deduntur.

75 717 183 756 Urbs
230 721 439 768 castraque
485 717 746 767 diripiuntur.
807 717 976 757 Postero
1018 718 1093 765 die,
1140 718 1311 767 singulis
1343 718 1555 768 captivis4

75 790 124 828 ab
157 789 290 840 equite
322 803 366 828 ac
399 790 630 828 centurione
662 793 768 827 sorte
800 789 930 828 ductis
957 793 1006 837 et,
1038 803 1206 840 quorum
1224 790 1370 828 eximia
1386 790 1515 828 virtus

72 862 213 909 fuerat,
246 862 363 908 binis,
396 862 488 899 aliis
521 862 592 900 sub
625 875 771 900 corona
793 863 1048 909 venundatis,
1081 862 1298 900 exercitum
1322 862 1514 900 victorem

72 934 386 984 opulentumque
418 934 553 984 praeda
570 934 823 984 triumphans
840 934 1014 972 dictator
1029 934 1200 972 Romam
1216 933 1398 980 reduxit;
1431 934 1509 972 ius·
1530 934 1552 972 5

71 1019 195 1056 soque
227 1006 421 1055 magistro
453 1006 632 1056 equitum
665 1006 854 1044 abdicare
884 1020 926 1044 se
964 1007 1214 1055 magistratu,
1253 1006 1338 1056 ipse
1371 1005 1514 1044 deinde

72 1077 246 1124 abdicat,
288 1077 352 1116 die
385 1081 495 1116 sexto
528 1077 680 1116 decimo
712 1078 870 1116 reddito
903 1079 944 1116 in
974 1092 1072 1129 pace
1105 1078 1287 1128 imperio,
1332 1078 1439 1128 quod
1472 1078 1512 1115 in

72 1150 180 1188 bello
211 1150 460 1200 trepidisque
491 1150 608 1188 rebus
641 1154 858 1201 acceperat.
921 1150 1048 1189 Classi
1079 1163 1238 1200 quoque
1270 1150 1320 1187 ad
1337 1150 1550 1188 Fidenasss

68 1226 289 1272 pugnatum
322 1235 411 1260 cum
444 1221 698 1270 Veientibus,
731 1223 896 1273 quidam
927 1223 968 1260 in
999 1222 1163 1260 annales
1195 1221 1399 1268 rettulere,
1429 1234 1510 1258 rem

70 1306 182 1344 aeque
213 1293 424 1331 difficilem
455 1297 574 1344 atque
607 1294 900 1341 incredibilem,
932 1308 1004 1332 nec
1038 1307 1140 1332 nunc
1158 1294 1240 1332 lato
1257 1294 1353 1331 satis
1370 1292 1510 1331 adhoc

70 1380 185 1404 amne
231 1369 268 1403 et
313 1369 398 1404 tum
445 1366 662 1416 aliquanto,
707 1371 804 1405 uta
835 1367 1039 1404 veteribus
1070 1365 1306 1416 accepimus,
1352 1365 1510 1411 artiore,

70 1439 147 1476 nisi
189 1438 229 1476 in
260 1438 433 1476 traiectu
465 1438 568 1476 forte
599 1437 776 1476 fluminis
808 1437 1058 1489 prohibendo
1090 1437 1314 1486 aliquarum
1347 1437 1507 1475 navium
1527 1437 1547 1473 7

69 1523 304 1548 concursum
337 1510 378 1548 in
410 1510 549 1557 maius,
579 1514 623 1548 ut
649 1510 704 1557 fit,
735 1511 981 1549 celebrantes
999 1510 1152 1548 navalis
1169 1509 1346 1548 victoriae
1363 1522 1508 1547 vanum

73 1582 237 1619 titulum
268 1582 510 1632 appetivere.

183 1653 404 1704 Insequens
450 1667 576 1692 annus
621 1654 805 1692 tribunos
852 1654 1048 1693 militares
1080 1654 1281 1693 consulari
1312 1656 1508 1703 potestate
1584 1649 1638 1698 35

68 1725 210 1764 habuit
240 1726 291 1764 A.
310 1725 592 1777 Sempronium
617 1726 864 1773 Atratinum,
897 1726 942 1764 L.
962 1726 1196 1773 Quinctium
1214 1725 1508 1770 Cincinnatum,
1528 1720 1636 1786 2:¹¹ng
1655 1720 1712 1786 ἓξὲ-

68 1798 114 1836 L.
146 1799 312 1837 Furium
344 1799 625 1845 Medullinum,
658 1799 702 1837 L.
736 1799 953 1837 Horatium
985 1798 1220 1837 Barbatum.
1266 1797 1506 1835 Veientibus
1525 1802 1547 1838 2

68 1884 262 1909 annorum
317 1871 463 1920 viginti
509 1871 675 1909 indutiae
723 1871 825 1909 datae
872 1875 909 1909 et
956 1871 1100 1921 AEquis
1146 1870 1328 1915 triennii,
1385 1882 1505 1919 quum

68 1943 244 1993 plurium
276 1955 468 1981 annorum
502 1943 715 1993 petissent,
762 1947 800 1980 et
839 1956 860 1980 a
891 1943 1155 1980 seditionibus
1186 1942 1351 1980 urbanis
1382 1942 1506 1980 otium

69 2015 156 2052 fuit.
275 2007 279 2011 ’

183 2087 346 2125 Α111111111
378 2089 665 2137 insequentem,
696 2100 822 2136 neque
854 2087 961 2125 bello
992 2087 1092 2124 foris
1123 2100 1252 2136 neque
1280 2086 1387 2125 domi
1404 2085 1504 2124 sedi·
1524 2089 1546 2126 3

67 2159 178 2197 tione
210 2159 418 2208 insignem,
450 2159 535 2196 ludi
564 2158 667 2196 bello
694 2159 778 2197 voti
796 2159 991 2197 celebrem
1010 2162 1047 2197 et
1063 2158 1315 2197 tribunorum
1333 2158 1505 2196 militum
1525 2150 1634 2215 2:¹2:ss
1653 2149 1711 2214 {22

66 2234 262 2282 apparatu
301 2235 338 2269 et
376 2230 635 2268 finitimorum
675 2244 869 2269 concursu
900 2232 1039 2269 fecere.
1099 2230 1269 2268 Tribuni
1301 2218 1546 2268 consulari4

66 2306 267 2353 potestate
299 2306 412 2341 erant
442 2301 550 2350 App.
587 2301 780 2341 Claudius
812 2302 989 2348 Crassus,
1030 2301 1097 2353 Sp.
1130 2302 1299 2341 Nautius
1330 2302 1506 2340 Rutilus.

69 2375 115 2413 L.
141 2374 305 2425 Sergius
336 2373 520 2420 Fidenas,
552 2372 643 2411 SeX.
668 2374 800 2412 Iulius
832 2374 958 2413 Iulus.
1003 2374 1287 2424 Spectaculum
1319 2373 1504 2411 comitate

65 2447 185 2485 etiam
216 2447 431 2498 hospitum,
463 2445 513 2484 ad
545 2458 663 2496 quam
694 2446 859 2496 publice
891 2450 1184 2493 consenserant,
1224 2445 1386 2483 advenis
1418 2431 1511 2492 gra—>

66 2518 147 2556 tius
177 2519 265 2557 fuit.

181 2590 282 2630 Post
311 2591 427 2629 ludos
457 2590 663 2629 contiones
693 2589 893 2628 seditiosae
925 2590 1178 2628 tribunorum
1205 2587 1314 2638 plebi
1330 2587 1502 2632 fuerunt,
1521 2587 1544 2625 5

69 2662 369 2713 obiurgantium
414 2661 725 2709 multitudinem,
771 2661 878 2711 quod
918 2661 1182 2700 admiratione
1213 2672 1358 2705 eorum,
1405 2671 1504 2708 quos
