1821 2928
610 231 698 256 Liber
716 231 771 256 1x.
809 231 858 260 (A.
878 231 928 257 ch.
948 231 1018 261 310.)
1403 217 1478 255 181

106 347 268 398 quidem
299 346 589 385 inclementiori
630 361 652 384 a
684 360 743 383 me
775 346 1022 396 appellatum
1053 345 1216 390 vellem;
1258 343 1327 381 sed
1369 347 1408 381 et
1446 342 1611 388 haec‚24

107 429 195 466 quae
226 415 356 454 adhuc
388 416 465 465 egi,
511 414 735 465 pervicacia
773 418 842 453 tua
871 418 911 451 et
948 415 1134 464 superbia
1164 413 1297 461 coegit
1326 425 1386 449 me
1416 410 1539 460 loqui,

107 488 156 532 et,
186 484 264 522 nisi
293 484 469 521 AEmiliae
509 483 590 532 legi
631 483 824 532 parueris,
867 483 909 520 in
949 483 1080 520 vincla
1120 482 1213 520 duci
1254 480 1411 526 iubebo,
1457 478 1609 526 nec‚25

108 566 229 604 quum
259 553 317 590 ita
348 556 619 602 comparatum
652 566 674 588 a
704 551 922 589 maioribus
953 551 1022 598 sit,
1059 555 1102 588 ut
1140 550 1310 589 comitiis
1343 548 1542 594 censoriis,

107 621 186 659 nisi
219 621 297 659 duo
330 621 572 659 confecerint
603 620 788 670 legitima
818 619 1017 668 suffragia,
1048 633 1127 657 non
1158 619 1385 668 ienuntiato
1417 617 1542 655 altero

108 689 267 727 comitia
298 689 545 736 differantur,
577 701 650 740 ego
681 692 732 735 te,
765 688 833 738 qui
866 688 973 725 solus
997 702 1135 725 censor
1159 688 1286 725 creari
1307 701 1386 724 non
1404 685 1543 736 possis,

107 757 234 795 solum
268 771 473 796 censuram
503 771 642 807 gerere
673 757 842 808 patia1·.“
904 756 1003 794 Haec
1027 757 1205 806 taliaque
1230 769 1350 806 quum
1367 755 1540 791 dixisset.
1559 753 1611 789 26

106 825 252 876 prendi
284 839 486 863 censorem
518 830 555 864 et
587 827 627 863 in
658 825 790 863 vincla
821 825 913 862 duci
937 825 1064 863 iussit.
1122 823 1460 875 Approbantibus
1477 835 1545 859 sex

110 893 286 932 tribunis
304 894 500 932 actionem
517 895 690 944 collegae,
713 899 794 932 tres
811 893 1032 943 appellanti
1049 893 1186 943 Appio
1204 893 1354 930 auxilio
1371 892 1542 936 fuerunt,

107 971 337 1012 summaque
366 963 520 1000 invidia
551 963 725 1001 omnium
757 961 943 1000 ordinum
975 963 1084 1000 solus
1116 975 1320 1000 censuram
1351 959 1485 1009 gessit.

220 1031 331 1069 Dum
362 1045 407 1070 ea
422 1031 560 1069 Romae
583 1035 786 1080 geruntur,
814 1032 893 1068 iam
911 1030 1089 1068 Sutrium
1112 1033 1161 1069 ab
1178 1031 1358 1068 Etruscis
1381 1028 1535 1066 obside·
1611 1022 1669 1070 35

108 1100 236 1147 batur,
267 1100 500 1150 consulique
532 1100 660 1138 Fabio
693 1100 781 1137 imis
822 1100 1021 1137 montibus
1059 1100 1219 1137 ducenti
1260 1099 1310 1136 ad
1340 1097 1544 1135 ferendam

108 1182 224 1218 opem
255 1169 372 1206 sociis
410 1168 702 1218 tentandasque
741 1169 1002 1216 munitiones,
1046 1169 1079 1206 si
1125 1182 1204 1218 qua
1241 1171 1391 1218 posset,
1437 1165 1544 1203 acies

108 1237 284 1274 hostium
324 1237 520 1275 instructa
566 1237 756 1283 occurrit:
803 1251 971 1287 quorum
1008 1237 1208 1286 ingentem
1245 1234 1582 1273 multitudinem2

109 1319 230 1355 quum
261 1306 490 1344 ostenderet
521 1306 701 1344 subiecta
732 1306 810 1343 late
835 1306 1038 1356 planities,
1077 1305 1226 1351 consul,
1258 1310 1301 1342 ut
1331 1305 1418 1342 loco
1450 1316 1544 1352 pau-

108 1374 268 1411 citatem
299 1387 459 1412 suorum
491 1374 713 1421 adiuvaret,
758 1374 884 1412 flectit
920 1375 1128 1424 paululum
1165 1375 1207 1411 in
1248 1373 1373 1410 clivos
1405 1384 1545 1420 agmen

112 1443 289 1492 (aspreta
320 1446 434 1480 erant
464 1446 590 1480 strata
620 1443 764 1491 saxis);
810 1443 902 1480 inde
940 1443 1054 1491 signa
1093 1443 1135 1480 in
1173 1439 1544 1480 hostem'obvertit.

113 1509 275 1548 Etrusci
306 1511 480 1549 omnium
512 1515 777 1561 praeterquam
807 1512 1080 1549 multitudinis
1111 1525 1204 1557 suae,
1237 1525 1315 1561 qua
1346 1510 1429 1547 sola
1453 1507 1543 1546 freti
1562 1508 1585 1545 3

114 1583 238 1625 erant,
270 1579 519 1616 immemores
550 1580 738 1630 proelium
770 1581 908 1618 ineunt
940 1580 1039 1618 adeo
1070 1580 1217 1630 raptim
1248 1583 1287 1617 et-
1324 1577 1457 1624 avide,
1501 1581 1546 1613 ut

113 1647 279 1685 abiectis
302 1648 530 1695 missilibus,
561 1662 640 1698 quo
662 1649 830 1686 celerius
847 1663 986 1687 manus
1011 1652 1273 1695 consererent,
1303 1647 1547 1696 stringerent

113 1715 282 1766 gladios,
313 1717 500 1754 vadentes
532 1716 575 1753 in
605 1717 770 1754 hostem.
822 1717 1029 1755 Romanus
1053 1721 1190 1755 contra
1206 1730 1309 1754 nunc
1324 1716 1417 1763 tela,
1439 1728 1544 1752 nunc
1563 1713 1587 1750 4

112 1797 218 1831 saxa,
250 1783 395 1833 quibus
427 1798 492 1823 eos
523 1784 672 1823 affatim
704 1786 815 1823 locus
846 1786 932 1836 ipse
954 1787 1146 1831 armabat,
1177 1786 1368 1834 ingerere.
1414 1783 1546 1832 Igitur
1565 1781 1587 1819 5

113 1857 223 1890 scuta
239 1853 442 1902 galeaeque
465 1853 553 1891 ictae
578 1868 698 1904 quum
725 1855 856 1901 etiam,
889 1868 987 1904 quos
1013 1868 1092 1892 non
1114 1855 1433 1897 vulneraverant,
1463 1855 1545 1888 tur-

112 1920 267 1967 barent,
298 1935 426 1971 neque
457 1922 592 1959 subire
624 1927 709 1960 erat
739 1922 856 1960 facile
881 1923 933 1960 ad
957 1923 1186 1973 propiorem
1203 1934 1389 1972 pugnam,
1420 1932 1547 1968 neque

112 1989 284 2026 missilia
313 1989 526 2037 habebant,
572 1990 719 2039 quibus
761 1990 913 2027 eminus
951 2005 1030 2028 rem
1073 1995 1273 2040 gererent3
1319 1992 1467 2027 stantes
1508 1989 1586 2025 et6

112 2058 313 2108 expositos
330 2058 381 2096 ad
398 2059 512 2105 ictus,
536 2072 656 2108 quum
682 2059 758 2096 iam
784 2059 880 2096 satis
902 2059 1002 2096 nihil
1019 2062 1183 2108 tegeret,
1209 2058 1402 2108 quosdam
1427 2057 1545 2094 etiam

110 2127 252 2176 pedem
282 2127 511 2173 referentes,
542 2127 877 2177 fluctuantemque
901 2131 939 2164 et
960 2127 1191 2166 instabilem
1213 2127 1339 2165 aciem
1370 2125 1544 2164 redinte—

111 2199 226 2244 grato
257 2195 429 2233 clamore
471 2196 623 2233 strictis
653 2195 800 2243 gladiis
840 2195 985 2233 hastati
1027 2201 1065 2235 et
1101 2196 1301 2246 principes
1342 2194 1547 2232 invadunt.

110 2263 213 2300 Eum
252 2264 442 2314 impetum
480 2277 560 2302 non
597 2264 778 2301 tulerunt
815 2264 996 2312 Etrusci,
1041 2265 1244 2314 versisque
1289 2264 1414 2313 signis
1452 2263 1586 2311 fuga?

111 2331 233 2370 effusa
263 2335 393 2370 castra
424 2337 629 2383 repetunt3
662 2333 730 2370 sed
763 2332 916 2382 equites
934 2333 1107 2371 Romani
1138 2333 1326 2382 praevecti
1351 2345 1422 2382 per
1446 2330 1545 2369 obli-

111 2414 190 2450 qua
220 2401 349 2451 campi
381 2414 501 2451 quum
533 2415 572 2439 se
603 2400 852 2450 fugientibus
884 2401 1135 2447 obtulissent,
1165 2401 1308 2438 omisso
1341 2399 1391 2437 ad
1418 2403 1547 2437 castra

112 2470 255 2508 itinere
286 2473 439 2507 montes
469 2474 631 2520 petunt;
664 2469 758 2507 inde
798 2469 939 2506 inermi
980 2481 1092 2519 paene
1131 2469 1289 2518 agmine
1321 2483 1365 2507 ac
1397 2470 1539 2505 vexato
1558 2468 1582 2504 8

110 2538 346 2576 vulneribus
377 2538 417 2575 in
442 2539 585 2576 silvam
603 2537 816 2576 Ciminiam
844 2541 1103 2588 penetratum.
1164 2537 1380 2583 Romanus,
1411 2535 1546 2573 multis

110 2607 289 2645 millibus
299 2607 558 2645 Etruscorum
577 2607 699 2652 caesis,
731 2605 1136 2656 duodequadraginta
1160 2605 1287 2654 signis
1303 2603 1547 2643 militaribus

111 2675 259 2725 captis,
305 2675 445 2713 castris
491 2675 609 2713 etiam
656 2674 829 2712 hostium
877 2688 963 2712 cum
1009 2675 1145 2724 praeda
1185 2673 1337 2722 ingenti
1383 2673 1546 2723 potitur.
