1821 2928
539 205 630 230 Liber
649 204 736 230 vm.
774 205 821 232 (A.
843 205 893 230 ch.
914 207 1070 234 339—338.)
1393 196 1465 232 111

82 319 290 368 repentina
322 318 428 355 inter
459 319 647 368 proelium
679 320 837 369 eruptio
870 319 1165 369 oppidanorum
1197 320 1310 366 fecit3
1352 320 1392 357 in
1425 334 1524 370 quos

82 391 195 436 parte
226 387 424 424 exercitus
470 400 661 424 conversa
692 386 888 425 Camillus
934 402 1012 426 non
1060 388 1253 437 compulit
1300 388 1427 425 solum
1460 402 1526 426 eos

84 456 191 492 intra.
223 455 379 501 moenia,
425 455 494 492 sed
535 455 673 492 eodem
713 455 834 493 etiam
875 456 952 503 die,
1000 470 1121 506 quum
1155 457 1261 506 ipsos
1293 457 1526 506 auxiliaque

83 537 219 561 eorum
250 523 499 573 perculisset,
545 523 740 573 oppidum
779 524 897 561 scalis
936 525 1052 574 cepit.
1127 524 1289 561 Placuit
1323 525 1415 562 inde
1448 524 1570 562 iamS

84 592 234 629 maiore
266 595 410 628 conatu
441 591 652 640 animoque
684 592 734 628 ab
761 591 880 629 unius
907 593 1205 642 expugnatione
1223 593 1336 629 urbis
1363 593 1412 630 ad
1439 607 1526 643 per-

85 659 326 698 domandum
344 659 506 696 Latium
525 658 719 697 victorem
737 660 1037 698 circumducere
1055 662 1294 707 exercitum,
1327 675 1398 699 nec
1416 663 1526 711 quie-

82 742 185 775 vere,
216 732 429 777 antequam
461 727 728 777 expugnando
760 733 830 766 aut
856 729 897 766 in
924 729 1173 767 deditionem
1192 730 1430 779 accipiendo
1449 731 1527 767 sin-

84 797 198 846 gulas
229 795 349 833 urbes
366 795 530 833 Latium
563 809 676 833 0111110
703 796 908 845 subegere.
969 797 1182 835 Praesidiis
1206 798 1300 835 inde
1318 798 1526 848 dispositis
1546 799 1570 834 9

82 879 153 915 per
183 867 345 913 recepta
377 864 541 914 oppida,
571 864 740 902 Romam
772 866 822 902 ad
856 866 1099 904 destinatum
1124 866 1302 903 omnium
1334 880 1528 904 consensu

83 933 332 983 triumphum
375 933 589 970 decessere.
662 932 845 970 Additus
882 934 1088 984 triumpho
1127 935 1265 981 honos,
1310 939 1355 972 ut
1386 940 1526 973 statute

84 1005 286 1052 equestres
317 1001 385 1047 eis,
415 1014 507 1038 rara
539 1000 613 1038 illa
644 1005 761 1039 aetate
791 1015 869 1049 res,
901 1003 943 1040 in
975 1003 1062 1040 foro
1095 1006 1349 1052 ponerentur.

197 1069 442 1118 Priusquam
474 1069 650 1106 comitiis
682 1069 725 1106 in
741 1069 1018 1119 insequentem
1044 1085 1191 1108 annum
1209 1072 1390 1109 consules
1410 1085 1524 1120 roga·
1547 1071 1600 1108 10

83 1143 183 1185 rent,
229 1136 423 1175 Camillus
462 1137 510 1174 de
542 1137 702 1174 Latinis
733 1138 894 1187 populis
926 1138 976 1176 ad
1008 1143 1188 1176 senatum
1219 1140 1376 1177 rettulit
1408 1144 1526 1190 atque

83 1207 141 1244 ita
172 1206 378 1243 disseruit:
413 1205 582 1251 „Patres
607 1207 840 1256 conscripti,
871 1207 978 1256 quod
995 1207 1103 1244 bello
1128 1208 1329 1258 armisque
1347 1208 1390 1245 in
1406 1208 1525 1246 Latio
1547 1206 1593 1242 11

83 1275 280 1324 agendum
311 1274 400 1320 fuit,
430 1273 475 1310 id
507 1274 587 1311 iam
619 1273 736 1311 deum
763 1274 1016 1324 benignitate
1040 1289 1084 1312 ac
1101 1276 1252 1313 virtute
1277 1277 1451 1313 militum
1476 1277 1527 1314 ad

47 1366 50 1369 Δ
82 1344 199 1382 finem
230 1343 352 1381 venit.
413 1341 517 1379 Caesi
549 1342 601 1379 ad
632 1342 787 1379 Pedum
805 1342 1078 1393 Asturamque
1110 1348 1201 1381 sunt
1234 1345 1434 1382 exercitus
1456 1343 1595 1382 110-12

83 1412 221 1457 stium3
267 1411 420 1460 oppida
451 1410 600 1447 Latina
645 1411 780 1448 omnia
825 1415 865 1448 et
895 1411 1067 1448 Antium
1115 1426 1161 1449 ex
1193 1412 1354 1450 Volscis
1386 1416 1454 1450 aut
1485 1413 1526 1450 vi

83 1484 201 1529 capta
245 1484 316 1516 aut
355 1484 516 1528 recepta
562 1479 604 1516 in
643 1479 891 1517 deditionem
923 1480 1127 1529 praesidiis
1157 1485 1344 1518 tenentur
1375 1482 1528 1519 vestris.

85 1547 260 1597 Reliqua
291 1547 533 1584 consultatio
566 1551 636 1593 est,
667 1548 857 1597 quoniam
887 1548 1122 1586 rebellando
1153 1549 1299 1599 saepius
1331 1563 1402 1587 nos
1419 1550 1527 1587 solli·
1550 1548 1600 1584 13

87 1617 222 1662 citant,
253 1628 426 1665 quonam
457 1616 574 1653 modo
607 1620 801 1665 perpetua
831 1630 928 1666 pace
960 1617 1118 1666 quietos
1150 1617 1414 1656 obtineamus.
1469 1619 1527 1656 Di
1549 1616 1602 1652 14

87 1684 331 1722 immortales
377 1684 434 1721 ita
479 1697 549 1721 vos
580 1688 763 1734 potentes
795 1684 914 1721 huius
947 1685 1110 1722 consilii
1142 1686 1333 1733 fecerunt,
1378 1690 1433 1731 ut,
1478 1687 1531 1724 sit

86 1753 252 1791 Latium
283 1751 427 1789 deinde
459 1766 510 1789 an
541 1766 620 1790 non
652 1753 716 1801 sit,
746 1753 789 1790 in
819 1758 955 1790 vestra
986 1767 1105 1791 manu
1135 1755 1362 1803 posuerint;
1395 1755 1532 1804 itaque

86 1835 225 1872 pacem
255 1820 383 1866 vobis,
414 1820 522 1870 quod
554 1820 604 1858 ad
635 1821 806 1860 Latinos
837 1822 994 1869 attinet,
1040 1836 1183 1872 parare
1222 1822 1262 1859 in
1293 1827 1531 1872 perpetuum

88 1890 152 1928 vel
185 1889 386 1927 saeviendo
416 1889 480 1926 vel
514 1889 758 1938 ignoscendo
790 1890 971 1939 potestis.
1033 1890 1169 1928 Vultis
1197 1890 1417 1927 crudeliter
1441 1904 1530 1928 eon·
1554 1888 1604 1925 15

89 1958 216 1996 sulere
250 1958 291 1995 111
324 1958 483 1995 deditos
514 1957 756 2007 victosque?
787 1958 884 1995 licet
915 1958 1047 1996 delere
1065 1972 1179 1996 omne
1196 1958 1369 2005 Latium,
1399 1963 1534 1996 vastas

89 2027 184 2065 inde
214 2026 454 2065 solitudines
484 2026 626 2072 facere,
658 2026 762 2063 unde
786 2026 927 2064 sociali
947 2027 1110 2075 egregio
1127 2027 1303 2065 exercitu
1318 2040 1391 2077 per
1407 2028 1534 2065 multa

89 2095 196 2134 bella
227 2108 448 2144 magnaque
479 2107 583 2144 saepe
614 2094 675 2131 usi
707 2094 814 2131 estis.
875 2093 1014 2131 Vultis
1045 2095 1226 2145 exemplo
1252 2095 1450 2133 maiorum
1467 2109 1533 2133 au·
1556 2094 1604 2130 16

90 2177 181 2213 gere
211 2177 294 2201 rem
324 2163 547 2201 Romanam
578 2162 705 2200 victos
736 2163 779 2199 in
810 2162 1016 2200 civitatem
1057 2163 1322 2213 accipiendo?
1367 2164 1534 2202 materia

92 2231 297 2270 crescendi
331 2245 401 2282 per
432 2244 622 2269 sumniam
654 2231 826 2279 gloriam
859 2230 1103 2280 suppeditat.
1171 2230 1288 2269 Certe
1319 2232 1360 2269 id
1392 2232 1534 2270 firmis-

92 2300 235 2338 simum
266 2300 385 2348 longe
418 2300 631 2350 imperium
657 2303 726 2345 est,
758 2312 836 2348 quo
864 2298 1095 2337 obedientes
1111 2300 1298 2348 gaudent.
1358 2299 1438 2338 Sed
1453 2314 1534 2337 ma-
1556 2300 1606 2336 17

90 2372 224 2406 turato
257 2382 356 2418 opus
387 2373 458 2415 est,
490 2367 686 2418 quicquid
718 2370 894 2405 statuere
925 2368 1079 2418 placet3
1123 2373 1184 2406 tot
1228 2369 1398 2418 populos
1431 2369 1535 2406 inter

94 2450 203 2486 spem
235 2441 462 2487 metumque
494 2450 704 2486 suspensos
736 2436 861 2474 animi
892 2436 1072 2483 habetis3
1118 2442 1158 2475 et
1187 2441 1359 2475 vestram
1403 2437 1536 2486 itaque

94 2505 142 2543 de
174 2506 232 2543 eis
263 2518 399 2543 curam
430 2519 550 2555 quam
581 2505 757 2555 primum
789 2505 956 2552 absolvi,
988 2509 1027 2543 et
1058 2505 1220 2543 illorum
1244 2505 1411 2550 animos,
1442 2505 1536 2541 dum

94 2574 391 2623 exspectatione
423 2576 594 2623 stupent,
640 2586 707 2610 seu
752 2586 869 2622 poena
913 2587 981 2611 seu
1027 2573 1222 2612 beneficio
1262 2573 1536 2623 praeoccupari

95 2645 264 2690 oportet.
331 2642 520 2680 Nostrum
567 2642 645 2679 fuit
676 2641 843 2688 efficere,
888 2646 933 2679 ut
964 2643 1142 2679 omnium
1174 2655 1305 2678 rerum
1335 2640 1452 2678 vobis
1484 2640 1534 2678 ad
1557 2641 1607 2678 18
