1821 2928
595 221 686 247 Liber
705 222 758 247 lx.
796 222 843 250 (Α.
864 222 916 248 cn.
936 224 1006 252 319.)
1383 214 1457 250 161

78 334 134 372 ita
174 334 361 384 deinceps
403 335 535 382 Fabii,
576 336 772 384 Quinctii,
813 337 1005 384 Cornelii,
1047 337 1103 374 ita
1134 337 1282 375 Furius
1314 337 1518 385 Camillus,

77 416 194 452 quem
211 403 373 441 iuvenes
391 404 432 450 ii,
449 404 594 454 quibus
612 418 699 442 cum
716 405 954 442 Alexandro
972 405 1247 442 dimicandum
1265 410 1361 453 erat,
1386 420 1517 444 senem

75 471 272 509 viderant.
332 472 533 510 Militaria
564 487 685 523 opera
716 472 933 523 pugnando
966 473 1132 511 obeunti
1150 473 1385 512 Alexandro
1410 475 1519 523 (nam
1539 474 1587 511 12

76 553 122 577 ea
154 553 313 590 quoque
345 539 452 577 haud
485 541 616 579 minus
651 542 800 578 elan-uni
819 556 907 579 eum
932 542 1105 592 faciunt)
1132 542 1310 580 cessisset
1328 542 1518 581 videlicet

76 608 119 644 in
153 608 238 645 acie
271 607 431 647 oblatus
463 622 536 659 par
567 610 745 647 Manlius
777 609 1006 659 Torquatus
1037 613 1105 646 aut
1137 609 1324 647 Valerius
1356 610 1520 657 Corvus,

78 675 254 725 insignes
293 679 384 714 ante
423 676 573 715 milites
616 692 733 727 quam
777 678 907 725 duces,
949 678 1159 715 cessissent
1190 677 1323 724 Decii,
1363 679 1517 717 devotis
1539 679 1588 716 13

75 744 311 794 corporibus
353 745 393 782 in
423 745 577 783 hostem
615 751 786 793 ruentes,
825 746 1008 784 cessisset
1037 746 1228 796 Papirius
1261 746 1408 784 Cursor
1446 747 1518 784 illo

76 813 256 863 corporis
287 812 443 860 robore,
476 813 544 851 illo
562 814 705 860 ani1ui3
736 815 866 851 victus
891 818 992 852 esset
1015 814 1195 852 consiliis
1217 815 1369 851 iuvenis
1386 815 1515 859 unius,
1536 815 1588 851 14

78 895 126 919 ne
157 881 337 930 singulos
368 881 580 929 nominem,
611 887 770 920 senatus
802 882 882 928 ille,
910 895 1027 931 quein
1052 882 1121 932 qui
1153 895 1200 919 ex
1229 882 1394 931 regibus
1427 896 1517 920 con-

75 953 179 987 stare
211 949 327 996 dixit,
365 961 466 986 unus
506 963 641 988 veram
673 951 845 1000 speciem
877 950 1050 988 Romani
1082 954 1242 988 senatus
1274 951 1391 1000 cepit.
1465 950 1516 988 ld
1536 950 1590 988 15

76 1030 170 1055 vero
203 1020 287 1055 erat
318 1017 555 1067 periculum,
588 1032 636 1056 ne
667 1019 869 1057 sollertius
895 1032 1013 1069 quam
1040 1019 1214 1068 quilibet
1238 1032 1341 1056 unus
1367 1032 1415 1056 ex
1442 1019 1517 1065 his,

76 1099 176 1136 quos
215 1085 433 1132 nominavi,
471 1087 614 1124 castris
654 1088 785 1125 locum
818 1091 989 1137 caperet,
1030 1091 1270 1125 commeatus
1301 1087 1518 1137 expediret,

75 1155 126 1192 ab
158 1153 319 1191 insidiis
350 1158 605 1204 praecaveret,
636 1159 793 1205 tempus
825 1169 969 1206 pugnae
994 1155 1201 1204 deligeret,
1224 1155 1349 1193 aciem
1372 1156 1519 1193 instru-

75 1226 169 1270 eret,
201 1222 395 1260 subsidiis
426 1222 613 1261 firmaret.
687 1223 778 1261 Non
820 1238 906 1261 cum
940 1224 1076 1261 Dareo
1108 1237 1191 1261 rem
1222 1237 1305 1261 esse
1337 1223 1515 1271 dixisset,
1537 1223 1585 1261 16

73 1305 190 1341 quem
221 1291 430 1328 mulierum
465 1305 510 1329 ac
542 1292 763 1341 spadonum
795 1306 937 1341 agmen
967 1293 1205 1339 trahentem,
1236 1292 1340 1329 inter
1366 1305 1515 1342 purpu-

37 1359 41 1362 ’
75 1373 159 1397 ram
192 1363 311 1409 atque
343 1373 495 1407 aurum,
527 1364 734 1398 oneratum
758 1361 931 1398 sortunae
949 1360 1212 1410 apparatibus
1229 1373 1320 1407 suae,
1337 1361 1514 1410 praedam

72 1428 205 1465 verius
237 1441 357 1478 quam
389 1428 553 1475 hostem,
583 1428 690 1465 nibil
721 1429 835 1467 aliud
867 1442 985 1478 quam
1015 1429 1116 1466 bene
1149 1441 1268 1466 ausus
1297 1443 1401 1466 vana
1428 1441 1517 1466 con-

71 1500 260 1543 temnere,
292 1495 523 1533 incruent-us
550 1496 709 1534 devicit.
769 1496 907 1546 Longe
933 1496 1035 1534 alius
1059 1496 1192 1534 Italiae
1225 1510 1344 1546 quam
1374 1497 1516 1545 Indiae,
1537 1497 1586 1533 17

75 1577 146 1613 per
187 1577 305 1613 quam
342 1564 562 1601 temulento
600 1565 760 1613 agmine
813 1564 1142 1602 comissabundus
1188 1565 1363 1611 incessit,
1407 1565 1516 1603 visus

75 1631 139 1668 illi
171 1631 334 1669 habitus
366 1635 478 1679 esset,
510 1632 635 1670 saltus
665 1632 832 1683 Apuliae
864 1646 909 1670 ac
939 1636 1093 1670 montes
1124 1633 1309 1671 Lucanos
1341 1633 1517 1670 cernenti

75 1703 115 1737 et
144 1700 314 1749 vestigia
339 1700 516 1738 recentia
541 1700 767 1739 domesticae
791 1701 932 1748 cladis,
956 1701 1027 1739 ubi
1043 1702 1262 1739 avunculus
1279 1701 1363 1739 eius
1379 1715 1517 1752 nuper,

71 1767 190 1818 Epiri
221 1782 292 1806 rex
323 1768 571 1817 Alexander,
602 1770 838 1820 absumptus
869 1774 965 1807 erat.
1010 1769 1064 1808 Et
1086 1770 1290 1820 loquimur
1316 1770 1365 1807 de
1389 1769 1512 1807 Alex·
1596 1766 1651 1811 18

73 1837 198 1875 andro
230 1837 407 1875 nondum
439 1851 566 1875 merso
598 1838 782 1876 secundis
813 1838 944 1884 rebus,
969 1851 1138 1888 quarum
1161 1851 1275 1875 nemo
1299 1839 1516 1875 intoleran-

71 1905 152 1942 tior
193 1905 280 1942 fuit.
355 1905 435 1952 Qui
474 1905 508 1942 si
551 1919 597 1943 ex
634 1906 776 1944 babitu
818 1919 930 1944 novae
968 1906 1137 1944 fortunae
1169 1906 1352 1956 novique,
1382 1909 1427 1942 ut
1458 1905 1556 1942 ita2

74 1973 215 2020 dicam,
258 1972 424 2021 ingenii,
465 1974 573 2023 qnod
612 1973 691 2011 sibi
734 1974 863 2011 victor
902 1974 1098 2021 induerat,
1139 1978 1349 2023 spectetur,
1379 1973 1558 2012 Dareoss

75 2041 203 2090 magis
242 2040 386 2077 similis
425 2054 543 2090 quam
582 2041 818 2079 Alexandro
858 2042 899 2079 in
930 2042 1092 2079 ltaliam
1123 2041 1308 2089 venisset,
1339 2046 1377 2079 et
1409 2055 1517 2080 exer-

76 2109 199 2147 citum
231 2108 480 2146 Macedonia>
514 2109 683 2147 oblitum
715 2109 1102 2159 degenerantemque
1133 2109 1211 2147 iam
1238 2109 1278 2147 in
1301 2109 1516 2148 Persarum

76 2191 204 2215 mores
251 2176 494 2214 adduxisset.
570 2177 736 2215 Referre
782 2178 822 2214 in
867 2182 980 2215 tanto
1019 2190 1111 2226 rege
1152 2177 1262 2227 piget
1301 2178 1557 2228 superbam4

75 2245 336 2283 mutationem
367 2245 490 2282 vestis
522 2249 561 2283 ct
592 2245 840 2283 desideratas
872 2245 981 2283 humi
1011 2245 1226 2283 iacentium
1251 2245 1514 2292 adulationes,

75 2313 194 2351 etiam
235 2314 354 2351 victis
386 2313 677 2351 Macedonibus
709 2327 861 2361 graves,
899 2313 1042 2351 nedum
1074 2313 1310 2360 victoribus,
1342 2317 1378 2350 et
1411 2314 1515 2351 foeda

74 2382 273 2432 supplicia
312 2386 348 2419 et
390 2382 493 2419 inter
524 2383 659 2419 vinum
691 2385 730 2417 etv
761 2381 898 2430 epulas
930 2382 1057 2419 caedes
1088 2381 1306 2419 amicorum
1339 2386 1377 2418 et
1406 2382 1516 2419 vani-

74 2452 198 2487 tatem
230 2449 491 2487 ementiendae
523 2450 672 2499 stirpis.
739 2448 860 2496 Quid,
891 2449 924 2487 si
955 2449 1039 2487 vini
1071 2463 1182 2487 amor
1214 2449 1255 2486 in
1288 2449 1371 2487 dies
1402 2449 1511 2487 fieret
1533 2449 1555 2485 5

74 2517 233 2555 acrior?
259 2516 370 2567 quid,
395 2517 427 2554 si
451 2521 543 2554 trux
570 2531 613 2554 ac
632 2516 875 2566 praeservida
892 2516 981 2554 ira?
1013 2519 1100 2565 (nec
1117 2517 1332 2567 quicquam
1350 2517 1515 2555 dubium

77 2585 182 2622 inter
208 2585 422 2635 scriptores
448 2587 593 2634 refero)
621 2585 782 2622 nullane
805 2585 888 2622 haec
905 2584 1050 2623 damna
1067 2585 1340 2634 imperatoriis
1356 2585 1516 2622 virtuti-

75 2653 150 2690 bus
181 2652 393 2692 ducimus?
433 2653 483 2690 Id
507 2666 600 2691 vcro
625 2653 845 2703 periculum
870 2656 966 2699 erat,
990 2652 1097 2702 quod
1122 2652 1314 2690 levissimi
1339 2667 1384 2690 ex
1403 2651 1512 2689 Grae-
1531 2655 1555 2689 6

143 2730 249 2756 Livius
269 2738 305 2756 ex
327 2738 387 2756 rec.
407 2731 562 2762 Madvigii.
600 2732 641 2756 11.
1246 2729 1284 2761 ll
