1821 2928
602 163 694 189 Liber
714 164 763 189 VI.
801 164 848 193 (A.
869 164 920 190 cn.
941 167 1011 193 381.)
1427 156 1481 192 27

96 282 136 316 et
163 281 254 328 post
284 278 326 315 in
355 278 450 327 fuga
481 278 585 325 caesi,
617 279 738 316 ceteri
770 279 812 316 in
843 280 997 326 castris,
1029 293 1117 329 quae
1143 284 1259 330 capta
1291 280 1430 318 eodem
1463 281 1535 318 im-

95 350 189 397 petu
219 350 328 393 sunt;
358 346 492 396 plures
522 351 655 384 tamen
687 348 794 398 capti
827 361 946 398 quam
978 349 1112 386 occisi.

210 414 294 453 Ubi
318 415 361 452 in
383 416 635 454 recensendis
660 416 831 466 captivis
855 430 977 466 quum
994 416 1212 454 Tusculani
1229 418 1386 468 aliquot
1402 419 1530 456 nosci·
1606 413 1664 461 25

93 487 286 532 tarentnr,
317 485 458 522 secreti
491 484 540 522 ab
559 485 651 523 aliis
679 485 730 523 ad
761 486 946 523 tribunos
971 485 1235 532 adducuntur,
1267 487 1538 536 percontanti—

95 553 248 602 busque
265 553 374 593 fassi,
392 553 555 604 publico
575 554 745 592 consilio
764 568 804 592 se
820 555 1026 592 militasse.
1053 554 1176 592 Cuius
1192 559 1275 591 tam
1291 555 1417 593 vicini
1435 555 1533 593 belli
1551 556 1574 591 2

96 626 202 660 metu
229 621 423 660 Camillus
454 628 584 660 motus
617 624 815 673 extemplo
851 637 890 661 se
907 624 1075 661 Romam
1111 623 1292 672 captivos
1327 623 1539 661 ducturum

95 691 164 737 ait,
205 704 254 728 ne
285 695 419 741 patres
460 691 592 740 ignari
633 692 725 734 sint,
766 692 1013 729 Tusculanos
1044 691 1094 729 ab
1127 692 1318 729 societate
1350 691 1538 729 descisse:

95 759 238 797 castris
261 760 534 810 exercituique
559 761 734 807 interim,
765 761 799 798 si
822 760 1021 807 videatur,
1037 761 1175 810 praesit
1193 760 1357 809 collega.
1403 760 1537 797 Docu-
1557 760 1580 797 3

95 832 228 866 mento
260 842 361 866 unus
393 829 479 866 dies
510 830 650 876 fuerat,
681 843 730 867 ne
762 843 832 867 sua
849 829 1017 867 consilia
1048 829 1282 867 melioribus
1314 830 1538 878 praeferret3

95 910 167 934 nec
190 901 325 935 tamen
349 901 418 935 aut
443 898 522 947 ipsi
547 901 617 935 aut
641 897 682 934 in
706 898 883 935 exercitu
900 898 1085 948 cuiquam
1103 899 1200 935 satis
1224 898 1384 948 placato
1403 898 1535 935 auimo

97 966 291 1003 Camillus
334 966 488 1004 laturus
531 967 688 1016 culpam
729 967 813 1004 eius
853 966 1080 1013 videbatur,
1127 980 1205 1016 qua
1245 966 1341 1004 data
1381 966 1424 1003 in
1455 970 1536 1004 tam

94 1035 346 1084 praecipitem
364 1048 497 1072 casum
523 1049 586 1073 res
616 1035 782 1085 publica
806 1039 923 1081 esset3
956 1039 995 1073 et
1018 1049 1139 1085 quum
1165 1035 1207 1072 in
1231 1035 1420 1081 exercitu,
1450 1039 1535 1072 tum
1555 1034 1578 1069 4

96 1103 234 1140 Romae
267 1107 451 1142 constans
483 1104 660 1141 omnium
702 1105 808 1141 fama
849 1108 945 1144 erat.
986 1117 1108 1154 quum
1147 1104 1260 1141 varia
1301 1104 1463 1141 fortuna
1496 1105 1537 1142 in

97 1171 257 1210 Volscis
289 1176 400 1221 gesta
431 1186 494 1210 res
526 1176 638 1219 esset,
669 1172 845 1210 adversae
877 1186 1021 1222 pugnae
1052 1174 1237 1222 fugaeque
1269 1172 1311 1209 in
1337 1173 1382 1210 L.
1408 1173 1536 1211 Furio

96 1240 265 1290 culpam,
298 1241 481 1278 secundae
513 1240 633 1278 decus
672 1254 787 1278 omne
818 1255 936 1291 penes
967 1242 1021 1278 M.
1054 1242 1224 1279 Furium
1256 1255 1350 1278 esse.
1403 1242 1535 1279 Intro·
1555 1239 1578 1276 5

38 1341 42 1344 .
96 1308 228 1347 ductis
259 1309 303 1346 in
333 1313 514 1347 senatum
545 1309 728 1358 captivis,
766 1323 888 1359 quum
920 1310 1026 1347 bello
1058 1309 1353 1360 persequendos
1385 1310 1535 1348 Tuscu-

95 1378 207 1415 lanos
247 1382 382 1428 patres
423 1379 670 1416 censuissent
702 1378 954 1427 Camilloque
997 1378 1037 1415 id
1080 1378 1229 1416 bellum
1270 1378 1536 1427 mandassent,

96 1447 323 1485 adiutorem
354 1448 435 1485 sibi
468 1447 519 1485 ad
552 1462 637 1485 eam
669 1460 751 1484 rem
783 1460 906 1484 unum
936 1447 1050 1497 petit,
1090 1447 1375 1497 permissoque,
1415 1452 1460 1484 ut
1491 1462 1537 1486 ex

95 1516 260 1565 collegis
292 1521 459 1566 optaret⁷
491 1530 606 1566 quem
632 1517 763 1560 vellet,
795 1521 934 1554 contra
965 1530 1074 1566 spem
1101 1516 1277 1553 omnium
1304 1516 1350 1553 L.
1367 1517 1537 1554 Furium

96 1585 261 1634 optavit,
293 1599 371 1635 qua
396 1585 672 1623 moderatione
688 1585 813 1622 animi
831 1599 952 1635 quum
971 1585 1133 1633 collegae
1150 1585 1301 1623 levavit
1318 1585 1536 1633 infamiam,
1555 1584 1577 1619 6

94 1657 178 1690 tum
211 1653 291 1691 sibi
323 1654 495 1702 gloriam
527 1655 731 1703 ingentem
763 1654 932 1703 peperit.
978 1654 1060 1691 Nec
1091 1653 1170 1690 fuit
1193 1667 1281 1691 cum
1298 1653 1540 1692 Tusculanis

94 1720 261 1767 bellum;
292 1735 389 1772 pace
420 1723 622 1760 constanti
653 1723 735 1760 vim
752 1723 975 1760 Romanam
1007 1726 1234 1769 arcuerunt,
1266 1737 1385 1772 quam
1417 1723 1539 1760 armis

95 1803 174 1827 non
203 1794 401 1840 poterant.
447 1791 703 1829 Intrantibus
734 1791 831 1829 fines
854 1790 1049 1829 Romanis
1079 1803 1159 1828 non
1191 1790 1459 1839 demigratum
1492 1804 1538 1828 ex
1558 1790 1580 1825 7

94 1859 338 1909 propinquis
356 1860 493 1898 itineri
511 1861 622 1906 locis,
648 1874 728 1898 non
747 1860 876 1898 cultus
894 1872 1081 1908 agrorum
1100 1859 1369 1905 intermissus;
1400 1863 1539 1908 paten-

96 1927 207 1964 tibus
238 1929 366 1977 portis
397 1928 512 1965 urbis
528 1929 657 1977 togati
676 1928 836 1966 obviam
860 1928 1088 1977 frequentes
1113 1926 1426 1977 imperatoribus
1450 1941 1539 1977 pro-

96 2010 263 2042 cessere3
295 2000 536 2034 commeatus
567 1997 761 2034 exercitui
785 1996 952 2034 comiter
983 1996 1025 2033 in
1058 1999 1188 2033 castra
1219 2009 1265 2033 ex
1295 1994 1395 2033 urbe
1427 1999 1465 2033 et
1495 2009 1542 2033 ex

95 2065 203 2114 agris
221 2065 441 2102 devehitur.
489 2064 694 2111 Camillus,
726 2065 867 2103 castris
885 2068 976 2102 ante
1001 2069 1138 2114 portas
1162 2064 1319 2115 positis,
1351 2063 1539 2102 eademne
1556 2064 1581 2100 8

95 2133 223 2170 forma
253 2134 376 2183 pacis.
423 2146 511 2183 quae
554 2134 596 2171 in
628 2134 737 2183 agris
769 2137 1048 2180 ostentaretur,
1094 2133 1214 2171 etiam
1256 2133 1364 2171 intra
1394 2133 1541 2171 moenia

95 2205 206 2248 esset,
237 2202 340 2239 scire
372 2203 546 2252 cupiens,
585 2202 786 2251 ingressus
818 2202 970 2249 urbem,
1002 2202 1072 2240 ubi
1105 2204 1288 2252 patentes
1328 2201 1469 2239 ianuas
1502 2201 1582 2238 et9

95 2269 277 2308 tabernis
309 2271 458 2320 apertis
490 2271 699 2321 proposita
731 2271 865 2308 omnia
897 2270 937 2308 in
968 2271 1100 2309 medio
1131 2270 1250 2318 vidit,
1282 2270 1538 2319 intentosque

98 2338 260 2388 opifices
292 2352 363 2377 suo
396 2353 592 2390 quemque
625 2339 749 2389 operi,
789 2343 827 2376 et
858 2339 974 2377 ludos
1012 2339 1239 2377 litterarum
1271 2342 1447 2388 strepere
1479 2337 1538 2374 di-

98 2408 292 2445 scentium
323 2407 500 2454 vocibus,
531 2420 576 2445 ac
607 2407 781 2457 repletas
813 2407 974 2446 semitas
1007 2408 1113 2446 inter
1142 2407 1287 2456 vulgus
1319 2405 1431 2444 aliud
1448 2419 1542 2456 pue-

97 2488 233 2514 rorum
265 2480 304 2514 et
343 2477 556 2515 mulierum
596 2477 671 2514 huc
712 2479 831 2525 atque
872 2476 970 2514 illuc
1002 2476 1193 2522 euntium,
1235 2489 1313 2525 qua
1346 2487 1542 2524 quemque

100 2556 261 2582 suorum
286 2559 427 2584 usuum
453 2558 580 2583 causae
613 2547 772 2589 ferrent,
804 2544 909 2581 nihil
931 2559 1098 2595 usquam
1122 2558 1200 2581 non
1228 2543 1386 2593 pavidis
1411 2543 1540 2586 modo,
1563 2544 1612 2581 10

99 2612 168 2649 sed
213 2627 261 2651 ne
307 2613 548 2651 mirantibus
595 2612 755 2662 quidem
802 2613 949 2657 simile,
996 2611 1346 2661 circumspiciebat
1394 2612 1539 2658 omnia,
