1821 2928
344 253 424 289 24'2
806 261 895 286 Liber
909 261 944 286 X.
982 261 1029 287 (A.
1050 270 1077 287 u.
1098 270 1123 287 c.
1143 264 1213 291 461.)

288 377 407 416 nium.
439 376 628 426 Papirius
660 376 710 413 ad
728 376 1005 425 Aquiloniam,
1036 376 1108 414 ubi
1125 390 1276 414 summa
1291 378 1348 414 rei
1365 376 1606 415 Samnitium
1624 383 1718 425 erat,

248 444 481 495 sspervenit.
541 444 606 481 Ibi
637 443 888 494 aliquamdiu
918 458 988 481 nee
1022 448 1214 482 cessatum
1256 444 1305 482 ab
1344 446 1465 483 armis
1504 449 1563 483 est
1591 460 1720 496 neque

286 513 442 551 naviter
473 516 713 562 pugnatum3
754 512 982 550 lacezsendo
1013 513 1186 562 quietos,
1224 513 1500 552 resistentibus
1531 514 1718 561 cedendo,

289 581 647 630 comminandoque
658 580 786 629 magis
798 594 915 630 quam
928 581 1136 618 inferendo
1146 595 1319 631 pugnam
1332 582 1417 619 dies
1429 582 1719 620 absumebatur.

289 650 564 698 Quodcunque
582 649 829 699 inciperetur
844 650 1207 699 remittereturque,
1234 650 1408 686 omnium
1425 664 1568 698 rerum,
1598 650 1719 688 etiam

251 718 272 752 7
290 731 511 768 parvarum,
543 720 705 755 eventus
722 718 996 767 perferebatur
1028 717 1120 754 inde
1152 717 1194 754 in
1225 718 1351 755 altera
1366 718 1548 756 Romana
1579 721 1719 763 castra,

288 799 374 836 quae
405 785 551 833 viginti
577 786 752 823 millium
769 786 898 835 spatio
917 786 1095 833 aberant,
1126 790 1164 823 et
1181 785 1357 822 absentis
1375 786 1536 835 collegae
1555 785 1721 824 consilia

289 854 474 891 omnibus
506 854 692 903 gerendis
710 854 930 891 intererant
945 854 1080 901 rebus;
1112 853 1383 903 intentiorque
1401 853 1612 901 Carvilius,
1643 867 1720 903 quo

289 923 438 960 maiore
469 921 700 959 discrimine
739 935 801 959 res
841 922 1090 969 vertebatur,
1137 923 1177 959 in
1209 922 1475 971 Aquiloniam
1513 935 1631 971 quam
1670 922 1720 960 ad

249 990 274 1026 8
292 990 527 1036 Cominium,
560 990 667 1039 quod
691 989 915 1035 obsidebat,
949 995 1043 1028 erat.
1105 991 1150 1028 L.
1168 990 1369 1039 Papirius,
1401 990 1480 1027 iam
1503 1003 1575 1039 per
1591 990 1722 1027 omnia

290 1059 340 1096 ad
373 1059 645 1096 dimicandum
677 1059 772 1095 satis
803 1061 988 1108 paratus,
1034 1059 1217 1096 nuntium
1264 1059 1313 1095 ad
1354 1059 1550 1107 collegam
1587 1057 1723 1103 mittit,

290 1128 368 1164 sibi
399 1127 440 1163 in
472 1127 604 1164 animo
637 1140 719 1163 esse
750 1131 908 1175 postero
941 1126 1018 1172 dle,
1050 1126 1083 1163 si
1116 1140 1187 1176 per
1218 1127 1398 1176 auspicia
1436 1126 1591 1173 liceret,
1632 1139 1722 1162 con-

251 1194 430 1244 9fligere
463 1209 549 1231 cum
579 1195 712 1241 hoste,
759 1209 857 1244 opus
903 1208 985 1231 esse
1031 1198 1070 1231 et
1108 1194 1242 1241 illum,
1289 1197 1438 1244 quanta
1475 1194 1647 1231 maxima
1683 1193 1722 1229 vi

291 1267 437 1314 posset,
469 1262 691 1300 Cominium
709 1276 954 1312 oppugnare,
984 1276 1032 1299 ne
1057 1263 1155 1312 quid
1172 1263 1388 1300 laxamenti
1405 1262 1458 1299 sit
1474 1260 1724 1299 Samnitibus

226 1331 277 1367 10
294 1332 342 1368 ad
375 1331 556 1368 subsidia
588 1332 852 1381 Aquiloniam
884 1332 1088 1368 mittenda.
1149 1331 1269 1368 Diem
1308 1330 1358 1367 ad
1395 1329 1723 1379 proficiscendum

292 1400 457 1437 nuntius
502 1400 659 1445 habuit3
705 1403 820 1437 nocte
852 1399 991 1446 rediit,
1032 1400 1255 1449 approbare
1301 1398 1499 1447 collegam
1544 1397 1723 1435 consulta

228 1468 276 1503 11
295 1469 480 1505 referens.
540 1467 742 1518 Papirius,
772 1468 913 1505 nuntio
944 1468 1076 1513 misso,
1109 1467 1305 1516 extemplo
1324 1466 1550 1503 contionem
1566 1465 1726 1510 habuit;

294 1536 417 1573 multa
451 1537 499 1573 cle
529 1536 715 1573 universo
748 1549 892 1585 genere
924 1536 1033 1582 belli,
1078 1535 1203 1572 multa
1236 1535 1284 1572 de
1324 1534 1513 1584 praesenti
1550 1533 1724 1570 hostium

295 1609 499 1654 apparatu,
530 1618 631 1641 vana
664 1604 790 1652 magis
822 1604 952 1654 specie
984 1617 1101 1653 quam
1134 1603 1285 1640 efficaci
1318 1603 1365 1640 ad
1401 1606 1606 1648 eventum,
1647 1601 1726 1654 di?

230 1671 278 1707 12
297 1673 439 1709 eei-uit:
486 1685 563 1709 non
597 1673 698 1708 enim
733 1673 873 1709 cristas
904 1672 1071 1708 vulnera
1101 1672 1249 1710 facere:
1291 1675 1329 1707 et
1366 1684 1436 1720 per
1467 1669 1578 1720 picta
1609 1673 1728 1718 atque

297 1745 435 1778 aurata
467 1744 577 1777 scuta
607 1739 779 1776 transire
810 1739 1033 1776 Romanum
1064 1739 1211 1787 pilum3
1245 1742 1283 1774 et
1308 1737 1480 1775 candore
1501 1737 1729 1774 tunicarum

231 1806 281 1844 13
299 1809 517 1857 fulgentem
549 1808 686 1853 aciem,
731 1807 802 1844 ubi
833 1820 894 1843 res
925 1806 1031 1842 ferro
1064 1810 1236 1854 geratur,
1281 1805 1490 1842 cruentari.
1551 1804 1727 1841 Auream

298 1877 393 1913 olim
426 1880 545 1925 atque
577 1879 805 1923 argenteam
837 1873 1079 1911 Samnitium
1111 1874 1234 1911 aciem
1276 1886 1298 1909 a
1328 1875 1493 1922 parente
1524 1885 1594 1909 suo
1626 1871 1728 1908 occi-

299 1945 418 1981 dione
465 1944 646 1981 occisam.
694 1943 901 1992 spoliaque
942 1956 982 1978 ea
1026 1941 1255 1978 honestiora
1291 1940 1436 1976 victori
1473 1939 1580 1977 hosti
1613 1951 1730 1989 quam

232 2011 400 2061 l4ipsis
432 2025 540 2048 arma
570 2012 704 2048 fuisse.
765 2011 917 2048 Datum
947 2010 1022 2047 hoc
1053 2009 1186 2046 forsan
1211 2008 1364 2045 nomini
1380 2007 1623 2057 familiaeque
1639 2019 1731 2052 suae,

299 2083 343 2116 ut
374 2079 563 2116 adversus
594 2079 784 2116 maximos
817 2082 980 2115 conatus
1013 2076 1253 2114 Samnitium
1285 2078 1582 2126 opponerentur
1614 2074 1732 2111 duces

300 2147 508 2197 spoliaque
542 2161 586 2184 ea
616 2147 820 2193 referrent,
853 2159 938 2195 quae
957 2145 1133 2194 insignia
1153 2143 1329 2194 publicis
1347 2143 1467 2180 etiam
1494 2142 1594 2179 locis
1620 2141 1732 2178 deco-

236 2214 286 2251 15
303 2215 439 2252 randis
471 2220 612 2252 essent.
671 2215 780 2252 Deos
822 2214 1064 2251 immortales
1096 2212 1232 2250 adesse
1262 2216 1425 2261 propter
1455 2211 1576 2248 toties
1607 2209 1733 2259 petita

302 2283 462 2329 foedera,
507 2283 628 2320 toties
659 2286 795 2332 rupta3
840 2286 935 2328 tum,
981 2282 1013 2318 si
1046 2295 1123 2330 qua
1157 2280 1384 2317 coniectura
1414 2278 1557 2316 mentis
1589 2277 1734 2314 divinae

239 2351 287 2387 16
306 2352 367 2397 sit,
398 2352 501 2388 nulli
528 2364 701 2401 unquam
727 2351 916 2387 exercitui
936 2350 1058 2387 fuisse
1076 2348 1313 2393 infestiores,
1344 2360 1461 2396 quam
1479 2345 1549 2395 qui
1564 2344 1735 2382 nefando

305 2433 415 2457 sacro
448 2420 570 2457 mixta
601 2419 805 2455 hominum
844 2418 1118 2468 pecudumque
1157 2416 1262 2453 eaede
1303 2428 1528 2464 respersus,
1567 2412 1736 2462 ancipiti

241 2487 289 2522 17
307 2487 424 2523 deum
456 2488 525 2524 irae
557 2486 732 2531 devotus,
764 2486 856 2521 hinc
888 2486 1081 2522 foederum
1108 2498 1193 2521 cum
1211 2483 1403 2520 Romanis
1427 2482 1595 2519 ictorum
1617 2483 1736 2517 testes

307 2555 413 2598 deos,
444 2555 536 2591 hinc
570 2554 668 2591 iuris
693 2553 853 2590 iurandi
881 2553 1067 2590 adversus
1091 2552 1238 2590 foedera
1259 2550 1431 2599 suscepti
1447 2547 1737 2586 exsecrationes

307 2623 490 2660 horrens.
523 2623 673 2659 invitus
706 2622 916 2658 iuraverit.
950 2621 1080 2657 oderit
1112 2623 1418 2663 sacramentum,
1451 2630 1528 2653 uno
1559 2619 1738 2664 tempore

173 2685 230 2732 40
313 2689 418 2728 deos.
451 2691 569 2731 cives,
600 2691 732 2727 hostes
762 2692 923 2725 metuat.
969 2689 1066 2724 Haec
1085 2691 1285 2736 comperta
1301 2685 1557 2735 perfugarum
1576 2683 1739 2720 indiciis
