1821 2928
278 137 359 174 266
668 132 784 168 Liber
809 133 855 168 V.
907 135 966 178 (A.
992 145 1026 168 u.
1051 145 1081 168 c.
1106 136 1315 181 352-353.)

279 260 385 311 quod
418 264 549 298 censet
581 264 754 306 senatus,
800 264 889 308 aut,
920 262 954 299 si
985 262 1231 312 pertinacius
1260 262 1438 309 tendent,
1469 263 1701 302 dictatorem

236 332 476 382 'Textemplo
515 332 654 379 dic-am,
700 332 770 382 qui
816 331 883 371 eos
928 334 1039 371 abire
1085 335 1320 383 magistratu
1358 337 1511 384 cogat.“
1574 335 1708 382 Quum

276 405 451 441 omnium
469 417 629 442 assensu
647 405 903 455 comprobata
934 406 1060 442 oratio
1087 408 1198 452 esset,
1229 405 1531 456 gauderent-que
1557 409 1705 456 patres,

274 476 358 513 sine
389 476 614 514 tribuniciae
647 476 857 526 potestatis
887 477 1090 514 terriculis
1123 476 1327 515 inventam
1359 491 1442 515 esse
1473 479 1594 516 aliam
1624 478 1707 516 vim

233 548 467 587 Smaiorem
499 548 549 585 ad
580 547 816 586 coercendos
847 549 1118 597 magistratus,
1158 549 1258 586 victi
1300 563 1493 587 consensu
1531 550 1706 588 omnium

275 620 437 657 comitia
467 619 720 657 tribunorum
753 620 924 657 militum
949 620 1133 667 habuere,
1165 621 1235 670 qui
1266 621 1443 659 calendis
1462 620 1706 660 Octobribus

272 691 552 740 magistratum
584 692 822 742 occiperent,
854 705 975 741 seque
1007 696 1097 730 ante
1129 706 1216 730 eam
1248 693 1352 731 diem
1379 694 1616 742 magistratu
1639 694 1708 731 ab·

274 763 466 801 dicavere.

140 833 191 881 10
386 834 432 873 L.
450 835 615 874 Valerio
633 835 771 873 Potito
804 839 1001 885 quartum,
1032 835 1087 873 M.
1115 836 1239 873 Furio
1259 836 1430 874 Camillo
1458 837 1613 884 iterum,
1638 837 1708 875 M’.

61 906 254 973 ῒῑέξ-Ξὲῗ·
274 907 440 945 AEmilio
473 908 718 945 Mamercino
749 909 922 954 tertium,
969 907 1039 945 Cn.
1078 907 1265 946 Cornelio
1306 908 1426 946 Cosso
1465 909 1622 955 iterum,
1653 908 1707 946 K.

274 980 400 1017 Fabio
417 980 630 1026 Ambusto,
661 979 706 1017 L.
722 980 828 1017 Iulio
846 980 936 1017 Iulo
967 980 1142 1018 tribunis
1174 981 1346 1018 militum
1377 981 1578 1018 consulari
1594 983 1707 1030 pote-
1754 978 1757 979 ⁷

231 1054 254 1090 2
273 1056 373 1090 state
405 1053 529 1089 multa
561 1052 668 1090 domi
699 1052 932 1101 militiaeque
964 1056 1095 1101 gesta3
1125 1065 1216 1089 nam
1244 1056 1282 1089 et
1312 1052 1463 1089 bellum
1494 1052 1708 1102 multiplex

270 1125 347 1161 fuit
380 1125 518 1161 eodem
549 1128 738 1174 tempore,
769 1124 819 1161 ad
851 1123 972 1161 Veios
1005 1128 1043 1161 et
1074 1124 1124 1161 ad
1155 1123 1355 1174 Capenam
1386 1127 1428 1162 et
1457 1125 1507 1162 ad
1526 1124 1708 1162 Falerios

233 1199 256 1235 3
275 1201 313 1233 et
343 1197 383 1233 in
416 1195 584 1243 Volscis,
615 1199 660 1232 ut
690 1196 838 1233 Anxur
868 1195 917 1232 ab
948 1195 1130 1233 hostibus
1161 1200 1476 1246 recuperaretur,
1507 1196 1708 1234 et'Romae

271 1269 391 1305 simul
423 1268 585 1313 dilectu,
618 1268 737 1305 simul
767 1268 921 1304 tributo
953 1268 1192 1305 conferendo
1232 1268 1457 1305 laboratum
1488 1272 1558 1314 est,
1590 1272 1630 1306 et
1659 1268 1709 1306 de

269 1340 443 1377 tribunis
461 1339 572 1390 plebi
592 1339 827 1389 cooptandis
846 1340 1046 1377 contentio
1064 1339 1154 1385 fuit,
1188 1343 1227 1376 et·
1248 1339 1356 1377 haud
1371 1353 1540 1390 parvum
1556 1342 1707 1377 motum

270 1411 348 1449 duo
379 1411 529 1449 iudicia
561 1425 707 1458 eorum,
739 1412 809 1461 qui
839 1412 959 1462 paulo
985 1415 1076 1449 ante
1103 1412 1302 1449 consulari
1318 1415 1514 1461 potestate
1537 1412 1708 1459 fuerant,

272 1485 464 1522 excivere.

230 1558 256 1595 4
387 1555 575 1593 Omnium
606 1557 778 1605 primum
808 1556 983 1593 tribunis
1014 1557 1186 1594 militum
1212 1556 1301 1603 fuit,
1325 1555 1516 1593 dilectum
1545 1555 1703 1601 haberi;

271 1641 343 1665 nec
374 1628 548 1665 iuniores
565 1628 682 1666 modo
701 1628 929 1677 conscripti,
960 1627 1031 1665 sed
1057 1629 1234 1666 seniores
1259 1628 1378 1665 etiam
1401 1627 1530 1664 coacti
1545 1626 1706 1664 nomina

230 1701 254 1739 5
273 1699 380 1745 dare,
410 1704 453 1736 ut
485 1699 600 1737 urbis
632 1699 855 1737 custodiam
886 1703 1060 1748 agerent.
1108 1700 1311 1747 Quantum
1335 1703 1467 1737 autem
1484 1700 1706 1748 augebatur

270 1770 447 1808 militum
479 1785 676 1818 numerus,
721 1774 834 1808 tanto
879 1772 1029 1809 maiore
1059 1772 1229 1822 pecunia
1260 1771 1300 1808 iu
1331 1770 1572 1821 stipendium
1603 1784 1704 1821 opus

271 1846 367 1889 erat,
399 1856 522 1893 eaque
538 1843 692 1880 tributo
711 1843 1003 1890 conficiebatur,
1028 1844 1166 1881 invitis
1183 1843 1490 1889 conferentibus,
1507 1842 1577 1893 qui
1594 1842 1703 1880 domi

269 1915 542 1960 remanebant,
574 1915 667 1965 quia
697 1915 902 1952 tuentibus
919 1915 1059 1953 urbem
1078 1929 1197 1966 opera
1215 1928 1373 1965 quoque
1396 1914 1566 1952 militari
1590 1914 1699 1953 labo-

229 1991 253 2027 6
272 1986 438 2023 randum
471 1986 807 2037 serviendumque
837 1987 897 2024 rei
926 1988 1101 2037 publicae
1133 1991 1229 2025 erat.
1274 1987 1386 2037 Haec,
1403 2000 1477 2036 per
1493 2000 1534 2024 se
1549 1986 1701 2036 gravia,

268 2058 497 2107 indigniora
528 2063 571 2096 ut
601 2058 846 2106 viderentur,
877 2060 1032 2097 tribuni
1058 2059 1189 2109 plebis
1215 2059 1414 2098 seditiosis
1446 2059 1702 2096 contionibus

267 2130 481 2176 faciebant,
500 2130 590 2169 ideo
616 2144 695 2168 aera
717 2131 915 2169 militibus
942 2132 1158 2169 constituta
1176 2145 1260 2169 esse
1280 2130 1494 2180 arguendo,
1509 2133 1555 2167 ut
1569 2130 1702 2180 plebis

229 2204 251 2241 7
270 2205 424 2252 partem
445 2203 602 2250 militia,
619 2206 774 2252 partem
790 2203 943 2240 tributo
962 2203 1210 2241 conficerent.
1236 2203 1372 2241 Unum
1387 2202 1537 2240 bellum
1554 2214 1702 2239 annum

266 2275 344 2312 iam
374 2275 538 2312 tertium
568 2274 676 2312 trahi
707 2278 745 2312 et
776 2275 960 2312 consulto
998 2275 1099 2312 male
1131 2275 1228 2323 geri,
1272 2278 1317 2311 ut
1362 2274 1514 2312 diutius
1543 2276 1696 2323 gerant.

265 2346 316 2384 In
347 2350 539 2396 quattuor
569 2346 712 2384 deinde
743 2346 850 2384 bella
881 2360 958 2384 uno
998 2347 1152 2384 dilectu
1183 2346 1381 2384 exercitus
1428 2338 1611 2396 scriptos,
1657 2349 1697 2383 et

225 2419 251 2456 8
267 2431 412 2468 pueros
444 2431 602 2468 quoque
647 2432 691 2456 ac
737 2432 848 2456 senes
893 2422 1101 2456 extractos.
1174 2419 1261 2456 Iam
1305 2432 1385 2456 non
1430 2417 1582 2455 aestatis
1626 2429 1698 2454 nec

265 2491 409 2528 hiemis
426 2490 641 2528 discrimen
667 2503 762 2535 esse,
795 2503 843 2527 ne
866 2490 950 2527 ulla
968 2491 1080 2540 quies
1104 2503 1281 2540 unquam
1305 2489 1462 2527 miserae
1486 2488 1597 2538 plebi
1622 2488 1692 2535 sit;

226 2563 249 2599 9
269 2575 356 2612 quae
387 2576 492 2600 nunc
523 2563 643 2600 etiam
672 2561 882 2610 vectigalis
914 2561 964 2598 ad
994 2562 1181 2599 ultimum
1225 2562 1331 2598 facta
1375 2561 1437 2607 sit,
1474 2564 1530 2607 ut,
1575 2572 1698 2609 quum

264 2634 446 2671 confecta
462 2634 611 2680 labore,
641 2632 888 2682 vulneribus,
920 2636 1118 2682 postremo
1144 2636 1261 2670 aetate
1284 2645 1452 2682 corpora
1467 2631 1699 2669 rettulerint

265 2705 496 2756 incultaque
512 2700 645 2744 omnia
662 2705 819 2743 diutino
837 2703 1087 2741 dominorum
1105 2704 1303 2741 desiderio
1328 2703 1435 2741 domi
1459 2702 1699 2750 invenerint,

1803 1125 1821 1271 l
