1821 2928
408 259 490 295 210
794 266 884 292 Liber
901 267 938 291 x.
976 266 1024 296 (A.
1043 274 1072 292 u.
1091 275 1116 292 c.
1135 268 1293 297 466-457.)

319 382 516 419 'Ideserta
558 382 731 431 fuerant)
770 381 935 431 potitur.
1010 380 1111 418 Inde
1156 381 1197 417 in
1237 379 1439 418 Faliscum
1485 394 1624 431 agrum
1664 381 1792 432 copiis

349 450 538 495 reductis,
571 463 690 499 quum
715 449 996 499 impedimenta
1013 449 1187 486 Faleriis
1207 461 1294 485 cum
1317 448 1472 487 modico
1488 450 1677 499 praesidio
1693 450 1785 488 reli-

349 518 514 567 quisset,
547 517 731 567 expedito
763 517 922 566 agmine
948 517 998 554 ad
1026 516 1326 566 depopulandos
1356 517 1529 555 hostium
1551 517 1649 556 fines
1681 518 1784 558 ince-

311 586 425 623 Sdit.
502 584 646 623 Omnia
676 586 780 622 ferro
814 585 978 635 ignique
1015 589 1238 631 vastantur;
1284 585 1430 635 praedae
1469 586 1646 636 undique
1675 590 1787 624 actae.

349 653 432 692 Nec
464 654 589 691 solum
621 654 737 691 modo
768 658 924 691 vastum
953 653 1061 690 hosti
1092 653 1295 700 relictum,
1340 653 1409 691 sed
1455 654 1632 692 castellis
1664 655 1784 692 etiam

349 723 531 772 vicisque
563 721 700 759 illatus
733 722 860 771 ignis3
905 721 1073 758 urbibus
1105 721 1383 771 oppugnandis
1414 725 1698 772 temperatum,
1741 722 1785 760 in

310 790 332 825 9
351 804 448 840 quas
478 790 599 827 timor
630 789 821 827 Etruscos
853 789 1107 838 compulerat.
1142 813 1190 817 —
1226 789 1295 826 Cn.
1313 790 1452 827 Fulvii
1479 790 1651 828 consulis
1675 780 1786 828 clara

348 871 484 908 pugna
514 858 555 894 in
573 857 735 895 Samnio
767 857 818 895 ad
849 857 1073 894 Bovianum
1103 857 1415 908 haudquaquam
1439 858 1635 908 ambiguae
1657 858 1784 896 victo-

348 927 417 964 riae
449 926 536 963 fuit.
596 925 820 963 Bovianum
851 926 944 963 inde
975 939 1188 975 aggressus
1218 939 1290 963 nec
1322 927 1380 992 ita
1410 927 1536 964 multo
1565 929 1657 977 post
1671 924 1785 964 Aufi-

218 990 275 1037 13
351 995 492 1032 denam
523 994 565 1031 vi
598 995 712 1043 cepit.
789 993 942 1031 Eodem
973 1007 1076 1031 anno
1116 993 1325 1032 Carseolos
1366 994 1524 1033 colonia
1561 994 1602 1032 in
1642 1007 1785 1045 agrum

347 1062 654 1112 AEquiculorum
687 1061 866 1099 deducta.
927 1061 1097 1099 Fulvius
1129 1063 1267 1100 consul
1299 1063 1347 1100 de
1366 1062 1614 1101 Samnitibus
1643 1062 1785 1100 trium-

348 1131 500 1181 phavit.

306 1197 330 1234 2
465 1199 596 1246 Quum
627 1197 790 1235 comitia
815 1197 1040 1235 consularia
1058 1197 1263 1244 instarent,
1295 1198 1399 1236 sama
1416 1201 1563 1246 exorta,
1593 1197 1786 1236 Etruscos

309 1266 332 1302 3
350 1266 628 1315 Samnitesque
646 1266 829 1315 ingentes
848 1266 1098 1303 conscribere
1116 1266 1330 1303 exercitus:
1347 1266 1478 1315 palam
1494 1266 1677 1304 omnibus
1693 1279 1785 1304 con-

348 1336 453 1373 ciliis
484 1334 622 1372 vexari
646 1334 851 1383 principes
868 1333 1140 1380 Etruscorum,
1172 1334 1278 1383 quod
1294 1347 1373 1371 non
1391 1332 1532 1372 Gallos
1549 1347 1784 1384 quacunque

349 1403 580 1441 condicione
592 1402 792 1439 traxerint
804 1402 853 1438 ad
866 1402 1013 1439 bellum
1026 1417 1032 1449 ς
1050 1402 1250 1451 increpari
1263 1402 1521 1452 magistratus
1532 1401 1785 1450 Samnitium,

347 1471 453 1521 quod
485 1472 700 1508 exercitum
733 1470 920 1507 adversus
952 1470 1157 1508 Lucanum
1188 1470 1340 1507 hostem
1373 1472 1644 1520 comparatum
1674 1469 1784 1507 obie-

307 1537 477 1576 4cerint
507 1539 720 1583 Romanis,
759 1538 893 1588 itaque
925 1538 1007 1574 suis
1039 1538 1318 1587 sociorumque
1357 1537 1513 1575 viribus
1543 1550 1783 1588 consurgere

346 1607 479 1643 hostes
511 1607 561 1643 ad
593 1605 756 1652 bellum,
788 1609 827 1642 et
857 1606 1168 1656 haudquaquam
1199 1606 1346 1656 impari
1379 1605 1676 1656 defungendum
1699 1618 1783 1644 esse

306 1672 328 1709 5
348 1674 575 1711 certamine.
622 1674 703 1710 Hic
721 1678 862 1720 terror,
895 1687 1015 1723 quum
1041 1674 1218 1711 illustres
1234 1674 1311 1711 viri
1329 1674 1576 1712 consulatum
1591 1676 1784 1724 peterent,

348 1756 480 1779 omnes
509 1742 548 1778 in
575 1741 622 1788 Q.
648 1741 820 1777 Fabium
847 1741 1068 1778 'Maximum
1103 1742 1233 1791 primo
1260 1755 1338 1778 non
1365 1744 1584 1791 petentem,
1626 1741 1784 1788 deinde,

307 1810 328 1845 6
347 1815 391 1847 ut
423 1810 615 1847 inclinata
646 1808 780 1845 studia
796 1809 913 1855 vidit,
946 1809 1065 1845 etiam
1096 1812 1341 1846 recusantem
1367 1809 1584 1846 convertit:
1616 1808 1727 1856 Quid
1742 1821 1783 1846 se

345 1879 423 1915 iam
455 1891 586 1914 senem
619 1890 663 1913 ac
695 1878 945 1925 perfunctum
972 1877 1178 1914 laboribus
1203 1877 1463 1926 laborumque
1479 1876 1654 1926 praemiis
1671 1876 1782 1914 solli-

346 1944 547 1983 citarent?
578 1944 661 1982 Nec
694 1945 873 1994 corporis
904 1958 976 1982 nec
1008 1945 1131 1982 animi
1159 1945 1339 1994 vigorem
1369 1958 1572 1982 remanere
1603 1944 1783 1992 eundem,

346 2016 385 2049 et
416 2013 616 2049 fortunam
648 2012 775 2062 ipsam
806 2013 947 2059 vereri,
993 2026 1042 2050 ne
1083 2013 1147 2050 cui
1188 2013 1351 2051 deorum
1391 2013 1516 2051 nimia
1556 2013 1635 2051 iam
1666 2013 1709 2050 in
1739 2026 1780 2050 se
1817 2041 1821 2049 .

306 2081 387 2117 7et.
425 2080 688 2128 constantior,
734 2094 851 2130 quam
889 2081 1016 2118 velint
1052 2081 1234 2118 humanae
1272 2095 1355 2128 res,
1399 2080 1597 2119 videatur.
1657 2081 1712 2118 Et
1741 2094 1781 2119 se

344 2147 485 2197 gloriae
517 2148 714 2185 seniorum
748 2149 990 2186 succrevisse
1022 2152 1061 2186 et
1093 2149 1142 2186 ad
1174 2162 1283 2186 suam
1309 2149 1480 2198 gloriam
1497 2152 1780 2198 consurgentes

345 2216 445 2253 alios
477 2216 609 2252 laetum
643 2216 867 2266 adspicere3
909 2230 980 2254 nec
1012 2217 1183 2254 honores
1218 2230 1383 2266 magnos
1421 2216 1650 2255 fortissimis
1679 2217 1780 2254 viris

302 2283 481 2321 SRomae
514 2296 584 2320 nec
616 2283 839 2321 honoribus
873 2284 1007 2322 deesse
1039 2285 1162 2323 fortes
1186 2285 1307 2322 viros.
1353 2283 1542 2322 Acuebat
1557 2285 1630 2322 hac
1647 2284 1779 2323 mode-

343 2352 499 2389 ratione
529 2354 612 2388 tam
644 2351 749 2388 iusta
782 2352 932 2400 studia;
964 2366 1052 2403 quae
1082 2352 1325 2391 verecundia
1348 2352 1480 2402 legum
1497 2352 1781 2402 restinguenda
1809 2355 1812 2358 ’

343 2424 466 2466 ratus,
497 2419 625 2467 legem
657 2420 818 2456 recitari
851 2421 979 2468 iussit,
1026 2434 1104 2470 qua
1145 2420 1253 2457 intra
1291 2420 1427 2458 decem
1458 2433 1582 2457 annos
1613 2419 1779 2458 eundem

303 2488 325 2523 9
345 2487 544 2524 consulem
575 2486 684 2524 refici
715 2501 794 2524 non
826 2488 974 2526 liceret.
1020 2488 1102 2525 Vix
1132 2501 1215 2537 prae
1247 2488 1417 2538 strepitu
1447 2487 1585 2525 audita
1613 2487 1678 2524 Iex
1707 2490 1778 2534 est,
1818 2493 1821 2496 '

341 2554 575 2604 tribunique
606 2554 735 2604 plebis
766 2554 871 2591 nihil
905 2555 947 2592 id
972 2555 1248 2606 impedimenti
1266 2556 1443 2592 futurum
1461 2554 1638 2593 aiebant:
1671 2568 1712 2593 se
1728 2555 1780 2593 ad
1807 2566 1813 2594 ζ

278 2622 329 2658 10
345 2622 537 2671 populum
569 2623 732 2676 laturos,
772 2622 833 2659 uti
866 2623 1024 2672 legibus
1056 2623 1285 2661 solveretur.
1360 2623 1414 2660 Et
1443 2622 1512 2659 ille
1543 2623 1704 2672 quidem
1734 2622 1778 2660 in
1806 2611 1811 2617 ¹

342 2689 562 2727 recusando
594 2690 809 2739 perstabat,
841 2690 938 2739 quid
970 2704 1064 2740 ergo
1097 2689 1287 2728 attineret
1317 2690 1425 2738 leges
1451 2689 1557 2737 ferri,
1586 2690 1808 2740 1·0gitans„=‚
