1821 2928
556 194 646 220 Liber
665 195 717 220 ix.
756 194 804 223 (A.
824 194 875 220 cn.
896 195 966 224 320.)
1354 182 1432 220 155

47 309 125 346 lius
157 309 296 346 consul
337 322 457 358 quum
499 308 763 346 dimicaturus
803 313 916 355 esset,
948 309 1060 359 prius
1092 307 1355 357 alloquendos
1387 307 1490 344 mili-

46 380 105 415 tes
142 380 252 415 ratus
290 377 515 414 contionem
556 377 745 415 advocari
791 377 925 422 iussit3
973 381 1146 414 ceterum
1193 377 1295 413 sieut
1336 376 1489 424 ingenti

47 445 254 484 alacritate
285 446 337 483 ad
367 445 601 495 praetorium
634 458 868 483 concursum
902 448 972 492 est,
1006 445 1061 482 ita
1103 458 1183 494 prae
1217 444 1388 481 clamore
1420 458 1487 493 po-

46 513 237 551 scentium
260 506 437 564 *pugnam
461 513 572 551 nulla
596 513 825 550 adhortatio
851 513 1106 562 imperatoris
1131 512 1269 550 audita
1288 517 1364 558 est;
1396 526 1488 550 suus
1508 513 1529 546 2

47 582 189 632 cuique
221 582 376 620 animus
408 596 558 620 memor
591 581 819 630 ignominiae
852 581 1086 619 adhortator
1119 580 1268 618 aderat.
1323 580 1491 618 Vadunt

47 649 174 698 igitur
214 650 256 687 in
295 650 482 700 proelium
519 654 708 699 urgentes
747 650 970 698 signiferos,
1007 653 1057 696 et,
1096 663 1144 686 ne
1185 662 1295 686 mora
1325 649 1367 686 in
1400 663 1489 687 con-

47 731 164 755 cursu
195 717 290 768 pilis
323 718 553 756 emittendis
594 717 924 767 stringendisque
955 717 1050 754 inde
1081 717 1229 766 gladiis
1262 720 1374 764 esset,
1406 717 1490 767 pila

44 786 152 823 velut
186 785 279 823 dato
311 787 361 824 ad
394 786 434 823 id
467 787 580 835 signo
614 786 822 832 abiiciunt,
854 786 1085 835 strictisque
1117 785 1268 834 gladiis
1301 799 1419 822 cursu
1448 786 1489 823 in

45 854 197 891 hostem
228 853 422 892 feruntur.
482 855 594 892 Nihil
626 855 711 892 illic
745 855 1012 904 imperatoriae
1043 854 1143 891 artis
1174 853 1386 891 ordinibus
1420 857 1489 891 aut
1508 853 1530 888 3

45 921 240 960 subsidiis
271 922 451 960 locandis
482 923 580 968 fuitg
613 923 745 960 onmia
778 923 837 959 ira
870 922 1060 960 militaris
1091 935 1216 972 prope
1247 935 1392 959 vesano
1421 921 1490 958 im-

45 995 139 1040 petu
180 991 275 1039 egit.
334 991 478 1041 ltaque
510 1005 589 1029 non
627 991 705 1028 fusi
737 992 854 1028 modo
886 991 1018 1029 hostes
1050 994 1152 1037 sunt,
1183 990 1252 1027 sed
1284 1003 1332 1026 ne
1350 987 1532 1027 cast-risa}

46 1058 208 1108 quidem
242 1059 324 1096 suis
355 1059 490 1108 sugam
524 1059 718 1110 impedire
751 1059 838 1096 ausi
870 1058 1065 1109 Apuliam
1099 1058 1286 1108 dissipati
1318 1058 1491 1107 petiere3

46 1126 259 1164 Luceriam
289 1131 423 1164 tamen
450 1131 587 1165 coacto
613 1141 751 1165 rursus
777 1127 819 1165 in
841 1141 964 1164 unum
987 1127 1144 1175 agmine
1170 1129 1228 1163 est
1245 1129 1490 1175 perventum.

44 1195 248 1233 Romanos
280 1195 338 1232 ira
373 1195 521 1242 eadem,
553 1209 640 1245 quae
672 1209 744 1245 per
775 1196 946 1233 inediam
977 1195 1102 1232 aciem
1130 1195 1304 1232 hostium
1328 1194 1488 1238 tulerat,
1509 1191 1531 1227 5

47 1267 85 1302 et
116 1264 158 1302 in
190 1268 318 1301 castra
348 1264 526 1313 pertulit.
586 1263 653 1301 Ibi
683 1264 774 1314 plus
807 1277 925 1313 quam
950 1263 990 1300 in
1015 1262 1099 1300 acie
1123 1262 1329 1312 sanguinis
1354 1277 1399 1300 ac
1417 1276 1489 1299 eae-

36 1331 113 1370 -dis
144 1332 303 1379 factum,
334 1332 559 1382 praedaeque
589 1344 682 1382 pars
714 1332 840 1370 maior
873 1332 931 1369 ira
963 1334 1163 1380 corrupta.

158 1400 372 1438 Exercitus
402 1400 504 1437 alter
535 1414 623 1438 cum
646 1400 816 1450 Papirio
849 1399 1010 1438 consule
1042 1399 1141 1436 locis
1172 1399 1384 1436 maritimis
1401 1412 1488 1448 per·
1508 1397 1530 1433 6

44 1472 209 1507 venerat.
231 1468 369 1519 Arpos
400 1481 470 1518 per
501 1468 633 1507 onmia
663 1472 817 1518 pacata,
842 1467 1082 1506 Samnitium
1115 1466 1244 1515 magis
1261 1467 1422 1504 iniuriis
1454 1470 1493 1504 et

47 1537 138 1575 odio
173 1550 289 1586 quam
330 1536 522 1575 beneficio
564 1537 647 1575 ullo
680 1537 820 1587 populi
852 1535 1046 1581 Romani;
1077 1549 1168 1572 nam
1201 1533 1411 1581 Samnitas,
1443 1549 1489 1572 ea
1511 1534 1530 1568 7

45 1592 297 1656 tempestate
315 1605 355 1642 in
387 1605 589 1642 montibus
621 1605 788 1642 vicatim
820 1604 1058 1650 habitantes,
1090 1602 1332 1652 campestria
1357 1606 1394 1639 et
1413 1616 1492 1640 ma-

47 1674 181 1710 ritima
212 1674 310 1719 loca,
342 1676 568 1723 contempto
600 1674 799 1713 cultorum
818 1673 1002 1711 molliore
1026 1675 1157 1722 atque,
1182 1675 1227 1708 ut
1250 1671 1383 1708 evenit
1400 1671 1493 1717 fere,

48 1742 147 1780 locis
173 1741 296 1779 simili
321 1754 477 1790 genere,
501 1741 580 1791 ipsi
602 1741 782 1780 montani
801 1746 920 1790 atque
937 1744 1114 1790 agrestes
1131 1739 1492 1789 depopulabantur.

49 1809 147 1857 Quae
185 1810 296 1859 regio
335 1809 369 1846 si
408 1809 489 1847 fida
527 1808 776 1847 Samnitibus
813 1809 966 1856 fuisset,
1003 1813 1073 1847 aut
1109 1807 1319 1858 pervenire
1357 1806 1537 1856 Arpos&

50 1878 249 1917 exercitus
281 1878 487 1916 Romanus
519 1878 737 1928 nequisset,
778 1881 848 1915 aut
880 1877 1090 1914 interiecta
1121 1877 1226 1913 inter
1257 1876 1427 1913 Romam
1457 1879 1495 1912 et

50 1946 186 1997 Arpos
227 1946 396 1996 penuria
440 1960 572 1983 rerum
613 1945 791 1983 omnium
836 1945 1016 1982 exclusos
1054 1959 1076 1982 a
1115 1943 1400 1982 commeatibus
1431 1943 1496 1981 ab·

51 2014 296 2065 sumpsisset.
359 2013 459 2051 Tum
493 2027 651 2063 quoque
683 2014 884 2064 profectos
919 2012 1012 2049 inde
1044 2012 1094 2049 ad
1126 2011 1352 2058 Luceriam,
1384 2012 1495 2049 iuxta
1515 2013 1537 2043 9

53 2083 282 2121 obsidentes
315 2082 574 2132 obsessosque
608 2082 745 2131 inopia
777 2081 948 2118 vexavit.
1009 2079 1153 2117 Omnia
1185 2079 1236 2118 ab
1264 2079 1392 2130 Arpis
1418 2079 1497 2117 Ro-

53 2151 180 2189 manis
212 2149 588 2200 suppeditabantur,
621 2154 795 2187 ceterum
828 2150 927 2187 adeo
970 2149 1124 2197 exigue,
1155 2152 1201 2186 ut
1231 2148 1351 2186 militi
1384 2162 1496 2186 oceu-

53 2223 147 2268 pato
179 2218 424 2256 stationibus
456 2218 689 2268 vigiliisque
722 2221 761 2255 et
793 2231 912 2267 opere
937 2230 1057 2266 eques
1083 2216 1280 2254 folliculis
1305 2217 1345 2253 in
1369 2219 1497 2254 castra

54 2287 103 2325 ab
135 2286 264 2336 Arpis
295 2287 536 2323 frumentum
568 2287 740 2333 veheret,
773 2285 975 2323 interdum
1007 2297 1174 2322 occursu
1190 2284 1366 2322 hostium
1384 2297 1495 2332 coge·
1517 2282 1568 2317 10

54 2359 164 2393 retur
195 2355 350 2392 abiecto
382 2367 430 2390 ex
463 2366 563 2403 equo
596 2354 793 2391 frumento
818 2366 1009 2403 pugnare.
1051 2351 1248 2399 Obsessis,
1265 2352 1499 2402 priusquam

56 2423 158 2461 alter
190 2422 328 2460 consul
358 2421 511 2459 victore
543 2421 724 2459 exercitu
757 2421 932 2468 advenit,
966 2424 1003 2457 et
1035 2425 1278 2458 commeatus
1310 2434 1357 2457 ex
1391 2433 1498 2457 mon-

54 2490 164 2528 tibus
202 2488 441 2528 Samnitium
485 2489 631 2527 invecti
663 2493 777 2527 erant
814 2493 854 2526 et>
884 2489 1038 2527 auxilia
1071 2488 1316 2534 intromissa3
1348 2487 1500 2524 artiora
1521 2486 1565 2523 11

58 2558 190 2595 omnia¹
221 2557 417 2595 adventus
440 2557 614 2594 Publilii
639 2557 743 2603 feeit,
768 2557 850 2607 qui,
875 2556 1087 2595 obsidione
1105 2556 1289 2604 delegata
1308 2555 1350 2592 in
1366 2569 1499 2592 curam

59 2626 233 2675 collegae,
263 2638 389 2674 vagus
421 2638 492 2675 per
524 2638 641 2674 agros
673 2629 814 2663 cuncta
844 2625 989 2662 infesta
1022 2623 1310 2662 commeatibus
1327 2623 1502 2660 hostium
