1821 2928
611 235 700 260 Liber
717 234 755 260 x.
793 233 840 263 (A.
861 231 913 258 011.
933 232 1006 261 800.)
1390 217 1473 256 205

88 367 133 393 ac
163 354 277 399 lituo,
309 351 441 402 capite
470 349 616 396 velato,
645 349 851 387 victimam
882 348 1036 385 caedens
1067 346 1330 395 auguriumve
1361 359 1410 382 ex
1441 357 1532 382 arce

88 420 280 474 capiens‘.>
333 419 458 458 Cuius
475 416 525 457 ivn
550 417 738 466 imaginis
753 416 873 454 titulo
892 415 1122 454 consulatus
1141 427 1387 464 censuraque
1405 416 1445 450 et
1459 413 1530 450 tri·
1551 411 1599 448 ll

87 491 260 542 umphus
291 502 404 540 aequo
437 488 569 525 animo
601 487 776 535 legetur,
817 486 852 524 si
884 488 1123 534 auguratum
1155 487 1224 522 aut
1254 481 1535 533 pontificatum

88 559 329 604 adieceritis,
360 570 440 594 non
470 555 728 593 sustinebunt
755 554 975 603 legentium
1007 552 1142 590 oculi?
1187 551 1387 601 Equidem
1418 551 1532 600 (pace
1553 549 1602 586 12

88 628 259 666 dixerim
306 627 439 673 deum)
485 637 551 662 eos
596 637 668 662 nos
714 624 791 661 iam
828 622 972 672 populi
1010 621 1185 659 Romani
1226 619 1419 658 beneficio
1451 631 1534 656 esse

89 709 217 747 spero,
250 695 318 745 qui
349 692 584 732 sacerdotiis
614 705 694 729 non
725 692 856 729 minus
887 691 1102 728 reddamus
1135 689 1369 738 dignatione
1399 691 1535 725 nostra

89 765 272 810 honoris,
314 777 432 813 quam
473 762 761 811 acceperimus,
807 763 847 797 et
885 760 1048 797 deorum
1087 758 1215 807 magis
1248 770 1367 806 quam
1397 759 1535 793 nostra

90 847 210 872 causa
241 835 482 882 expetamus,
513 833 568 875 ut,
602 843 700 880 quos
731 829 922 879 privatim
954 828 1133 874 colimus,
1162 826 1326 877 publice
1349 825 1535 862 colamus.

91 901 201 950 Quid
240 904 373 938 autem
412 913 485 947 ego
525 899 582 937 sic
620 898 752 936 adhuc
791 897 874 946 egi,
918 901 1109 946 tanquam
1150 896 1308 944 integra
1339 895 1392 932 sit
1421 907 1540 930 causa

89 970 352 1021 patriciorum
385 969 433 1005 de
463 966 718 1013 sacerdotiis,
757 970 796 1003 et
835 979 915 1003 non
954 965 1033 1003 iam
1065 965 1107 1002 in
1137 964 1389 1014 possessione
1419 962 1536 1000 unius

89 1038 327 1090 amplissimi
351 1037 475 1074 simus
498 1034 738 1073 sacerdotii?
769 1034 1031 1072 Decemviros
1057 1033 1179 1070 sacris
1204 1032 1418 1078 faciundis,
1450 1043 1533 1068 car·
1551 1031 1574 1066 2

91 1108 244 1146 minum
276 1104 443 1155 Sibyllae
476 1118 520 1142 ac
545 1104 720 1141 fatorum
744 1103 885 1154 populi
909 1103 1028 1140 huius
1055 1102 1305 1152 interpretes,
1336 1100 1534 1138 antistites

91 1176 250 1214 eosdem
281 1174 535 1225 Apollinaris
572 1172 677 1210 sacri
716 1172 1115 1221 caerimoniarumque
1153 1171 1324 1208 aliarum
1353 1169 1536 1220 plebeios

89 1243 292 1289 videmus;
323 1256 394 1280 nec
422 1245 490 1279 aut
513 1244 599 1279 tum
623 1241 811 1291 patriciis
834 1241 917 1278 ulla
935 1240 1087 1278 iniuria
1102 1240 1207 1277 facta
1224 1242 1294 1286 est,
1325 1252 1446 1288 quum
1464 1237 1534 1275 du·
1554 1236 1578 1273 3

46 1359 50 1362 ι
89 1312 256 1350 umviris
288 1311 414 1349 sacris
437 1309 639 1349 faciundis
664 1310 845 1348 adiectus
869 1313 930 1346 est
945 1312 1110 1360 propter
1132 1307 1314 1358 plebeios
1336 1320 1536 1353 numerUS‚

92 1384 133 1419 et,
155 1394 260 1418 nunc
283 1381 484 1425 tribunus,
515 1380 578 1417 vir
602 1379 721 1416 sortis
744 1391 788 1415 ac
806 1382 1001 1425 strenuus,
1032 1378 1209 1427 quinque
1225 1389 1423 1425 augurum
1439 1375 1537 1421 loca,

92 1452 283 1499 quattuor
305 1448 539 1499 pontificum
563 1446 714 1494 adiicit,
745 1447 785 1483 in
810 1459 897 1496 quae
922 1446 1076 1496 plebeii
1092 1445 1362 1492 nominentur,
1392 1458 1473 1482 non
1491 1446 1538 1481 ut
1554 1441 1581 1478 4

92 1531 174 1565 vos,
214 1517 343 1567 Appi,
383 1520 515 1554 vestro
546 1516 634 1554 loco
665 1516 829 1566 pellant,
861 1515 931 1553 sed
961 1518 1007 1552 ut
1037 1514 1228 1552 adiuvent
1257 1527 1326 1551 vos
1356 1513 1540 1551 homines

93 1585 244 1636 plebeii
276 1585 427 1623 divinis
459 1598 617 1635 quoque
647 1584 767 1622 rebus
798 1583 1072 1634 procurandis,
1103 1583 1208 1621 sicut
1230 1583 1272 1620 in
1296 1582 1438 1620 ceteris
1468 1582 1539 1619 hu·

93 1654 221 1692 manis
266 1667 340 1704 pro
386 1658 500 1704 parte
544 1654 654 1691 virili
698 1653 905 1691 adiuvant.
973 1652 1070 1690 Noli
1111 1651 1363 1699 erubescere,
1408 1647 1579 1700 Appi,5

94 1722 290 1771 collegam
316 1723 357 1759 in
381 1722 606 1760 sacerdotio
630 1721 789 1769 habere,
822 1735 940 1772 quem
964 1722 1006 1758 in
1030 1734 1209 1767 censura,
1242 1734 1360 1770 quem
1382 1719 1424 1756 in
1447 1733 1538 1757 con-

93 1791 226 1828 sulatu
256 1790 453 1839 collegam
483 1790 631 1828 habere
661 1790 843 1841 potuisti,
876 1790 988 1828 cuius
1011 1793 1094 1828 tam
1118 1789 1327 1827 dictatoris
1350 1788 1539 1837 magister

93 1859 275 1909 equitum
307 1872 425 1908 quam
457 1859 643 1907 magistri
667 1860 846 1909 equitum
869 1859 1043 1896 dictator
1068 1872 1150 1896 esse
1173 1861 1296 1908 potes.
1344 1856 1539 1894 Sabinum
1557 1856 1580 1891 6

95 1927 308 1973 advenam,
353 1927 578 1977 principem
613 1928 819 1965 nobilitati
856 1932 1018 1974 vestrae,
1064 1940 1132 1964 seu
1172 1926 1318 1963 Attum
1350 1925 1539 1963 Clausum

94 2008 163 2034 seu
186 1994 296 2045 App.
322 1993 538 2032 Claudium
568 1996 770 2041 mavultis,
802 1995 865 2033 illi
890 1996 1051 2045 antiqui
1078 1995 1243 2044 patricii
1268 1995 1309 2031 in
1333 2007 1446 2032 suum
1470 2007 1540 2030 nu-

93 2077 246 2102 merum
277 2066 530 2113 acceperunt3
561 2077 611 2101 ne
641 2063 858 2101 fastidieris
888 2076 959 2100 nos
990 2064 1030 2101 in
1054 2064 1307 2101 sacerdotum
1330 2075 1539 2100 numerum
1559 2062 1582 2098 7

95 2132 289 2182 accipere.
355 2131 487 2170 Multa
537 2131 746 2169 nobiscum
794 2132 937 2169 decora
975 2131 1196 2178 afferimus,
1242 2131 1360 2168 immo
1406 2130 1541 2168 omnia

96 2200 251 2247 eadem,
297 2213 385 2250 quae
430 2214 500 2238 vos
542 2201 733 2250 superbos
771 2200 960 2238 fecerunt.
1020 2199 1067 2238 L.
1107 2198 1267 2238 Sextius
1305 2200 1458 2250 primus
1490 2199 1581 2236 des

95 2268 213 2319 plebe
250 2268 390 2306 consul
430 2272 490 2306 est,
525 2270 670 2316 factus,
717 2270 758 2306 C.
799 2268 981 2306 Licinius
1021 2268 1136 2307 Stolo
1166 2269 1318 2319 primus
1349 2268 1541 2317 magister

97 2337 287 2387 equitum,
319 2336 361 2374 C.
392 2337 568 2374 Marcius
599 2337 764 2375 Rutilus
796 2337 947 2387 primus
978 2341 1018 2375 et
1048 2338 1223 2376 dictator
1247 2342 1285 2376 et
1311 2351 1460 2384 censor,
1492 2337 1540 2384 Q.

96 2405 303 2443 Publilius
351 2405 472 2443 Philo
517 2406 671 2456 primus
717 2410 876 2456 praetor.
950 2406 1115 2456 Semper
1154 2407 1232 2444 ista
1273 2406 1410 2443 audita
1446 2405 1580 2443 sunt9

97 2474 254 2521 eadem,
300 2487 420 2524 penes
457 2488 527 2511 vos
565 2475 747 2524 auspicia
785 2488 889 2521 esse,
935 2489 1005 2513 vos
1044 2476 1149 2513 solos
1188 2484 1343 2524 gentem
1384 2474 1542 2518 habere,

95 2555 167 2579 vos
212 2542 316 2580 solos
363 2543 510 2580 iustum
557 2543 767 2593 imperium
806 2547 845 2581 et
882 2544 1109 2593 auspicium
1148 2544 1255 2581 domi
1288 2543 1540 2592 militiaequc;

98 2622 208 2660 aeque
239 2611 370 2649 adhuc
401 2624 635 2661 prosperum
667 2611 866 2661 plebeium
900 2616 939 2649 et
968 2613 1182 2662 patricium
1213 2612 1301 2657 fuit,
1338 2623 1538 2660 porroque
1562 2611 1610 2647 10

97 2678 186 2716 erit.
246 2679 310 2717 En
341 2693 517 2730 unquam
549 2680 668 2717 fando
701 2679 884 2726 audistis,
915 2680 1107 2730 patricios
1140 2680 1268 2730 primo
1301 2693 1384 2716 esse
1415 2679 1540 2716 factos
