1821 2928
363 211 439 246 176
807 220 897 245 Liber
914 220 968 245 1x.
1005 220 1054 248 (A.
1073 228 1102 246 u⁴
1121 227 1147 246 c.
1166 222 1236 250 443.)

260 336 284 371 3
302 333 446 372 foedum
481 335 523 371 in
553 334 712 372 modum
742 335 937 372 laceratos
961 334 1190 372 occ-iderant
1217 334 1387 372 deditos.
1426 333 1537 372 Huic
1559 333 1736 372 infensus

301 402 533 440 crudelitati
559 402 713 447 Iunius,
737 403 840 440 nihil
865 402 1071 452 antiquius
1099 403 1395 452 oppugnatione
1413 401 1599 440 Cluviani
1613 405 1735 449 ratus,

301 484 378 520 quo
410 471 474 508 die
505 483 717 519 aggressus
749 475 807 507 est
839 471 994 517 moenia,
1032 471 1072 507 vi
1104 470 1221 520 cepit,
1251 475 1371 519 atque
1402 483 1536 508 omnes
1566 471 1736 520 puberes

257 538 283 574 4
299 539 511 576 interfecit.
571 538 672 576 Inde
702 538 830 575 victor
862 539 1060 576 exercitus
1077 538 1300 575 Bovianum
1324 539 1487 585 duetus;
1519 542 1640 588 caput
1659 538 1735 576 hoc

300 611 384 643 erat
416 606 658 644 Pentrorum
676 605 926 653 Samnitium,
955 607 1074 656 longe
1106 606 1349 643 ditissimum
1376 610 1495 656 atque
1516 607 1734 656 opulentis-

260 673 284 710 5
302 675 441 711 simum
474 674 596 712 armis
627 675 818 725 virisque.
888 675 968 721 Ibi,
1009 674 1104 724 quia
1133 674 1242 711 haud
1271 678 1427 711 tantum
1460 674 1611 712 ira-rum
1640 680 1737 722 erat,

300 756 368 792 spe
408 742 553 792 praedae
593 743 742 780 milites
773 743 930 780 accensi
961 743 1110 792 oppido
1140 742 1361 792 potiuntur.
1433 742 1570 780 Minus
1601 743 1737 792 itaque

302 810 482 848 saevitum
515 811 555 848 in
587 811 719 857 hostes
751 815 820 858 est,
850 811 996 861 praedae
1027 811 1117 860 plus
1147 823 1260 860 paene
1290 824 1408 860 quam
1431 824 1479 848 ex
1503 811 1609 848 omni
1626 809 1736 848 Sam·

261 879 368 916 61110
400 892 572 928 unquam
605 884 793 927 egestum.
824 879 1077 928 benigneque
1109 878 1235 915 omnis
1265 879 1385 916 militi
1414 888 1610 916 concessa.
1682 878 1738 916 Et.

301 957 510 996 postquam
542 952 827 997 praepotente-m
868 947 990 984 armis
1019 946 1244 984 Romanum
1275 960 1348 985 nec
1387 947 1493 984 acies
1522 946 1737 986 subsistere

300 1015 392 1051 ullae
434 1029 503 1052 nec
547 1021 675 1054 castra
715 1029 786 1053 nec
826 1016 944 1053 urbes
982 1019 1179 1064 poterant,
1220 1015 1395 1052 omnium
1435 1015 1665 1065 principum
1694 1015 1736 1052 in

301 1081 462 1120 Samnio
503 1097 547 1121 eo
589 1097 693 1121 curae
733 1089 825 1121 sunt
855 1084 1029 1130 intentae,
1069 1087 1114 1120 ut
1155 1083 1312 1121 insidiis
1342 1086 1588 1133 quaereretur
1616 1083 1738 1130 locus,

302 1151 336 1188 si
368 1164 447 1201 qua
477 1152 642 1189 lieentia
671 1152 893 1202 populandi
923 1151 1067 1189 effusus
1100 1151 1297 1188 exercitus
1328 1151 1458 1201 excipi
1495 1164 1541 1189 ac
1571 1151 1736 1189 circum-

263 1220 433 1257 7veniri
462 1224 606 1269 posset.
676 1220 910 1267 Transfugae
943 1223 1119 1268 agrestes
1157 1223 1195 1256 et
1226 1219 1387 1269 captivi,
1419 1219 1582 1268 quidam
1612 1219 1736 1270 [pars]

299 1286 412 1333 forte,
445 1301 537 1337 pars
567 1289 734 1325 consilio
767 1288 902 1334 oblati.
935 1287 1194 1336 congruentia
1225 1286 1275 1323 ad
1298 1287 1501 1324 consulem
1517 1287 1738 1334 afferentes,

301 1368 388 1404 quae
430 1360 468 1393 et
506 1369 601 1394 vera
643 1361 767 1403 erant,
806 1356 961 1406 pecoris
1000 1356 1081 1393 vim
1118 1355 1320 1404 ingentem
1359 1355 1401 1392 111
1431 1355 1575 1392 saltum
1605 1355 1737 1393 avium

301 1424 543 1473 compulsam
574 1438 670 1471 esse,
699 1425 971 1475 perpulerunt,
1002 1428 1046 1461 ut
1076 1424 1300 1473 praedatum
1331 1436 1376 1460 eo
1402 1423 1598 1473 expeditae
1622 1422 1737 1460 duce-

260 1491 285 1528 8
302 1495 439 1528 rentur
462 1492 653 1541 legiones.
707 1493 774 1530 1bi
799 1493 941 1541 ingens
966 1491 1140 1528 hostium
1168 1491 1364 1529 exercitus
1389 1491 1537 1528 itinera
1561 1491 1738 1529 occultus

300 1558 498 1597 insederat
530 1565 580 1598 et.
611 1565 821 1610 postquam
854 1560 1022 1597 intrasse
1046 1559 1249 1597 Romanos
1265 1559 1370 1597 vidit,
1392 1559 1548 1605 saltum,
1573 1562 1738 1609 repente

262 1627 285 1663 9
303 1632 462 1665 exortus
493 1642 581 1665 cum
614 1628 784 1666 clamore
815 1642 860 1665 ac
891 1628 1065 1665 tumultu
1095 1628 1276 1665 incautos
1307 1626 1473 1665 invadit.
1530 1626 1586 1664 Et
1608 1627 1737 1676 primo

300 1707 402 1731 nova
431 1709 494 1732 res
524 1696 834 1745 trepidationem
863 1696 969 1742 fecit,
997 1696 1091 1732 dum
1115 1709 1225 1733 arma
1250 1695 1427 1745 capiunt,
1451 1694 1630 1732 sarcinas
1647 1707 1737 1732 con-

301 1767 443 1810 gerunt
474 1763 514 1800 in
546 1764 739 1810 medium3
770 1763 872 1809 dein,
904 1767 1125 1813 postquam,
1154 1767 1200 1800 ut-
1230 1763 1398 1812 quisque
1428 1762 1674 1799 liberaverat
1695 1774 1737 1799 se

301 1844 418 1868 onere
447 1836 734 1881 aptaveratque
765 1831 898 1877 armis,
927 1831 978 1868 ad
1008 1831 1121 1879 signa
1151 1830 1330 1880 undique
1361 1830 1534 1877 coibant,
1564 1833 1604 1867 et
1632 1829 1739 1867 notis

301 1898 513 1936 ordinibus
544 1899 584 1936 in
615 1904 749 1937 vetere
780 1898 995 1948 disciplina
1013 1898 1168 1936 militiae
1185 1899 1264 1936 iam
1291 1899 1376 1936 sine
1401 1901 1600 1948 praecepto
1616 1897 1738 1935 ullius

234 1967 284 2003 10
302 1979 373 2004 sua
413 1970 553 2016 sponte
593 1967 823 2004 struebatur
863 1966 988 2013 acies,
1038 1967 1176 2003 consul
1225 1966 1275 2003 ad
1315 1966 1530 2015 ancipitem
1567 1965 1739 2003 maxime

301 2047 475 2084 pugnam
507 2034 697 2072 advectus
728 2034 864 2072 desilit
896 2048 943 2071 ex
973 2048 1087 2084 equo,
1119 2038 1157 2071 et
1187 2033 1323 2071 Iovem
1338 2033 1590 2083 Martemque
1619 2036 1738 2082 atque

303 2101 401 2139 alios
430 2106 603 2139 testatur
634 2103 739 2149 deos,
769 2116 810 2140 se
835 2102 988 2140 nullam
1014 2115 1126 2139 suam
1151 2101 1322 2150 gloriam
1346 2100 1452 2148 inde,
1477 2101 1548 2138 sed
1562 2100 1738 2150 praedam

236 2171 282 2207 11
303 2169 423 2206 militi
455 2175 696 2219 quaerentem
729 2170 770 2207 in
802 2183 891 2208 eum
922 2171 1052 2208 locum
1084 2169 1300 2215 devenisse,
1330 2181 1458 2218 neque
1487 2168 1529 2205 in
1559 2181 1601 2206 se
1626 2167 1736 2205 aliud

302 2251 420 2287 quam
450 2238 617 2275 nimiam
648 2237 805 2275 ditandi
832 2251 879 2275 ex
903 2237 1016 2275 host-e
1040 2237 1182 2274 militis
1199 2250 1335 2274 curam
1350 2235 1591 2286 reprehendi
1603 2248 1739 2286 posse;

303 2306 353 2343 ab
385 2320 430 2343 eo
461 2320 502 2343 se
533 2305 727 2342 dedecore
757 2306 906 2343 nullam
937 2319 1021 2343 rem
1052 2306 1173 2343 aliam
1205 2319 1323 2355 quam
1349 2303 1540 2341 virtutem
1561 2303 1738 2341 militum

236 2373 285 2410 12
303 2373 608 2411 vindicaturam.
669 2372 976 2411 Conniterentur
1002 2373 1118 2410 modo
1145 2386 1223 2410 uno
1241 2372 1372 2410 animo
1397 2384 1532 2410 omnes
1547 2371 1738 2410 invadere

302 2440 456 2478 hostem
486 2440 637 2478 victum
667 2441 762 2487 acie,
793 2440 936 2477 castris
959 2444 1131 2487 exutum,
1154 2440 1346 2478 nudatum
1360 2438 1542 2486 urbibus,
1556 2439 1737 2479 ult-imam

303 2521 411 2558 spem
453 2509 559 2546 furto
598 2507 833 2545 insidiarum
872 2511 1093 2546 tentantem
1124 2513 1163 2546 et-
1192 2508 1291 2554 loco,
1324 2520 1403 2544 non
1431 2506 1552 2544 armis
1581 2506 1736 2544 fretum.

237 2576 286 2613 13
303 2574 382 2612 Sed
424 2589 541 2625 quem
578 2588 663 2613 esse
694 2575 773 2612 iam
802 2575 945 2612 virtuti
974 2575 1165 2613 Romanae
1196 2573 1548 2624 inexpugnabilem
1578 2572 1738 2611 locum?

307 2643 545 2692 Fregellana
585 2657 656 2680 arx
697 2641 947 2692 Soranaque,
988 2646 1027 2680 et
1065 2643 1293 2691 ubicunque
1334 2641 1474 2690 iniquo
1513 2654 1737 2679 successum

1779 2666 1805 2928 Ξνΰξνς-ο,αι..
1799 2591 1807 2611 „
1801 2543 1806 2561 -
1802 2518 1806 2526 -
1803 2483 1806 2492 -
