1821 2928
477 94 593 129 Liber
617 93 669 128 11.
719 95 780 138 (A.
807 93 871 128 ch.
897 94 1105 136 479-478.)
1438 98 1513 134 111

187 223 343 262 Rursus
375 236 462 260 cum
481 222 622 260 Fabiis
654 224 741 260 erat
761 221 924 260 Veienti
947 221 1110 272 populo,
1144 221 1227 259 sine
1252 221 1333 259 ullo
1352 222 1514 260 maioris
1563 219 1617 267 50

76 296 175 334 belli
206 297 415 346 apparatu,
448 298 666 340 certamen,
697 307 769 332 nec
802 297 915 331 erant
938 294 1186 332 incursiones
1203 293 1320 332 modo
1338 294 1378 331 in
1398 307 1517 343 agros

75 371 147 406 aut
176 367 301 406 subiti
333 367 504 417 impetus
536 368 577 404 in
608 367 868 412 incursantes,
901 365 972 403 sed
1003 366 1218 415 aliquoties
1246 379 1359 416 aequo
1377 379 1516 416 campo

76 440 313 489 collatisque
345 438 472 488 signis
504 441 711 485 certatum,
743 451 920 488 gensque
950 450 1029 474 una
1056 438 1197 488 populi
1213 437 1386 476 Romani
1413 451 1516 488 saepe
1536 439 1559 475 2

76 525 125 550 ex
156 511 470 561 opulentissima,
501 514 547 548 ut
577 514 658 547 tum
684 523 746 547 res
772 512 897 556 erant,
928 509 1100 547 Etrusca
1125 510 1289 548 civitate
1309 510 1518 548 victoriam

75 584 184 622 tulit.
230 583 281 621 Id
312 583 441 633 primo
473 582 658 620 acerbum
692 581 982 631 indignumque
1008 581 1246 619 Veientibus
1279 586 1337 620 est
1367 583 1518 629 visum;
1537 583 1560 619 3

78 654 171 693 inde
203 655 414 693 consilium
448 668 495 692 ex
525 667 568 691 re
600 657 737 706 natum
762 653 920 690 insidiis
946 653 1116 691 ferocem
1132 654 1286 692 hostem
1305 655 1513 705 captandi;

77 726 253 777 gaudere
299 727 441 775 etiam,
488 726 612 764 multo
658 738 841 763 successu
886 724 1024 763 Fabiis
1071 725 1278 763 audaciam
1325 739 1518 766 crescere.

76 799 222 849 Itaque
253 803 291 837 et
315 812 459 849 pecora
475 798 754 849 praedantibus
772 797 1000 848 aliquoties,
1030 797 1141 835 velut
1157 811 1251 835 casu
1268 798 1515 846 incidissent,
1535 800 1560 836 4

77 871 236 910 obviam
269 874 369 918 acta,
402 873 441 908 et
472 871 690 920 agrestium
721 871 816 920 fuga
846 871 949 908 vasti
980 870 1114 907 relicti
1141 870 1242 919 agri,
1277 873 1315 907 et
1339 870 1520 908 subsidia

78 947 334 992 armatorum,
367 943 417 981 ad
450 942 642 981 arcendas
673 942 953 993 populationes
985 942 1117 988 missa,
1150 942 1298 992 saepius
1330 943 1518 981 simulato

77 1029 197 1066 quam
228 1028 322 1053 vero
353 1028 501 1065 pavore
532 1016 777 1063 refugerunt.
834 1014 1002 1064 Iamque
1035 1014 1155 1052 Fabii
1186 1014 1285 1052 adeo
1317 1020 1516 1066 contemp·
1536 1014 1559 1053 5

79 1091 214 1126 serant
243 1088 408 1134 hostem,
438 1090 484 1124 ut
515 1101 586 1125 sua
618 1087 769 1125 invicta
800 1100 909 1124 arma
940 1101 1067 1137 neque
1093 1087 1180 1124 loco
1197 1100 1326 1137 neque
1342 1092 1523 1137 tempore

79 1160 162 1198 ullo
194 1159 403 1198 crederent
434 1159 621 1197 sustineri
653 1172 781 1210 posse.
828 1159 927 1196 Haec
944 1173 1034 1209 spes
1052 1159 1251 1209 provexit,
1284 1163 1328 1196 ut.
1355 1159 1405 1197 ad
1432 1173 1523 1198 con-

81 1235 216 1282 specta
260 1232 400 1282 procul
447 1245 469 1268 a
509 1230 696 1269 Cremera
742 1245 885 1280 magno
933 1231 1064 1281 campi
1111 1231 1323 1268 intervallo
1363 1244 1522 1280 pecora,

79 1317 306 1354 quanquam
347 1317 438 1341 rara
478 1304 649 1341 hostium
693 1304 942 1354 apparebant
981 1317 1101 1349 arma,
1140 1303 1407 1340 decurrerent.
1468 1303 1562 1341 Et6

83 1389 203 1426 quum
236 1375 454 1426 improvidi
487 1375 608 1413 effuso
641 1389 758 1413 cursu
791 1375 961 1413 insidias
993 1375 1098 1413 circa
1124 1375 1254 1424 ipsum
1273 1375 1350 1413 iter
1368 1376 1521 1414 locatas

82 1450 337 1497 superassent
383 1447 588 1496 palatique
633 1448 778 1498 passim
826 1461 939 1496 vaga,
989 1451 1035 1485 ut
1079 1447 1124 1484 fit
1169 1460 1318 1497 pavore
1363 1448 1524 1496 iniecto,

83 1522 269 1569 raperent
301 1531 455 1568 pecora,
487 1519 619 1557 subito
652 1533 699 1557 ex
732 1520 893 1558 insidiis
925 1520 1201 1570 consurgitur;
1234 1522 1272 1557 et
1298 1519 1457 1558 adversi
1486 1523 1524 1558 et

84 1590 261 1641 undique
298 1590 431 1628 hostes
470 1595 595 1630 erant.
656 1591 794 1630 Primo
837 1592 986 1629 clamor
1028 1592 1282 1630 circumlatus
1315 1593 1565 1640 exterruit,7

85 1663 177 1700 dein
209 1663 291 1700 tela
322 1662 372 1699 ab
405 1663 511 1700 omni
544 1666 657 1713 parte
689 1663 942 1711 accidebant,
985 1664 1301 1714 coeuntibusque
1333 1664 1526 1712 Etruscis,

85 1735 162 1772 iam
195 1735 416 1772 continenti
449 1736 607 1784 agmine
639 1740 880 1773 armatorum
912 1737 1040 1787 saepti,
1073 1750 1150 1787 quo
1183 1737 1313 1786 magis
1339 1750 1379 1775 se
1396 1737 1524 1775 hostis

85 1807 291 1854 inferebat,
323 1806 569 1856 cogebantur
599 1808 783 1846 breviore
815 1809 948 1858 spatio
981 1813 1019 1846 et
1051 1809 1128 1859 ipsi
1156 1809 1289 1847 orbem
1319 1809 1525 1859 colligere,

85 1892 174 1929 quae
204 1892 265 1917 res
299 1883 337 1916 et
366 1879 610 1929 paucitatem
642 1893 776 1918 eorum
805 1881 1001 1931 insignem
1027 1885 1066 1919 et
1083 1881 1384 1918 multitudinem
1402 1882 1522 1919 Etru·
1543 1882 1568 1919 8

86 1964 253 1998 scorum,
283 1951 564 2002 multiplicatis
595 1953 636 1990 in
668 1955 754 1990 arto
778 1953 997 2000 ordinibus,
1028 1954 1211 1992 faciebat.
1258 1953 1360 1991 Tum
1379 1954 1524 1992 omissa
1543 1955 1566 1991 9

87 2036 233 2074 pugna,
273 2037 390 2073 quam
427 2024 467 2060 in
509 2037 643 2062 omnes
681 2029 815 2075 partes
847 2039 981 2076 parem
1015 2026 1284 2075 intenderant,
1331 2026 1372 2063 in
1403 2039 1526 2064 unum

86 2095 216 2133 locum
247 2108 287 2133 se
319 2109 452 2133 omnes
484 2095 700 2143 inclinant;
735 2111 780 2135 eo
806 2098 883 2135 nisi
909 2098 1144 2148 corporibus
1163 2099 1365 2148 armisque
1382 2111 1527 2148 rupere

87 2180 212 2206 cuneo
243 2168 363 2206 viam.
410 2167 542 2206 Duxit
572 2169 639 2206 via
669 2169 709 2206 in
742 2169 892 2207 editum
911 2170 1056 2208 leniter
1072 2171 1227 2210 collem.
1274 2170 1376 2208 Inde
1393 2171 1523 2221 primo
1546 2170 1595 2208 10

89 2239 289 2286 restitere3
336 2252 438 2287 mox,
483 2243 529 2277 ut
566 2241 794 2291 respirandi
834 2242 1017 2292 superior
1057 2242 1168 2280 locus
1209 2243 1382 2293 spatium
1416 2243 1528 2281 dedit

89 2311 390 2361 recipiendique
407 2325 429 2349 a
445 2325 592 2362 pavore
608 2316 721 2351 tanto
739 2314 926 2364 animum,
948 2314 1138 2364 pepulere
1155 2315 1276 2352 etiam
1294 2314 1527 2363 subeuntes,

89 2382 355 2433 vincebatque
385 2384 536 2422 auxilio
568 2385 645 2423 loci
670 2387 862 2436 paucitas,
893 2387 933 2423 ni
954 2387 1045 2436 iugo
1063 2387 1357 2424 circummissus
1376 2386 1529 2424 Veiens

91 2453 132 2490 in
162 2455 350 2493 verticem
383 2456 498 2493 collis
530 2457 731 2495 evasisset.
783 2458 849 2496 Ita
866 2459 1048 2510 superior
1073 2473 1210 2497 rursus
1235 2459 1360 2497 hostis
1386 2458 1526 2494 factus.
1546 2458 1594 2496 11

94 2523 210 2563 Fabii
241 2527 332 2564 caesi
365 2527 415 2565 ad
447 2541 568 2566 unum
601 2542 734 2567 omnes
765 2531 1078 2580 praesidiumque
1104 2534 1386 2581 expugnatum.
1433 2527 1530 2566 Tre·

94 2601 228 2635 centos
259 2611 328 2636 sex
359 2600 510 2649 perisse
541 2601 639 2638 satis
671 2602 870 2652 convenit,
901 2616 1023 2641 unum
1051 2617 1178 2654 prope
1203 2602 1395 2652 puberem
1414 2604 1530 2638 aetate
