1821 2928
555 111 671 146 Liber
696 111 742 146 V.
791 112 851 155 (A.
879 111 944 146 Oh.
970 111 1064 156 396.)
1446 116 1529 153 279

82 243 225 291 postea
241 242 383 278 eventu
400 252 482 277 rem
511 239 828 277 coniectantibus
855 240 982 277 visum
1011 239 1061 277 ad
1089 239 1388 278 damnationem
1405 241 1531 290 ipsius

83 311 255 359 Camilli,
286 315 412 362 captae
439 311 583 349 deinde
601 311 714 349 urbis
731 310 936 361 Romanae,
970 311 1077 362 quod
1100 315 1192 361 post
1214 325 1363 362 paucos
1380 312 1528 350 accidit

84 397 220 430 annos,
252 383 414 421 cladem.
476 383 614 434 Atque
655 383 725 420 ille
759 383 844 420 dies
877 383 984 420 caede
1015 383 1189 421 hostium
1222 397 1267 421 ac
1299 384 1598 435 direptione17

82 455 195 493 urbis
223 456 538 506 opulentissimae
556 459 616 494 est
632 459 909 505 consumptus;
940 459 1101 505 postero
1127 456 1192 494 die
1210 456 1338 494 libera
1355 470 1525 507 corpora

84 527 258 565 dictator
289 528 362 565 sub
395 541 541 566 corona
571 527 765 566 vendidit.
836 528 897 566 Ea
927 528 1014 566 sola
1044 528 1217 577 pecunia
1248 528 1289 565 in
1321 528 1529 578 publicum

84 599 299 649 redigitur,
318 600 425 638 haud
443 600 527 637 sine
545 600 607 638 ira
623 601 770 650 plebis3
806 604 845 638 et
871 599 978 651 quod
1001 600 1193 637 rettulere
1221 613 1351 637 secum
1369 601 1529 650 praedae,

85 686 156 710 nec
184 673 288 719 duci,
322 672 391 722 qui
408 671 458 709 ad
482 675 672 719 senatum,
691 672 954 721 malignitatis
978 675 1159 710 auctores
1185 672 1412 722 quaerendo,
1445 687 1529 711 rem

81 744 248 783 arbitrii
265 745 327 782 sui
344 744 560 794 reiecisset,
595 757 666 781 nec
692 745 859 792 senatui,
890 744 959 782 sed
977 744 1149 782 Liciniae
1166 744 1340 792 familiae,
1372 758 1420 782 ex
1444 759 1523 795 qua
1543 750 1565 784 2

81 816 191 855 filius
223 817 274 854 ad
305 820 485 854 senatum
516 816 752 863 rettulisset,
798 821 911 867 pater
956 819 1038 854 tam
1079 817 1290 866 popularis
1321 818 1529 855 sententiae

81 892 224 927 auctor
254 888 407 935 fuisset,
440 891 646 939 acceptum
679 889 918 928 referebant.
967 888 1097 936 Quum
1123 889 1202 926 iam
1219 888 1401 926 humanae
1428 903 1523 940 opes
1542 891 1565 928 3

80 964 225 1010 egestae
259 961 311 1011 [a]
341 960 457 999 Veiis
477 965 617 1010 essent,
652 961 812 998 amoliri
834 965 917 998 tum
947 960 1062 998 deum
1080 961 1183 998 dona
1210 961 1398 1012 ipsosque
1417 961 1525 1013 deos,

80 1033 151 1072 sed
168 1034 384 1071 colentium
402 1033 530 1083 magis
559 1046 676 1084 quam
702 1033 943 1083 rapientium
968 1032 1096 1079 modo,
1129 1047 1296 1084 coepere.
1341 1034 1525 1084 Namque
1541 1036 1567 1072 4

82 1105 231 1144 delecti
265 1119 313 1143 ex
346 1106 454 1143 omni
482 1106 662 1144 exercitu
687 1105 861 1152 iuvenes,
885 1118 983 1155 pure
1009 1105 1133 1143 lautis
1156 1106 1405 1156 corporibus,
1437 1120 1527 1144 can-

78 1177 175 1215 dida
204 1181 325 1224 veste,
358 1177 504 1226 quibus
537 1177 790 1228 deportanda
816 1178 985 1216 Romam
1016 1177 1157 1226 regina
1187 1177 1290 1216 Iuno
1322 1178 1528 1227 assignata

80 1253 179 1297 erat,
209 1250 484 1287 venerabundi
514 1250 708 1300 templum
726 1250 867 1300 iniere,
899 1249 1030 1299 primo
1053 1250 1244 1298 religiose
1270 1250 1525 1288 admoventes

79 1335 231 1369 manus,
263 1323 371 1372 quod
404 1322 444 1359 id
476 1323 632 1372 signum
664 1336 772 1360 more
796 1322 966 1359 Etrusco
992 1322 1069 1359 nisi
1094 1325 1211 1360 certae
1236 1322 1367 1371 gentis
1394 1336 1521 1360 sacer·
1541 1323 1565 1361 5

78 1395 152 1433 dos
183 1398 398 1432 attrectare
429 1408 516 1440 non⁴
541 1398 644 1432 esset
684 1394 839 1431 solitus.
913 1393 1024 1431 Dein
1063 1407 1184 1444 quum
1231 1394 1409 1444 quidam,
1454 1408 1526 1432 seu

77 1467 226 1517 spiritu
257 1467 396 1505 divino
442 1469 573 1504 tactus
620 1480 689 1504 seu
722 1465 902 1503 iuvenali
931 1465 1030 1513 ioco,
1067 1465 1218 1513 „Visne
1249 1467 1419 1504 Romam
1451 1467 1523 1518 ire,

77 1538 182 1576 Iuno
196 1538 238 1575 ‘?“
275 1538 453 1589 dixisset,
487 1539 673 1576 annuisse
705 1538 827 1575 ceteri
860 1537 974 1575 deam
1008 1538 1368 1576 conclamaverunt.
1420 1538 1564 1576 Indess

77 1611 224 1649 fabulae
257 1611 456 1648 adiectum
488 1615 557 1658 est,
588 1624 725 1649 vocem
757 1623 917 1660 quoque
963 1610 1134 1647 dicentis
1179 1611 1283 1648 velle
1325 1610 1525 1650 auditam?

76 1686 226 1721 motam
257 1687 363 1720 certe
395 1683 488 1720 sede
519 1696 589 1720 sua
619 1683 736 1733 parvi
767 1682 988 1720 molimenti
1019 1681 1288 1729 adminiculis,
1319 1682 1525 1732 sequentis

76 1755 194 1793 modo
225 1755 450 1806 accepimus
481 1755 608 1792 levem
640 1769 686 1793 ao
715 1755 874 1792 facilem
900 1755 1051 1793 tralatu
1075 1755 1211 1804 fuisse,
1242 1755 1521 1805 integramque
1541 1755 1564 1791 7

76 1828 118 1866 in
149 1827 409 1874 Aventinum,
441 1831 630 1864 aeternam
661 1827 794 1865 sedem
826 1840 948 1874 suam,
980 1840 1058 1877 quo
1089 1830 1182 1864 vota
1198 1826 1372 1864 Romani
1398 1826 1522 1864 dicta-

78 1900 178 1938 toris
209 1903 464 1948 vocaverant,
495 1900 703 1950 perlatam,
733 1899 804 1936 ubi
835 1899 1027 1949 templum
1060 1900 1097 1936 ei
1134 1903 1274 1949 postea
1307 1898 1422 1945 idem,
1453 1897 1524 1948 qui

74 1975 253 2019 voverat,
278 1970 472 2009 Camillus
499 1970 713 2011 dedicavit.
758 1970 841 2008 Hic
867 1970 1059 2008 Veiorum
1092 1984 1254 2008 occasus
1284 1970 1374 2020 fuit,
1406 1970 1518 2008 urbis
1537 1969 1563 2006 8

75 2043 392 2094 opulentissimae
410 2042 574 2080 Etrusci
597 2042 780 2089 nominis,
812 2043 1130 2091 magnitudinem
1155 2055 1265 2080 suam
1289 2043 1352 2080 vel
1379 2042 1521 2081 ultima

77 2114 191 2152 clade
225 2114 454 2160 indicantis,
486 2114 593 2164 quod
625 2114 759 2152 decem
789 2118 946 2152 aestates
970 2114 1201 2164 hiemesque
1219 2115 1428 2152 continuas
1444 2115 1520 2152 cir·

73 2200 286 2233 cumsessa,
317 2200 439 2236 quum
470 2187 561 2236 plus
592 2186 801 2236 aliquanto
827 2186 1002 2224 cladium
1028 2186 1230 2224 intulisset
1260 2200 1378 2237 quam
1410 2199 1519 2224 acce-

74 2259 211 2309 pisset,
243 2261 461 2309 postremo,
507 2259 585 2296 iam
626 2259 707 2296 fato
754 2272 913 2309 quoque
943 2262 1123 2309 urgente,
1154 2259 1342 2309 operibus
1373 2261 1518 2306 tamen,

75 2344 158 2368 non
189 2331 229 2367 vi
261 2334 492 2380 expugnata
523 2335 593 2370 est.

188 2402 357 2440 Romam
387 2406 433 2440 ut
462 2403 688 2441 nuntiatum
728 2407 799 2450 est,
840 2403 962 2442 Veios
1007 2406 1156 2454 captos,
1204 2415 1430 2452 quanquam
1477 2404 1515 2439 et

74 2474 266 2525 prodigia
309 2479 526 2525 procurata
561 2476 721 2513 fuerant
766 2479 807 2513 et
849 2479 986 2514 vatum
1030 2487 1221 2526 responsa
1266 2478 1305 2511 et
1336 2472 1518 2522 Pythicae

77 2550 211 2585 sortes
242 2551 359 2594 notae,
390 2550 440 2594 et,
473 2550 666 2597 quantum
697 2548 882 2586 humanis
913 2547 1097 2586 adiuvari
1120 2545 1300 2585 consiliis
1332 2545 1520 2594 potuerat

76 2632 154 2670 res,
186 2619 326 2658 ducem
353 2619 408 2658 M.
432 2619 612 2668 Furium,
643 2619 855 2658 maximum
874 2620 1162 2671 imperatorum
1188 2616 1378 2663 omnium,
1410 2615 1516 2666 lege-

75 2693 179 2739 rant,
209 2694 354 2739 tamen,
384 2693 480 2742 quia
510 2695 571 2730 tot
601 2692 717 2730 annis
747 2692 858 2731 varie
890 2692 946 2730 ibi
968 2691 1162 2729 bellatum
1189 2693 1276 2726 erat
1297 2687 1514 2738 multaeque
1531 2686 1557 2724 2

1607 453 1665 503 22

1596 2395 1655 2444 23
