1821 2928
585 204 678 230 Liber
697 204 734 230 X.
755 204 803 232 (A.
824 204 876 230 cn.
896 204 1052 232 soa—302.)
1413 191 1491 228 199

103 321 248 359 Iunius
278 320 498 358 Bubulcus.
559 315 611 359 Is
643 333 731 357 cum
762 319 816 356 M.
841 319 995 357 Titinio
1025 318 1218 368 magistro
1251 317 1431 366 equitum
1461 329 1551 366 pro·
1571 317 1594 353 9

102 389 231 428 fectus
261 390 390 439 primo
424 401 640 438 congressu
671 388 825 438 AEquos
856 387 1027 436 subegit,
1066 401 1111 424 ac
1143 385 1207 424 die
1239 389 1381 422 octavo
1413 384 1552 421 trium-

104 457 234 508 phans
275 458 317 495 in
356 458 495 494 urbem
539 470 660 507 quum
691 456 873 503 redisset,
906 456 1031 494 aedem
1062 453 1227 500 Salutis,
1261 467 1380 503 quam
1412 453 1552 490 consul

105 529 282 572 voverat,
315 539 457 563 censor
487 526 701 571 locaverat,
735 525 910 563 dictator
941 524 1153 562 dedicavit.

220 594 374 632 Eodem
404 608 508 632 anno
540 595 679 632 elassis
712 592 946 632 Graeeorum
977 593 1194 639 Cleonymo
1234 589 1334 627 duce
1365 587 1553 626 Lacedae-
1614 587 1622 595 ’
1643 585 1673 632 2

105 663 238 701 monio
269 662 320 700 ad
351 662 482 700 Italiae
515 663 638 701 litora
668 662 839 713 appulsa
869 661 1042 699 Thurias
1073 660 1214 697 urbem
1246 659 1288 696 in
1319 656 1554 695 Sallentinis

83 731 224 781 -cepit.
283 731 493 768 Adversus
525 731 631 768 hunc
662 731 818 769 hostem
849 730 988 768 consul
1008 728 1202 766 AEmilius
1233 727 1377 764 missus
1408 724 1552 776 proelio
1570 729 1593 766 2

106 812 186 836 uno
217 799 399 848 fugatum
424 800 619 850 compulit
639 800 681 837 in
704 813 843 846 naves;
875 799 1036 837 Thuriae
1059 797 1231 835 redditae
1252 795 1381 833 veteri
1397 792 1554 839 cultori,

108 866 416 918 Sallentinoque
446 881 542 916 agro
573 881 652 918 pax
682 872 810 919 parta.
869 867 1033 905 Iunium
1055 864 1284 904 Bubulcum
1315 862 1552 900 dictatorem
1571 867 1594 904 3

108 936 270 973 missum
302 937 345 973 in
376 935 621 975 Sallentinos
651 937 694 974 in
724 936 967 986 quibusdam
991 934 1204 973 annalibus
1221 932 1394 978 invenio,
1412 933 1451 967 et
1467 928 1555 967 Cle-

111 1017 309 1053 onymum,
339 1005 577 1055 priusquam
606 1004 901 1054 confligendum
934 1008 1036 1042 esset
1067 1017 1156 1041 cum
1187 1000 1393 1045 Romanis,
1431 998 1557 1036 Italia

110 1073 334 1111 excessisse.
381 1072 681 1112 Circumvectus
710 1074 801 1111 inde
824 1073 1036 1110 Brundisii
1061 1069 1380 1122 promuntorium
1406 1066 1555 1105 medio·
1572 1071 1599 1109 4

109 1154 188 1191 que
233 1142 323 1179 sinu
370 1143 610 1181 Hadriatico
655 1143 786 1180 ventis
831 1143 951 1188 latus,
999 1154 1120 1190 quum
1166 1139 1265 1176 laeva
1310 1137 1557 1187 importuosa

109 1209 244 1247 Italiae
276 1211 407 1259 litora,
440 1212 581 1249 dextra
605 1211 741 1260 Illyrii
763 1211 1018 1260 Liburnique
1049 1212 1089 1246 et
1104 1207 1251 1254 Histri,
1291 1210 1430 1256 gentes
1461 1205 1556 1242 ferae

110 1281 151 1316 et
189 1293 335 1329 magna
376 1294 423 1318 ex
462 1285 576 1331 parte
616 1279 840 1318 latrociniis
881 1278 1093 1316 maritimis
1133 1276 1312 1322 infames,
1347 1275 1558 1318 terrerent,

54 1362 58 1366 ’
110 1348 271 1398 penitus
302 1348 354 1386 ad
384 1349 508 1387 litora
531 1348 780 1386 Venetorum
811 1347 1006 1398 pervenit.
1065 1345 1274 1396 Expositis
1304 1342 1456 1394 paucis,
1488 1340 1558 1391 qui
1576 1334 1599 1371 5

110 1415 201 1454 loca
232 1417 499 1466 explorarent,
532 1431 654 1467 quum
685 1417 874 1464 audisset,
904 1419 1024 1454 tenue
1054 1417 1293 1465 praetentum
1334 1412 1430 1449 litus
1462 1423 1557 1457 esse,

111 1485 220 1535 quod
250 1487 515 1536 transgressis
547 1491 689 1535 stagna
720 1486 770 1523 ab
793 1489 908 1534 tergo
933 1485 1025 1532 sint,
1050 1484 1202 1533 irrigua
1225 1482 1389 1520 aestibus
1405 1478 1558 1518 mariti·

111 1553 204 1599 mis;
236 1567 353 1603 agros
384 1555 493 1592 haud
523 1555 665 1605 procul
695 1554 900 1605 proximos
933 1556 1174 1603 campestres
1212 1551 1334 1597 cerni,
1365 1548 1560 1586 ulteriora

111 1621 232 1660 colles
269 1622 401 1660 videri
443 1637 544 1670 esse;
591 1624 735 1661 ostium
773 1622 952 1660 fluminis
996 1621 1175 1673 praealti,
1223 1633 1302 1670 quo
1340 1611 1600 1665 circumagiss

112 1703 233 1728 naves
273 1691 316 1728 in
354 1692 566 1730 stationem
605 1696 733 1730 tutam
763 1692 952 1743 possent,
981 1690 1132 1728 vidisse
1164 1687 1401 1737 (Meduacus
1431 1684 1560 1724 amnis

113 1761 234 1809 erat),
282 1772 328 1797 eo
375 1761 573 1798 invectam
620 1760 786 1798 classem
831 1761 965 1798 subire
1011 1759 1173 1797 flumine
1220 1757 1388 1796 adverso
1434 1754 1560 1792 iussit.

113 1825 381 1866 Gravissimas
420 1830 584 1868 navium
620 1842 700 1867 non
738 1829 908 1879 pertulit
944 1829 1081 1866 alveus
1118 1826 1305 1872 fluminis3
1336 1824 1378 1862 in
1409 1817 1599 1860 leviora7

111 1896 275 1946 navigia
303 1901 556 1948 transgressa
586 1897 803 1935 multitudo
835 1900 1080 1935 armatorum
1103 1896 1154 1934 ad
1176 1895 1406 1943 frequentes
1429 1904 1559 1941 agros,

112 1964 242 2002 tribus
273 1966 487 2004 maritimis
510 1966 801 2003 Patavinorum
831 1966 932 2003 vicis
963 1964 1187 2002 colentibus
1213 1975 1300 2000 eam
1324 1974 1444 2007 oram,
1470 1972 1559 2009 per-

112 2033 234 2071 venit.
294 2034 360 2071 lbi
393 2035 553 2085 egressi,
585 2034 773 2084 praesidio
806 2033 885 2071 levi
917 2033 1086 2070 navibus
1108 2031 1262 2077 relicto,
1284 2030 1395 2068 vicos
1412 2027 1603 2078 expug·8

113 2105 223 2149 nant,
254 2102 502 2141 inflammant
531 2107 650 2149 tecta,
680 2102 886 2140 hominum
917 2101 1194 2152 pecudumque
1226 2098 1383 2150 praedas
1424 2099 1562 2147 agunt,

114 2173 155 2207 et
193 2170 408 2210 dulcedine
448 2171 661 2222 praedandi
701 2171 862 2220 longius
902 2183 1028 2220 usque
1065 2183 1088 2207 a
1125 2167 1295 2206 navibus
1325 2165 1561 2218 procedunt.

114 2237 214 2276 Haec
244 2239 318 2278 ubi
347 2241 564 2279 Patavium
595 2243 688 2278 sunt
718 2238 906 2276 nuntiata
937 2239 1111 2287 (semper
1134 2240 1265 2274 autem
1292 2250 1359 2274 eos
1381 2236 1424 2273 in
1440 2233 1561 2272 armis
1580 2234 1603 2270 9

114 2307 259 2344 accolae
293 2308 404 2347 Galli
440 2310 672 2358 habebant),
712 2307 754 2345 in
785 2306 884 2344 duas
914 2310 1048 2357 partes
1079 2306 1328 2343 iuventutem
1360 2302 1562 2341 dividunt.

115 2378 261 2417 Altera
293 2379 334 2416 in
364 2380 582 2429 regionem,
623 2391 701 2427 qua
733 2374 854 2414 effusa
876 2375 1084 2425 populatio
1122 2374 1398 2419 nuntiabatur,
1421 2371 1560 2409 altera,

114 2461 164 2486 ne
197 2448 261 2486 cui
291 2447 527 2498 praedonum
558 2445 678 2484 obvia
707 2444 831 2491 fieret,
861 2444 950 2481 avio
983 2444 1127 2481 itinere
1165 2442 1216 2481 ad
1250 2442 1464 2479 stationem
1494 2453 1562 2477 na·

115 2517 226 2554 vium
257 2516 402 2566 (millia
440 2519 571 2552 autem
611 2512 933 2564 quattuordecim
970 2513 1020 2550 ab
1058 2511 1208 2562 oppido
1241 2511 1397 2559 aberat)
1429 2508 1561 2546 ducta.

115 2585 168 2623 In
197 2599 318 2623 naves
334 2598 490 2636 parvas,
517 2581 750 2620 custodibus
774 2581 1038 2631 interemptis,
1059 2580 1232 2630 impetus
1255 2579 1396 2624 factus,
1410 2577 1561 2615 territi·
1581 2576 1633 2614 10

117 2667 194 2704 que
224 2658 356 2692 nautae
389 2658 588 2703 coguntur
621 2663 740 2688 naves
773 2651 814 2686 in
845 2649 1013 2687 alteram
1043 2648 1177 2698 ripam
1207 2647 1335 2685 amnis
1364 2645 1562 2684 traiicere.
