1821 2928
604 205 694 231 Liber
712 206 798 231 vm.
837 205 884 233 (A.
904 205 956 231 ch.
977 207 1048 236 340.)
1446 201 1496 237 99

110 320 160 358 ab
192 333 233 358 se
263 320 315 357 ad
345 333 416 356 nos
449 319 634 366 descisse,
679 320 879 357 exercitus
924 333 996 357 nos
1034 334 1176 370 parare
1221 323 1412 361 adversus
1445 323 1554 361 Sam-

110 388 226 435 nites,
270 387 484 425 foederatos
515 401 624 434 suos,
669 387 905 434 audierunt,
946 401 1018 425 nec
1049 394 1259 427 moverunt
1290 404 1330 427 se
1362 391 1412 428 ab
1445 392 1555 429 urbe.

111 455 229 494 Unde
260 456 344 493 haec
376 455 461 492 illis
492 459 603 493 tanta
645 456 841 493 modestia
872 456 952 493 nisi
993 470 1016 493 a
1057 458 1305 496 conscientia
1334 460 1482 497 virium
1515 465 1554 498 et
1575 461 1624 498 10

110 528 336 562 nostrarum
368 528 406 561 et
437 523 626 561 suarum?
687 524 860 561 Idoneos
901 528 1083 562 auctores
1115 525 1261 573 habeo,
1293 528 1555 576 querentibus

109 593 157 630 de
188 591 306 629 nobis
337 590 589 629 Samnitibus
623 593 679 629 ita
719 605 952 641 responsum
993 593 1042 630 ab
1075 597 1215 630 senatu
1247 594 1428 633 Romano
1461 609 1555 643 esse,

107 663 152 696 ut
181 659 299 697 facile
330 663 554 710 appareret,
585 673 634 697 ne
658 660 767 710 ipsos
793 660 954 710 quidem
982 662 1058 699 iam
1083 663 1299 712 postulare,
1330 667 1375 701 ut
1390 663 1554 701 Latium

109 728 180 765 sub
212 728 394 766 Romano
428 729 596 778 imperio
628 729 692 765 sit.
768 728 969 778 Fsurpate
1001 730 1118 767 modo
1150 731 1414 780 postulando,
1446 733 1553 782 quod

108 796 173 833 illi
201 796 317 834 vobis
347 797 463 834 taciti
497 797 732 834 concedunt.
802 795 846 833 Si
877 811 992 847 quem
1031 798 1106 835 hoc
1138 802 1265 836 metus
1297 799 1430 837 dicere
1461 814 1550 850 pro·
1573 800 1618 836 11

107 864 231 911 hibet,
263 877 312 901 en
344 878 416 914 ego
449 865 545 915 ipse,
577 865 765 903 audiente
796 878 875 902 11011
907 866 1057 915 populo
1073 866 1258 904 Romano
1290 868 1409 905 modo
1441 882 1552 907 sena-

103 938 250 982 tuque,
296 933 365 970 sed
397 933 494 971 Iove
525 933 634 983 ipso,
681 933 749 983 qui
782 932 1028 983 Capitolium
1070 935 1222 982 incolit,
1269 936 1461 986 profiteor
1493 951 1552 974 me
1616 969 1620 983 ,

107 1001 320 1049 dicturum,
351 1005 407 1048 ut,
445 1002 478 1038 si
509 1015 581 1039 nos
614 1002 654 1038 in
684 1002 833 1039 foedere
866 1016 910 1039 ac
943 1002 1135 1040 societate
1167 1017 1250 1042 esse
1280 1004 1419 1051 velint,
1461 1018 1551 1042 con·
1616 991 1620 999 Ι

106 1069 231 1106 sulem
262 1069 434 1107 alterum
465 1069 516 1106 ab
549 1069 668 1107 nobis
700 1074 938 1120 senatusque
966 1075 1120 1120 partem
1147 1072 1385 1121 accipiant&
1449 1073 1548 1111 Haec
1570 1073 1618 1109 12

105 1137 292 1175 ferociter
322 1150 402 1174 11011
433 1137 619 1175 suadenti
645 1138 785 1184 solum,
817 1138 886 1175 sed
909 1139 1123 1188 pollicenti
1142 1140 1313 1177 clamore
1332 1145 1371 1178 et
1387 1155 1551 1180 assensu

105 1219 239 1243 omnes
269 1206 548 1255 permiserunt,
594 1210 638 1243 ut
675 1211 812 1255 ageret
844 1206 1086 1257 diceretque,
1132 1221 1219 1258 quae
1259 1222 1279 1245 e
1309 1223 1352 1246 re
1385 1211 1550 1259 publica

103 1274 280 1312 nominis
310 1273 449 1311 Latini
480 1274 638 1324 fideque
669 1288 740 1312 sua
770 1274 1016 1312 viderentur.

216 1341 303 1379 Ubi
335 1346 393 1379 est
423 1342 594 1379 Romam
623 1346 797 1389 ventum,
838 1343 880 1379 in
912 1342 1115 1392 Capitolio
1157 1344 1214 1381 eis
1245 1348 1405 1383 senatus
1437 1346 1554 1385 datus

101 1414 170 1447 est.
243 1409 312 1446 Ibi
359 1423 480 1460 quum
512 1410 556 1447 T.
587 1410 766 1448 Manlius
808 1412 946 1449 consul
989 1411 1137 1460 egisset
1173 1425 1261 1449 cum
1293 1413 1350 1450 eis
1381 1427 1429 1451 ex
1460 1428 1552 1452 auc·

103 1478 270 1516 toritate
286 1482 459 1528 patrum,
489 1491 538 1515 110
555 1477 805 1516 Samnitibus
829 1479 1035 1517 foederatis
1060 1480 1209 1517 bellum
1227 1481 1434 1529 inferrent,
1464 1482 1551 1520 An·
1569 1482 1592 1518 2

103 1546 205 1593 nius,
234 1550 426 1595 tanquam
457 1545 586 1584 victor
617 1546 738 1583 armis
769 1546 1017 1596 Capitolium
1059 1549 1239 1598 cepisset,
1283 1563 1363 1586 11011
1394 1550 1550 1599 legatus

105 1614 192 1652 iure
208 1615 388 1663 gentium
406 1618 516 1651 tutus
533 1615 775 1664 loqueretur,
810 1614 1010 1665 „Tempus
1027 1620 1112 1653 erat
1120 1626 1136 1637 *⁵
1157 1617 1303 1666 inquit,
1333 1647 1349 1664 „
1359 1617 1402 1655 T.
1419 1617 1551 1656 Manli
1570 1619 1593 1655 3

103 1695 253 1732 vosque
284 1685 418 1732 patres
450 1683 679 1733 conscripti,
709 1684 872 1720 tandem
906 1684 983 1721 iam
1012 1698 1083 1722 vos
1114 1685 1322 1722 nobiscum
1349 1685 1453 1724 nihil
1479 1700 1552 1736 pro

104 1751 275 1801 imperio
307 1764 436 1799 agere,
481 1764 603 1801 quum
643 1751 971 1789 florentissimum
1011 1752 1128 1790 deum
1160 1753 1415 1802 benignitate
1446 1767 1551 1792 nunc

103 1820 269 1858 Latium
301 1819 423 1856 armis
440 1819 630 1869 virisque,
661 1818 913 1857 Samnitibus
937 1821 1043 1858 bello
1060 1821 1192 1868 victis,
1225 1821 1418 1859 Sidicinis
1437 1822 1550 1860 Cam-

103 1888 299 1938 panisque
331 1887 462 1933 sociis,
493 1900 598 1924 nunc
631 1887 750 1926 etiam
767 1888 931 1925 Volscis
962 1889 1175 1936 adiunctis,
1205 1890 1413 1935 videretis;
1445 1891 1549 1928 colo-

103 1956 192 1994 nias
231 1968 391 2005 quoque
435 1959 587 1993 vestras
626 1955 818 1994 Latinum
848 1956 1032 1994 Romano
1071 1958 1297 2007 praetulisse
1327 1958 1550 2009 imperium.

104 2023 184 2061 Sed
215 2023 405 2074 quoniam
435 2037 517 2070 vos,
548 2037 671 2073 regno
697 2023 909 2073 impotenti
935 2023 1053 2061 finem
1070 2028 1116 2062 ut
1130 2024 1360 2074 imponatis,
1389 2040 1471 2064 non
1487 2026 1547 2064 in·
1566 2026 1591 2063 4

104 2092 255 2130 ducitis
286 2093 326 2130 in
358 2092 545 2139 animum,
583 2105 667 2139 nos,
707 2105 936 2141 quanquam
969 2092 1091 2130 armis
1128 2105 1337 2142 possumus
1375 2108 1550 2133 asserere

102 2160 266 2198 Latium
296 2160 339 2197 in
369 2161 611 2208 libertatem,
643 2160 984 2209 consanguinitati
1013 2163 1147 2198 tamen
1178 2161 1252 2200 hoc
1279 2161 1476 2210 dabimus,
1505 2166 1552 2200 ut

103 2229 359 2267 condiciones
389 2229 502 2279 pacis
532 2229 706 2266 feramus
729 2241 863 2277 aequas
884 2229 1078 2278 utrisque,
1109 2229 1299 2278 quoniam
1322 2230 1429 2268 vires
1453 2244 1548 2280 quo·

103 2310 179 2346 que
224 2297 375 2346 aequari
423 2297 484 2335 dis
530 2297 825 2335 immortalibus
869 2296 1035 2347 placuit.
1114 2296 1328 2335 Consulem
1374 2298 1546 2335 alterum
1566 2297 1589 2334 5

102 2364 243 2412 Roma,
274 2365 446 2402 alterum
477 2379 524 2402 ex
547 2365 668 2403 Latio
694 2365 826 2402 creari
844 2368 1015 2415 oportet,
1046 2368 1205 2403 senatus
1221 2369 1377 2415 partem
1395 2379 1549 2415 aequam

104 2446 151 2470 ex
179 2436 350 2483 utraque
380 2437 497 2482 gente
528 2447 629 2480 esse,
669 2446 792 2471 unum
823 2433 1038 2483 populum,
1077 2447 1197 2472 unam
1226 2447 1311 2471 rem
1342 2433 1547 2483 publicam

104 2499 208 2547 fieri3
239 2505 279 2539 et
307 2505 354 2539 ut
383 2501 544 2551 imperii
575 2501 712 2539 eadem
744 2501 856 2540 sedes
887 2503 941 2540 sit
971 2502 1158 2552 idemque
1189 2502 1375 2541 omnibus
1391 2515 1546 2549 nomen,
1565 2503 1588 2539 6

104 2569 293 2618 quoniam
339 2571 388 2608 ab
435 2571 656 2608 alterautra
708 2574 822 2619 parte
874 2570 1040 2608 concedi
1092 2583 1252 2608 necesse
1304 2573 1379 2616 est,
1439 2569 1547 2620 quod

103 2637 282 2687 utrisque
313 2638 414 2676 bene
444 2642 586 2686 vertat,
617 2638 672 2675 sit
700 2637 785 2676 haec
816 2652 910 2676 sane
941 2639 1076 2689 patria
1121 2639 1257 2688 potior
1302 2642 1343 2675 et
1371 2637 1547 2676 Romani

1221 2716 1263 2747 5*

1643 1343 1671 1389 5
