1821 2928
401 201 455 238 84
840 211 929 236 Liber
946 211 1014 236 vn.
1053 211 1100 239 (A.
1120 219 1148 236 u.
1167 219 1192 237 c.
1212 214 1282 240 411.)

343 326 588 364 Samnitibus
619 329 698 371 est,
739 325 867 375 quoad
908 329 1035 362 totum
1077 326 1116 362 in
1155 326 1297 363 vallem
1340 327 1513 364 infimam
1544 327 1769 365 demitteret

343 409 494 445 agmen.
525 395 571 432 P.
603 394 752 432 Decius
782 394 968 431 tribunus
1000 394 1171 431 militum
1198 396 1391 445 conspicit
1416 409 1538 433 unum
1553 395 1705 433 editum
1727 396 1769 433 in

342 464 447 501 saltu
479 463 629 509 collem,
661 462 926 499 imminentem
943 462 1114 499 hostium
1148 463 1298 509 castris,
1328 464 1441 501 aditu
1464 463 1632 501 arduum
1648 464 1768 513 impe—

302 532 427 569 4dito
459 531 621 580 agmini,
651 531 847 581 expeditis
879 530 985 567 haud
1011 530 1226 568 difficilem.
1286 532 1428 582 Itaque
1446 532 1597 569 consuli
1626 532 1769 569 territo

342 600 465 638 animi
499 599 700 645 „Videsne
730 602 798 635 tu‘
834 599 973 647 inquit,
1009 598 1084 644 ,.A.
1112 598 1284 646 Corneli,
1315 613 1501 653 cacumen
1532 600 1633 637 illud
1650 613 1770 650 supra

342 667 524 706 hostem?
555 667 643 704 Arx
674 666 743 703 illa.
775 672 831 703 est
863 667 947 716 spei
978 667 1195 717 salutisque
1219 656 1439 715 nostrae,⁷si
1456 682 1552 715 eam,
1583 668 1769 718 quoniam

304 735 326 773 5
345 735 438 773 caeci
467 735 664 784 reliquere
696 733 911 780 Samnites,
942 735 1111 784 impigre
1143 736 1328 785 capimus.
1389 736 1448 774 Ne
1477 740 1521 773 tu
1552 735 1650 773 mihi
1680 735 1770 785 plus

342 818 459 853 quam
491 804 607 840 unius
637 803 805 851 legionis
835 803 1035 852 principes
1066 804 1320 853 hastatosque
1351 804 1529 850 dederis,
1566 817 1653 841 oum
1685 802 1769 852 qui-

342 873 416 910 bus
446 872 516 909 ubi
547 885 704 908 evasero
743 871 782 907 in
814 884 1023 917 summum,
1069 885 1188 921 perge
1226 872 1319 909 hinc
1364 873 1470 910 omni
1514 873 1616 910 liber
1652 874 1771 918 metu,

341 943 459 989 teque
492 944 527 976 et
559 939 774 976 exercitum
805 953 936 985 serva3
976 953 1103 988 neque
1135 940 1238 978 enim
1268 941 1417 978 moveri
1447 940 1582 987 hostis,
1619 939 1770 978 subiec-

304 1009 407 1045 6tus
437 1008 551 1045 nobis
583 1007 632 1044 ad
679 1021 810 1044 omnes
856 1008 976 1054 ictus,
1021 1009 1105 1045 sine
1145 1022 1215 1045 sua
1254 1008 1431 1058 pernicie
1471 1008 1630 1058 poterit.
1687 1007 1771 1046 Nos

343 1077 486 1114 deinde
518 1079 585 1112 aut
615 1076 775 1113 fortuna
805 1076 943 1125 populi
959 1077 1132 1114 Romani
1155 1080 1224 1114 aut
1246 1079 1383 1114 nostra
1397 1077 1524 1114 virtus
1547 1075 1768 1126 expediet.“

304 1145 326 1180 7
345 1144 605 1183 Collaudatus
636 1144 685 1181 ab
718 1144 887 1191 consule,
918 1148 1077 1194 accepto
1109 1145 1308 1194 praesidio,
1343 1145 1457 1183 vadit
1494 1144 1672 1183 occultus
1701 1157 1772 1194 per

342 1213 506 1259 saltumj.
537 1226 607 1249 nec
639 1213 750 1262 prius
781 1213 829 1250 ab
861 1213 972 1251 hoste
1004 1217 1063 1251 est
1091 1213 1210 1259 visus,
1241 1227 1358 1263 quam
1390 1214 1488 1259 loco,
1518 1226 1634 1263 quem
1663 1215 1771 1263 pete-

302 1281 424 1328 Sbat,
464 1281 816 1331 appropinquavit.
888 1281 989 1318 Inde
1029 1281 1291 1319 admiratione
1331 1281 1568 1331 paventibus
1609 1280 1772 1327 cunctis,

344 1364 464 1400 quum
496 1350 669 1387 omnium
702 1350 741 1386 in
773 1363 812 1386 se
827 1349 1011 1386 vertisset
1043 1349 1187 1395 oculos,
1219 1353 1257 1386 et
1287 1350 1459 1399 spatium
1485 1348 1638 1387 consuli
1661 1347 1772 1385 dedit

343 1418 394 1456 ad
425 1417 723 1455 subducendum
755 1431 895 1466 agmen
926 1418 967 1454 in
998 1418 1209 1467 aequiorem
1226 1418 1356 1455 locum
1388 1421 1427 1454 et
1457 1418 1541 1467 ipse
1558 1417 1598 1454 in
1622 1429 1772 1454 summo

303 1487 326 1521 9
345 1486 522 1524 constitit
552 1485 711 1523 vertice.
744 1484 941 1523 Samnites
973 1485 1065 1522 dum
1098 1487 1173 1522 huc
1199 1486 1293 1522 illuc
1310 1486 1423 1535 signa
1438 1488 1610 1532 vertunt,
1625 1484 1772 1522 utrius·

343 1568 418 1605 que
458 1554 516 1591 rei
557 1554 700 1591 amissa
743 1554 965 1600 occasione,
1006 1568 1133 1602 neque
1171 1554 1327 1603 insequi
1368 1553 1565 1592 consulem
1595 1552 1672 1590 nisi
1702 1565 1772 1602 per

343 1622 508 1660 eandem
539 1621 694 1667 vallem,
727 1622 769 1658 in
801 1636 877 1671 qua
914 1623 1034 1671 paulo
1066 1626 1157 1658 ante
1187 1622 1408 1659 subiectum
1439 1635 1526 1658 eum
1563 1621 1654 1659 telis
1691 1620 1773 1658 suis

344 1690 575 1735 habuerant,
606 1694 769 1738 possunt
801 1702 871 1726 nec
903 1689 1055 1737 erigere
1086 1703 1226 1738 agmen
1258 1690 1297 1726 in
1329 1693 1487 1739 captum
1519 1703 1637 1739 super
1660 1702 1700 1726 se
1723 1689 1772 1726 ab

277 1757 328 1793 10
345 1757 471 1795 Decio
502 1757 718 1802 tumulum3
757 1757 825 1793 sed
864 1770 983 1806 quum
1016 1758 1074 1794 ira
1106 1758 1146 1794 in
1183 1758 1254 1795 hos
1284 1758 1427 1806 magis,
1465 1757 1536 1807 qui
1573 1757 1772 1794 fortunam

345 1825 528 1875 gerendae
558 1825 617 1861 rei
649 1825 890 1874 eripuerant,
920 1829 1004 1862 tum
1022 1825 1299 1875 propinquitas
1330 1825 1407 1863 loci
1424 1828 1543 1875 atque
1560 1825 1646 1874 ipsa
1675 1837 1772 1874 pau--

278 1893 324 1930 11
346 1894 443 1930 citas
475 1893 630 1939 incitat,
661 1897 699 1930 et
729 1906 832 1930 nunc
856 1894 1102 1930 circumdare
1134 1894 1311 1944 undique
1343 1893 1481 1931 collem
1513 1892 1677 1931 armatis
1706 1906 1772 1930 vo-

344 1962 442 2007 lunt,
472 1964 515 1998 ut
547 1975 568 1998 a
593 1962 752 1998 consule
769 1961 939 1998 Decium
971 1961 1252 2008 intercludant,
1282 1975 1385 1999 nunc
1414 1962 1520 1999 viam
1542 1961 1774 2011 patefacere,

344 2033 388 2066 ut
427 2029 630 2078 degressos
669 2029 709 2065 in
746 2029 891 2066 vallem
932 2029 1176 2067 adoriantur.
1236 2030 1425 2077 Incertos‚
1465 2029 1562 2079 quid
1600 2031 1774 2078 agerent,

346 2111 423 2135 nox
454 2097 662 2146 oppressit.

279 2164 328 2200 12
460 2165 631 2202 Decium
662 2164 831 2213 primum
864 2178 952 2214 spes
981 2165 1124 2211 tenuit,
1156 2178 1243 2202 cum
1274 2166 1534 2203 subeuntibus
1563 2165 1605 2202 in
1635 2164 1773 2202 adver-

347 2247 431 2271 sum
464 2233 602 2270 collem
635 2246 682 2268 ex
714 2232 918 2281 superiore
949 2233 1034 2270 loco
1067 2246 1107 2270 se
1138 2237 1424 2282 pugnaturum3
1465 2233 1611 2270 deinde
1648 2231 1771 2270 admi-

346 2301 449 2338 ratio
488 2300 668 2345 incessit,
710 2300 814 2348 quod
853 2314 923 2337 nec
953 2314 1126 2350 pugnam
1164 2301 1311 2338 inirent
1341 2315 1430 2348 nec,
1460 2301 1494 2339 si
1525 2301 1575 2338 ab
1607 2313 1651 2338 eo
1683 2312 1772 2337 con-

347 2369 438 2406 silio
470 2368 683 2418 iniquitate
721 2368 798 2405 loci
829 2368 1136 2415 deterrerentur,
1176 2382 1293 2418 opere
1325 2383 1364 2406 se
1394 2369 1579 2418 valloque
1609 2368 1772 2405 circum-

282 2435 331 2472 13
351 2437 502 2474 darent.
561 2435 662 2473 Tum
694 2436 993 2473 centurionibus
1024 2436 1073 2472 ad
1106 2450 1145 2473 se
1174 2437 1340 2474 vocatis:
1376 2437 1592 2484 „Quaenam
1616 2436 1688 2473 illa
1713 2435 1772 2472 in-

350 2505 463 2542 scitia
494 2505 590 2542 belli
622 2517 665 2541 ac
683 2504 850 2553 pigritia
868 2503 956 2540 est?
987 2507 1055 2540 aut
1086 2517 1255 2553 quonam
1286 2505 1402 2542 modo
1426 2504 1493 2542 isti
1516 2517 1563 2541 ex
1580 2502 1772 2541 Sidicinis

350 2572 640 2621 Campanisque
678 2571 885 2608 victoriam
923 2570 1196 2620 pepererunt‘.>
1239 2572 1330 2609 Huc
1368 2575 1487 2620 atque
1524 2571 1620 2608 illuc
1657 2571 1773 2620 signa

349 2641 499 2677 moveri
530 2653 575 2677 ac
606 2638 722 2676 modo
754 2639 794 2675 in
811 2651 929 2675 unum
954 2639 1133 2685 conferri,
1164 2639 1279 2676 modo
1312 2639 1448 2676 diduci
1478 2639 1641 2686 videtis,
1672 2652 1772 2688 opus
