1821 2928
407 182 457 218 73
847 190 936 215 Liber
955 190 1022 214 VH.
1061 190 1108 217 (A.
1129 198 1156 215 u.
1176 197 1200 215 c.
1220 192 1290 219 411.)

346 310 546 343 contracta
590 309 707 347 esset-2
746 309 840 342 tunc
873 305 988 351 enim,
1028 309 1073 342 ut
1103 305 1170 354 qui
1213 318 1259 341 ex
1292 318 1403 355 aequo
1444 319 1515 343 nos
1544 305 1698 343 venisse
1729 306 1770 344 in

345 374 565 411 amicitiam
589 374 914 419 meminissemus,
945 374 1062 411 amici
1094 373 1263 411 forsitan
1292 374 1445 423 pariter
1469 387 1513 411 ac
1536 387 1651 421 nunc,
1682 374 1771 412 sub-

307 442 443 478 3iecti
475 447 592 491 atque
625 441 792 479 obnoxii
824 442 938 479 vobis
970 442 1099 479 minus
1131 455 1318 487 essemus3
1350 455 1464 489 nunc,
1496 442 1774 480 misericordia

345 514 476 548 vestra
493 509 701 547 conciliati
725 510 957 559 auxilioque
983 510 1023 546 in
1050 510 1183 547 dubiis
1207 510 1325 547 rebus
1343 510 1506 557 defensi,
1536 510 1772 548 beneficium

347 592 503 628 quoque
520 581 725 627 acceptum
743 578 919 615 colamus
951 582 1117 627 oportet,
1148 592 1196 615 ne
1228 579 1379 627 ingrati
1410 583 1528 629 atque
1560 579 1668 617 omni
1700 593 1773 629 ope

305 646 329 682 4
347 647 487 684 divina
503 647 752 695 humanaque
771 646 927 694 indigni
946 647 1162 684 videamur.
1194 647 1332 695 Neque
1350 647 1521 695 hercule,
1539 648 1646 697 quod
1663 645 1772 685 Sam—

346 716 449 752 nites
480 715 632 764 priores
664 715 782 751 amici
815 715 994 764 sociique
1010 715 1125 752 vobis
1142 715 1238 752 fact-i
1257 719 1357 761 sunt,
1388 716 1439 753 ad
1457 716 1498 754 id
1516 716 1649 754 valere
1665 715 1773 753 arbi-

345 789 440 829 tror,
471 797 519 820 ne
543 797 613 820 nos
638 783 678 819 in
697 783 917 820 amicitiam
935 783 1189 833 accipiamur,
1221 784 1288 821 sed
1313 788 1357 821 ut
1372 787 1568 822 vetustate
1586 787 1625 821 et
1647 783 1774 832 gra-du

347 852 509 890 honoris
540 866 609 889 nos
641 855 845 900 praestent,
878 865 1002 901 neque
1035 852 1139 888 enim
1171 852 1317 889 foedere
1335 850 1587 899 Samnitium,
1617 866 1664 890 ne
1696 865 1775 902 qua

307 920 449 958 5nova
480 919 700 968 iungeretis
731 919 890 965 foedera,
931 924 1087 956 cautum
1121 924 1188 957 est.
1249 920 1346 957 Fuit
1376 920 1537 969 quidem
1569 921 1674 970 apud
1704 934 1775 958 vos

345 1002 496 1037 semper
513 989 610 1025 satis
636 988 741 1024 iusta
758 1001 875 1024 causa
894 988 1093 1034 amicitiae,
1124 989 1226 1025 velle
1252 1002 1339 1025 eum
1353 989 1469 1026 vobis
1494 989 1664 1026 amicum
1681 1002 1776 1035 esse,

307 1057 328 1092 6
347 1057 416 1106 qui
447 1070 516 1093 vos
549 1059 772 1105 appeteret,
815 1055 1020 1105 Campani,
1061 1057 1135 1093 etsi
1173 1057 1333 1094 fortuna
1363 1070 1535 1106 praesens
1566 1056 1775 1105 magnifice

347 1125 457 1174 loqui
488 1124 686 1173 prohibet,
720 1138 797 1162 non
828 1125 938 1162 urbis
963 1125 1239 1174 amplitudine,
1269 1138 1348 1162 non
1375 1126 1462 1174 agri
1486 1125 1669 1162 ubertate
1699 1125 1775 1162 ulli

345 1193 494 1242 populo
512 1197 777 1242 praeterquam
794 1193 909 1230 vobis
927 1194 1120 1240 cedentes,
1152 1193 1257 1231 haud
1274 1207 1407 1243 parva,
1438 1196 1482 1229 ut
1499 1193 1686 1240 arbitror,
1713 1207 1774 1231 ac-

346 1261 470 1298 cessio
516 1261 632 1298 bonis
677 1261 795 1298 rebus
840 1262 984 1298 vestris
1030 1262 1072 1298 in
1115 1261 1334 1298 amicitiam
1373 1262 1552 1299 venimus
1592 1265 1775 1299 vestram.

310 1331 330 1365 7
348 1330 494 1379 AEquis
512 1329 761 1379 Volscisque,
793 1330 953 1366 aeternis
970 1330 1152 1367 hostibus
1169 1330 1287 1367 huius
1302 1330 1427 1376 urbis,
1459 1330 1775 1379 quandocunque

347 1412 386 1435 se
417 1398 626 1445 moverint,
658 1397 707 1434 ab
738 1402 850 1446 tergo
884 1399 1040 1445 erimus,
1073 1402 1110 1435 et
1141 1399 1249 1447 quod
1278 1412 1347 1435 vos
1379 1411 1450 1447 pro
1483 1398 1609 1435 salute
1640 1401 1777 1435 nostra

347 1467 500 1516 priores
532 1466 720 1512 feceritis,
753 1466 795 1502 id
826 1481 896 1504 nos
927 1480 999 1515 pro
1032 1467 1199 1516 imperio
1230 1469 1362 1503 vestro
1393 1469 1431 1503 et
1462 1465 1593 1514 gloria
1624 1479 1778 1514 semper

307 1534 550 1572 Sfaciemus.
611 1533 798 1571 Subactis
830 1535 880 1571 iis
913 1534 1110 1583 gentibus,
1142 1548 1228 1583 quae
1262 1535 1364 1571 111101·
1395 1547 1465 1571 1103
1494 1546 1642 1583 vosque
1674 1537 1777 1580 sunt,

347 1601 454 1652 quod
484 1601 715 1651 propediem
746 1603 923 1639 futurum
955 1603 1121 1652 spondet
1153 1608 1192 1639 et
1214 1603 1343 1639 virtus
1375 1606 1414 1639 et
1444 1602 1605 1639 fortuna
1635 1605 1777 1648 vestra,

307 1670 556 1708 9continens
598 1670 806 1719 imperium
848 1684 970 1719 usque
1013 1671 1061 1707 ad
1103 1685 1172 1707 1103
1214 1670 1427 1708 habebitis.
1487 1669 1691 1707 Acerbum
1731 1682 1776 1706 ac

349 1740 534 1776 miserum
566 1743 634 1784 031,
666 1739 772 1787 quod
805 1739 920 1775 fateri
947 1753 1017 1775 1103
1049 1739 1207 1775 fortuna
1239 1742 1374 1774 nostra
1398 1738 1522 1786 cogit:
1555 1750 1599 1774 eo
1615 1740 1775 1774 ventum

348 1812 416 1853 cst,
446 1812 578 1857 patres
611 1806 837 1855 conscripti,
869 1812 911 1843 ut
943 1811 1010 1843 aut
1042 1807 1258 1843 amicorum
1290 1810 1357 1843 aut
1388 1806 1637 1842 inimicorum
1662 1804 1777 1842 Cam·-

284 1877 332 1912 10
349 1876 443 1926 pani
474 1876 605 1912 simus.
653 1873 696 1911 Si
730 1875 955 1922 defenditis,
986 1875 1119 1921 vestri,
1152 1876 1184 1911 31
1218 1875 1412 1920 deseritis,
1444 1872 1683 1910 Samnitium
1701 1873 1776 1910 eri—

349 1958 452 1989 111113;
485 1943 661 1993 Capuam
694 1956 786 1991 ergo
821 1947 859 1979 et
891 1942 1150 1992 Campaniam
1182 1956 1335 1980 omnem
1367 1942 1509 1979 vestris
1541 1955 1590 1979 an
1621 1939 1776 1978 Samni-

284 2013 328 2047 11
349 2014 450 2049 1111111
481 2011 637 2049 viribus
669 2011 855 2048 accedere
887 2012 1049 2057 malitis,
1089 2012 1320 2049 deliberate.
1381 2009 1574 2047 Omnibus
1605 2008 1778 2059 quidem,

347 2080 530 2125 Romani,
561 2084 732 2116 vestram
763 2079 1080 2117 misericordiam
1111 2084 1363 2128 vestrumque
1395 2078 1591 2116 auxilium
1622 2090 1777 2126 aequum

349 2154 407 2185 est-
451 2151 598 2197 patere,
645 2147 695 2184 iis
739 2151 871 2184 tamen
917 2149 1096 2195 maxime,
1142 2148 1211 2198 qui
1252 2161 1296 2184 ea
1337 2146 1645 2196 implorantibus
1685 2145 1778 2183 aliis

349 2216 577 2266 [auxilium]
606 2215 698 2251 dum
727 2229 845 2265 supra
871 2216 975 2253 vires
1002 2230 1091 2253 suas
1118 2220 1318 2265 praestant,
1346 2215 1446 2254 αἠΐθ
1473 2227 1605 2252 omnes
1631 2213 1710 2262 ipsi
1735 2213 1778 2250 in

282 2284 330 2319 1‘2
349 2286 447 2322 hanc
481 2283 753 2321 necessitatem
769 2288 974 2322 venerunt.
1021 2284 1257 2333 Quanquam
1279 2283 1544 2333 pugnavimus
1559 2281 1681 2320 verbo
1704 2294 1777 2330 pro

349 2352 556 2399 Sidicinis,
587 2365 629 2388 re
659 2365 730 2401 pro
762 2352 888 2398 nobis,
930 2366 1049 2402 quum
1079 2352 1304 2389 videremus
1334 2351 1549 2389 finitimum
1588 2349 1778 2400 populum

348 2422 501 2458 nefario
519 2420 730 2457 latrocinio
749 2418 987 2458 Samnitium
1005 2421 1089 2470 peti
1108 2425 1157 2467 et,
1174 2420 1245 2457 ubi
1263 2420 1574 2468 conflagrassent
1590 2416 1778 2462 Sidicini,

282 2489 331 2524 13
349 2489 400 2525 ad
431 2502 501 2526 nos
543 2488 800 2525 traiecturum
842 2488 940 2524 illud
984 2489 1212 2526 incendium
1244 2502 1336 2525 esse.
1395 2488 1478 2526 Nec
1520 2486 1624 2523 enim
1663 2496 1778 2530 nunc,

350 2557 444 2606 quia
475 2557 612 2594 dolent
651 2556 840 2592 iniuriam
882 2561 1082 2605 acceptam
1115 2555 1325 2602 Samnites,
1366 2555 1434 2592 sed
1465 2554 1560 2604 quia
1591 2552 1776 2601 gaudent,

283 2623 334 2660 14
350 2624 526 2661 oblatam
557 2624 637 2662 sibi
669 2637 750 2667 esse
783 2635 952 2670 causam,
995 2628 1264 2673 oppugnatum
1295 2636 1365 2660 nos
1395 2623 1573 2659 veniunt.
1632 2619 1712 2665 An,
1742 2618 1775 2656 si
