1821 2928
597 182 687 207 uber
704 182 757 207 VI.
796 182 842 211 (A,
863 182 916 208 ch.
936 184 1006 212 ssu)
1419 173 1468 210 31

88 303 272 345 naturos,
327 301 371 335 ut
415 297 553 335 Romae
609 297 880 347 pugnaverint
936 297 977 334 in
1023 298 1241 347 repetenda
1297 298 1442 347 patria,
1487 302 1532 335 ut

88 371 248 418 postero
280 367 346 404 die
378 366 429 404 ad
462 365 627 412 Gabios,
666 370 760 403 tunc
793 379 913 415 quum
946 365 1163 413 effecerint,
1194 380 1242 403 ne
1274 366 1363 416 quis
1394 366 1532 413 hostis,

89 436 158 486 qui
190 436 337 473 moenia
367 435 550 473 Romana
582 435 785 481 intrasset,
824 434 1010 472 nuntium
1052 434 1234 472 secundae
1276 435 1531 485 adversaeque

89 505 260 542 fortunae
293 503 453 541 domum
484 504 690 553 perferret.

202 573 282 610 His
322 573 511 622 utrinque
553 572 699 610 animis
740 571 790 609 ad
822 571 962 609 Aliam
1002 575 1166 608 ventum
1208 575 1275 609 est.
1336 571 1529 609 Dictator
1609 566 1666 614 29

89 640 306 688 Romanus,
346 644 558 691 postquam
602 640 644 677 in
686 643 899 689 conspectu
939 640 1073 677 hostes
1106 644 1221 677 erant
1252 641 1439 677 instructi
1473 641 1531 677 in-

87 710 282 760 tentique,
332 709 537 756 „Videsne
575 712 644 745 ἰιιίέ
689 709 831 757 inquit,
881 707 958 755 „A.
990 707 1216 758 Semproni,
1262 709 1341 746 loci
1373 710 1534 747 fortuna

90 778 184 815 illos
215 779 339 815 fretos
371 778 421 815 ad
438 777 579 815 Aliam
605 776 862 814 constitisse?
893 790 964 814 nec
997 777 1082 814 illis
1106 777 1148 813 di
1182 777 1428 815 immortales
1452 792 1533 815 cer·

89 846 208 884 tioris
240 846 456 896 quicquam
487 845 657 892 fiduciae,
688 845 900 883 maiorisve
926 846 1033 895 quod
1066 846 1119 883 sit
1150 846 1305 893 auxilii,
1337 846 1533 884 dederint.

89 913 150 952 At
180 918 236 961 tu,
268 915 392 952 fretus
410 914 532 951 armis
550 914 787 963 animisque,
820 915 1033 953 concitatis
1051 915 1164 964 equis
1189 915 1334 953 invade
1359 915 1533 953 mediam
1551 916 1574 951 2

88 982 232 1029 aciem,
264 995 336 1031 ego
361 996 448 1019 cum
480 982 708 1031 legionibus
732 983 776 1020 in
798 984 983 1022 turbatos
1007 984 1337 1034 trepidantesque
1364 984 1533 1021 inferam

88 1051 215 1100 signa.
275 1051 442 1098 Adeste,
482 1051 523 1088 di
561 1055 683 1088 testes
715 1051 889 1101 foederis,
929 1056 968 1090 et
999 1053 1175 1103 expetite
1206 1066 1344 1102 poenas
1377 1053 1534 1090 debitas

88 1120 208 1157 simul
238 1121 351 1158 vobis
388 1120 553 1158 violatis
591 1120 788 1170 nobisque
818 1135 889 1170 per
926 1125 1103 1158 vestrum
1136 1134 1281 1158 numen
1313 1121 1528 1171 deceptis.“

87 1187 180 1227 Non
221 1189 406 1239 equitem,
450 1203 531 1226 non
575 1188 754 1239 peditem
795 1190 1018 1227 sustinuere
1059 1189 1313 1227 Praenestini.
1381 1190 1565 1227 Prim03

89 1259 242 1309 impetu
282 1272 327 1296 ac
375 1258 546 1296 clamore
588 1257 775 1307 dissipati
824 1259 984 1296 ordines
1027 1263 1136 1304 sunt3
1184 1259 1276 1295 dein
1322 1263 1533 1308 postquam

36 1346 40 1349 ·
87 1327 197 1365 nullo
237 1327 325 1364 loco
365 1326 576 1364 constabat
613 1326 731 1371 acies,
767 1330 884 1375 terga
921 1331 1094 1374 vertunt,
1137 1328 1463 1377 consternatique
1495 1331 1535 1364 et

88 1400 234 1446 praeter
265 1399 395 1433 castra
419 1395 540 1432 etiam
572 1407 643 1432 sua
674 1408 821 1444 pavore
853 1395 1012 1445 praelati
1042 1409 1123 1433 non
1153 1396 1267 1445 prius
1298 1409 1338 1432 se
1370 1395 1420 1433 ab
1439 1394 1532 1432 effu-

93 1477 135 1501 so
169 1477 286 1501 cursu
317 1464 475 1510 sistunt,
517 1477 635 1513 quam
677 1464 719 1501 in
759 1467 973 1513 conspectu
1005 1463 1210 1502 Praeneste
1240 1464 1328 1502 fuit.
1387 1463 1455 1501 Ibi
1487 1464 1578 1501 ex4

93 1532 189 1582 fuga
220 1532 419 1582 dissipata
456 1532 598 1578 locum,
637 1545 752 1581 quem
782 1532 1047 1570 tumultuario
1081 1546 1199 1583 opere
1232 1533 1535 1580 communirent,

95 1601 269 1651 capiunt,
300 1614 361 1648 ne,
392 1601 425 1638 si
458 1601 565 1639 intra
591 1601 738 1638 moenia
769 1614 809 1638 se
839 1602 1096 1651 recepissent,
1128 1602 1326 1651 extemplo
1351 1606 1535 1639 ureretur

93 1683 189 1719 ager
227 1669 561 1720 depopulatisque
605 1669 791 1707 omnibus
833 1669 992 1707 obsidio
1035 1671 1127 1708 urbi
1169 1671 1395 1708 inferretur.
1456 1669 1578 1707 Sed5

93 1742 316 1788 postquam,
348 1738 520 1789 direptis
552 1739 603 1776 ad
636 1738 777 1776 Aliam
809 1739 961 1786 castris,
991 1740 1123 1777 victor
1145 1739 1352 1777 Romanus
1385 1739 1533 1786 aderat,

92 1806 135 1845 id
168 1820 326 1857 quoque
358 1808 647 1845 munimentum
677 1807 876 1853 relictum,
907 1811 947 1845 et
962 1807 1031 1845 vix
1062 1808 1208 1845 moenia
1237 1811 1325 1845 tuta
1356 1808 1435 1845 rati
1468 1821 1535 1858 op-

92 1875 189 1926 pido
221 1889 262 1913 se
279 1875 484 1913 Praeneste
517 1876 740 1913 includunt.
787 1875 888 1913 Octo
913 1880 1107 1926 praeterea
1133 1876 1283 1926 oppida
1315 1880 1428 1914 erant
1458 1876 1530 1913 sub
1551 1878 1573 1913 6

93 1944 253 1982 dicione
271 1944 633 1990 Praencstinorum3
665 1944 714 1982 ad
748 1958 794 1982 ea
825 1944 1103 1982 circumlatum
1136 1945 1298 1991 bellum,
1329 1944 1534 1995 deinceps-

93 2028 168 2065 que
201 2014 308 2052 haud
340 2026 484 2062 magno
518 2013 733 2050 certamine
766 2013 905 2063 captis,
938 2013 1119 2051 Velitras
1151 2014 1348 2051 exercitus
1380 2013 1534 2051 ductus.

91 2082 161 2120 Eae
193 2096 351 2132 quoque
379 2084 625 2131 expugnatae.
672 2081 774 2118 Tum
798 2081 848 2119 ad
875 2085 994 2131 caput
1022 2082 1120 2119 belli
1137 2081 1342 2120 Praeneste
1359 2086 1532 2119 ventum.
1554 2083 1575 2117 7

92 2151 143 2189 Id
174 2165 253 2188 non
284 2151 334 2198 vi,
374 2150 443 2188 sed
484 2163 555 2200 per
586 2149 835 2187 deditionem
865 2154 1070 2201 receptum
1102 2154 1171 2188 est.
1232 2150 1275 2188 T.
1308 2151 1574 2198 Quinctius,8

93 2220 218 2258 semel
248 2220 333 2257 acie
364 2219 507 2265 victor,
553 2218 662 2256 binis
704 2218 847 2255 castris
887 2218 1075 2265 hostium,
1121 2233 1261 2257 novem
1305 2219 1465 2270 oppidis
1496 2219 1536 2256 vi

94 2288 232 2338 captis,
263 2287 468 2325 Praeneste
500 2287 542 2324 in
573 2286 821 2324 deditionem
846 2292 1022 2339 accepto,
1051 2288 1222 2326 Romam
1253 2288 1432 2334 revertit,
1462 2287 1534 2324 tri-

93 2357 368 2407 umphansque
400 2356 557 2405 signum
589 2355 792 2393 Praeneste
825 2355 1032 2394 devectum
1062 2357 1172 2395 Iovis
1205 2356 1461 2407 imperatoris
1493 2356 1535 2393 in

95 2423 344 2476 Capitolium
375 2426 482 2463 tulit.
542 2425 789 2462 Dedicatum
821 2429 881 2462 est
918 2425 1023 2463 inter
1056 2426 1196 2464 cellam
1228 2425 1339 2463 Iovis
1379 2439 1423 2462 ac
1454 2425 1530 2462 Mi-
1550 2425 1574 2461 9

94 2505 237 2540 nervae,
266 2494 484 2544 tabulaque
516 2494 588 2530 sub
621 2506 666 2530 eo
698 2493 787 2538 fixa,
826 2498 1123 2532 monumentum
1154 2508 1287 2531 rerum
1319 2497 1533 2542 gestarum,

95 2558 159 2598 his
199 2562 321 2599 ferme
362 2562 491 2599 incisa
532 2562 683 2599 litteris
724 2562 816 2599 fuit:
867 2562 1080 2613 „Iuppiter
1122 2566 1241 2612 atque
1283 2561 1366 2599 divi
1400 2574 1533 2598 omnes
