1821 2928
409 170 460 206 46
818 180 908 204 Liber
926 179 978 204 VI.
1015 179 1062 207 (A.
1081 186 1109 204 u.
1129 185 1153 204 c.
1173 180 1328 207 386—387.)

353 295 441 330 cato
474 293 662 338 ferantur,
702 306 780 330 non
811 292 1070 341 magistratus
1102 295 1302 338 creentur;
1347 305 1419 329 nec
1450 291 1684 330 centuriatis
1713 304 1785 329 nec

352 361 518 397 curiatis
560 359 734 397 comitiis
774 364 907 410 patres
949 364 1128 398 auctores
1167 359 1284 405 fiant;
1331 358 1494 397 Sextius
1535 362 1573 397 et
1602 358 1785 396 Licinius

351 432 541 477 tanquam
572 427 765 465 Romulus
797 441 841 465 ac
873 427 1015 465 Tatius
1047 428 1088 465 in
1130 427 1228 465 urbe
1259 427 1441 465 Romana
1471 429 1649 475 regnent,
1690 425 1785 475 quia

288 495 543 545 llpecunias
589 495 757 541 alienas,
809 495 905 544 quia
950 509 1065 544 agros
1111 495 1214 533 dono
1262 495 1368 532 dant.
1442 494 1573 532 Tanta
1617 493 1785 532 dulcedo

349 566 408 599 est
453 576 500 599 ex
547 562 688 600 alienis
743 563 915 600 fortunis
967 563 1195 612 praedandi,
1250 576 1320 600 nec
1366 562 1408 599 in
1451 565 1623 600 mentem
1665 561 1786 607 venit,

355 630 481 667 altera
518 630 605 678 lege
643 630 881 668 solitudines
911 634 1044 668 vastas
1085 631 1127 667 in
1157 630 1266 679 agris
1303 629 1390 668 fieri
1422 629 1606 679 pellendo
1637 628 1785 666 finibus

354 698 553 744 dominos,
600 697 726 735 altera
771 697 889 735 fidem
934 698 1139 746 abrogari,
1185 711 1273 734 cum
1320 710 1397 747 qua
1443 697 1570 735 omnis
1614 697 1787 735 humana

287 765 334 801 12
355 766 522 803 societas
560 765 746 802 tollitur?
806 765 993 803 Omnium
1032 779 1165 803 rerum
1205 779 1322 803 causa
1363 765 1478 802 vobis
1519 763 1786 814 antiquandas

349 846 487 871 censeo
520 834 618 870 istas
648 834 888 882 rogationes.
934 833 1054 880 Quod
1084 833 1234 880 faxitis,
1266 833 1358 870 deos
1389 832 1510 870 velim
1540 833 1781 870 fortunare.“

221 895 279 941 42
467 900 606 938 Oratio
638 901 768 951 Appii
799 902 849 939 ad
882 901 922 938 id
953 901 1070 939 modo
1101 901 1240 947 valuit,
1270 904 1316 937 ut
1345 904 1501 950 tempus
1531 899 1785 948 rogationum

314 969 337 1004 2
358 969 617 1005 iubendarum
635 969 892 1018 proferretur.
937 969 1095 1006 Refecti
1112 969 1309 1006 decimum
1340 968 1462 1005 iidem
1492 966 1658 1013 tribuni,
1689 965 1785 1003 Sex-

348 1037 428 1073 tius
460 1041 497 1073 et
527 1036 720 1082 Licinius,
762 1037 810 1074 de
841 1037 1075 1074 decemviris
1117 1050 1319 1074 sacrorum
1351 1050 1400 1073 ex
1437 1039 1551 1086 parte
1583 1035 1631 1072 de
1669 1033 1786 1084 plebe

350 1104 533 1141 creandis
574 1104 701 1152 legem
742 1105 954 1154 pertulere.
1016 1104 1151 1142 Creati
1183 1104 1357 1153 quinque
1398 1108 1567 1152 patrum,
1608 1102 1785 1152 quinque

349 1172 488 1221 plebis,
528 1172 734 1221 graduque
768 1186 811 1209 eo
852 1173 930 1209 iam
960 1173 1024 1208 via
1063 1172 1168 1208 facta
1200 1171 1248 1208 ad
1282 1172 1530 1210 consulatum
1559 1170 1786 1208 videbatur.

309 1240 331 1276 3
349 1240 438 1278 Hac
468 1241 639 1277 victoria
670 1244 857 1277 contenta
888 1240 1024 1290 plebes
1056 1239 1173 1276 cessit
1203 1240 1399 1289 patribus,
1429 1244 1474 1277 ut
1505 1240 1545 1276 in
1575 1237 1786 1288 praesentia

143 1305 260 1365 ἓξὲξ.-
278 1308 335 1364 {3ss
356 1309 560 1345 consulum
584 1308 782 1346 mentione
808 1308 953 1345 omissa
983 1307 1137 1344 tribuni
1167 1307 1340 1344 militum
1363 1310 1604 1345 crearentur.
1650 1305 1786 1343 Creati

356 1377 406 1413 A.
441 1380 479 1413 et·
509 1376 563 1412 M.
597 1376 774 1413 Cornelii
808 1376 961 1421 iterum,
999 1376 1053 1412 M.
1086 1374 1302 1423 Geganius,
1333 1374 1379 1412 P.
1410 1374 1599 1421 Manlius,
1630 1373 1676 1411 L.
1707 1373 1786 1410 Ve-

348 1444 488 1489 turius,
519 1442 565 1480 P.
598 1443 787 1480 Valerius
819 1448 984 1481 sextum.

309 1511 334 1547 4
465 1511 597 1558 Quum
627 1516 772 1560 praeter
804 1512 1053 1549 Velitrarum
1085 1510 1344 1556 obsidionem,
1384 1510 1493 1547 tardi
1534 1510 1662 1558 magis
1699 1523 1784 1546 rem

350 1579 480 1615 exitus
512 1592 631 1627 quam
663 1578 787 1625 dubii,
819 1581 963 1629 quietae
995 1583 1166 1617 externae
1197 1592 1259 1615 res
1284 1578 1480 1616 Romanis
1511 1581 1650 1624 essent,
1680 1577 1785 1614 fama

350 1660 491 1696 repens
530 1646 628 1683 belli
660 1646 809 1683 Gralliei
848 1648 971 1684 allata
1011 1647 1186 1696 perpulit
1219 1646 1433 1692 civitatem,
1478 1649 1522 1683 ut
1551 1645 1606 1682 M.
1638 1645 1784 1683 Furius

351 1714 526 1751 dictator
557 1714 738 1763 quintum
771 1714 981 1752 diceretur.
1041 1715 1083 1752 Is
1114 1714 1158 1750 T.
1183 1714 1418 1760 Quinctium
1449 1713 1631 1750 Pennum
1661 1713 1784 1761 magi-

311 1781 477 1819 5strum
518 1783 695 1831 equitum
737 1782 854 1819 dixit.
914 1782 1116 1820 Bellatum
1158 1795 1246 1818 cum
1278 1780 1408 1819 Gallis
1449 1795 1493 1819 eo
1535 1795 1636 1819 anno
1677 1781 1783 1818 circa

352 1850 553 1887 Anienem
583 1850 740 1896 flumen,
781 1855 920 1888 auctor
962 1854 1019 1888 est
1053 1850 1257 1896 Claudius,
1299 1850 1560 1899 inclitamque
1592 1849 1633 1886 in
1663 1852 1783 1899 ponte

349 1931 534 1967 pugnam,
566 1932 645 1967 qua
677 1917 721 1954 Τ.
752 1918 927 1956 Manlius
945 1917 1116 1965 Gallum,
1149 1931 1236 1954 cum
1268 1930 1345 1966 quo
1377 1920 1615 1966 provocatus
1646 1929 1784 1954 manus

349 1986 560 2031 conseruit,
591 1986 634 2022 in
665 1990 878 2036 conspectu
901 1986 1070 2024 duorum
1087 1985 1333 2023 exercituum
1358 1997 1501 2022 caesum
1523 1988 1664 2034 torque
1694 1997 1782 2034 spo-

310 2053 474 2098 61iavit,
504 2056 588 2089 tum
619 2058 847 2102 pugnatam.
894 2054 1087 2092 Pluribus
1118 2052 1349 2090 auctoribus
1379 2053 1505 2101 magis
1531 2052 1708 2090 adducor
1738 2054 1784 2089 ut

350 2120 519 2167 credam,
561 2120 694 2158 decem
737 2121 843 2159 haud
884 2123 1013 2159 minus
1053 2125 1143 2171 post
1173 2134 1298 2159 annos
1330 2134 1375 2158 ea
1406 2123 1505 2168 acta,
1546 2120 1619 2158 hoc
1651 2122 1784 2158 autem

349 2201 453 2225 anno
485 2188 527 2224 in
558 2188 721 2226 Albano
763 2203 858 2239 agro
899 2204 987 2227 cum
1019 2188 1149 2227 Gallis
1191 2189 1386 2226 dictatore
1416 2188 1471 2224 M.
1502 2187 1627 2225 Furio
1667 2187 1782 2236 signa

312 2256 333 2291 7
352 2256 508 2293 collata.
567 2255 650 2293 Nee
669 2256 791 2295 dubia
808 2272 878 2295 nec
896 2257 1074 2295 difficilis
1091 2257 1295 2303 Romanis,
1326 2269 1552 2306 quanquam
1583 2255 1783 2304 ingentem

351 2323 461 2361 Galli
499 2327 689 2361 terrorem
731 2326 919 2363 memoria
960 2326 1139 2375 pristinae
1180 2324 1304 2362 cladis
1345 2324 1574 2370 attulerant,
1613 2323 1783 2361 victoria

348 2392 435 2428 fuit.
503 2391 635 2428 Multa
665 2392 791 2429 millia
822 2393 1087 2431 barbarorum
1117 2393 1159 2429 in
1189 2393 1285 2439 acie,
1325 2392 1452 2429 multa
1483 2391 1610 2441 captis
1641 2390 1782 2428 castris

309 2459 467 2505 Scaesa3
508 2459 635 2509 palati
666 2460 747 2506 alii,
787 2460 982 2509 Apuliam
1023 2461 1195 2498 maxime
1225 2463 1415 2510 petentes,
1455 2472 1576 2509 quum
1616 2458 1711 2506 fuga
1741 2471 1782 2495 se

349 2527 578 2576 longinqua,
618 2530 702 2564 tum
734 2527 840 2576 quod
871 2529 1017 2577 passim
1049 2542 1114 2566 eos
1145 2528 1263 2565 simul
1301 2540 1426 2577 pavor
1464 2530 1672 2575 terrorque
1703 2525 1781 2562 dis-
