1821 2928
483 121 599 156 Liber
623 119 671 154 V.
721 121 782 164 (A.
810 119 873 155 ch.
899 118 1108 161 400—398.)
1436 120 1513 157 271

75 251 226 288 latores
272 249 490 300 Capenatis
545 250 632 298 agri
687 248 882 298 reliquias
937 260 1080 298 pugnae
1127 246 1393 294 absumpsere.
1468 244 1521 281 Et
1540 244 1591 281 13

80 321 311 360 Veientium
343 323 589 372 refugientes
621 322 660 358 in
692 321 829 358 urbem
862 320 976 357 multi
1008 323 1099 357 ante
1131 322 1267 369 portas
1292 317 1396 363 caesi,
1427 316 1517 353 dum

78 407 161 444 prae
209 398 327 442 metu,
375 408 424 431 ne
471 394 588 431 simul
619 393 823 430 Romanus
863 393 1112 442 irrumperet.
1160 391 1327 428 obiectis
1366 388 1519 426 foribus

79 470 276 504 extremos
309 480 468 504 suorum
501 467 720 503 exclusere.

193 539 291 576 Haec
324 552 369 576 eo
401 552 506 576 anno
538 543 644 584 acta3
692 542 730 574 et
762 538 837 574 iam
871 535 1033 573 comitia
1062 536 1316 573 tribunorum
1348 534 1519 570 militum
1597 528 1649 577 14

79 610 256 656 aderant,
290 624 458 660 quorum
492 624 616 660 prope
647 611 775 647 maior
806 609 988 660 patribus
1020 621 1138 658 quam
1171 607 1267 644 belli
1299 620 1393 644 cura
1425 609 1521 652 erat,

79 683 229 732 quippe
261 696 340 720 non
372 683 705 720 communicatum
739 681 854 720 modo
887 694 974 718 cum
1005 680 1134 730 plebe,
1165 679 1233 716 sed
1258 693 1382 729 prope
1409 679 1522 716 amis-

79 769 165 794 sum
198 755 452 793 cernentibus
484 769 679 792 summum
712 754 936 804 imperium.
985 753 1129 802 Itaque
1162 752 1397 789 clarissimis
1423 752 1520 788 viris
1541 752 1562 786 ⁴2

80 841 130 866 ex
163 828 383 878 composito
415 828 653 878 praeparatis
681 827 730 865 ad
748 826 976 877 petendum,
1009 839 1110 875 quos
1127 823 1397 874 praetereundi
1414 836 1522 860 vere-

82 900 267 938 cundiam
299 900 508 937 crederent
538 900 633 945 fore,
666 900 793 937 nihilo
818 898 948 936 minus
971 898 1062 948 ipsi,
1093 896 1259 947 perinde
1276 909 1320 933 ac
1338 896 1372 933 si
1390 909 1524 932 omnes

80 973 288 1011 candidati
320 976 464 1018 essent,
496 976 639 1010 cuncta
670 971 932 1022 experientes,
971 984 1049 1007 non
1081 970 1263 1007 homines
1294 968 1425 1015 modo,
1455 967 1523 1005 sed

82 1045 176 1084 deos
209 1046 327 1082 etiam
361 1044 586 1091 exciebant,
619 1045 658 1081 in
690 1044 925 1093 religionem
949 1046 1150 1080 vertentes
1177 1041 1338 1078 comitia
1362 1040 1524 1077 biennio

81 1118 236 1156 habita:
267 1118 401 1168 priore
433 1130 536 1155 anno
564 1117 858 1154 intolerandam
884 1116 1051 1153 hiemem
1076 1113 1356 1164 prodigiisque
1374 1112 1522 1150 divinis
1542 1112 1566 1149 3

81 1191 253 1228 similem
301 1193 488 1237 coortam,
532 1190 715 1239 proximo
755 1203 834 1238 non
874 1188 1072 1238 prodigia,
1119 1187 1188 1224 sed
1230 1187 1309 1223 iam
1342 1189 1524 1223 eventus:

79 1262 352 1313 pestilentiam
385 1262 494 1312 agris
524 1262 695 1312 urbique
720 1262 875 1298 illatam
902 1260 1010 1298 haud
1038 1259 1161 1297 dubia
1187 1259 1249 1296 ira
1265 1257 1392 1304 deum,
1425 1270 1523 1307 quos
1540 1258 1565 1293 4

80 1336 207 1386 pestis
248 1336 332 1373 eius
371 1334 555 1373 arcendae
593 1347 713 1371 causa
746 1333 962 1383 placandos
995 1346 1079 1370 esse
1111 1332 1150 1369 in
1183 1330 1303 1368 libris
1335 1330 1525 1367 fatalibus

82 1408 286 1446 inventum
319 1408 391 1454 sit3
439 1406 626 1453 comitiis,
671 1407 876 1456 auspicato
909 1418 996 1455 quae
1027 1404 1181 1450 fierent,
1223 1403 1434 1452 indignum
1466 1401 1527 1439 dis

81 1481 210 1518 visum
242 1480 412 1518 honores
443 1479 602 1528 vulgari
634 1478 942 1528 discriminaque
967 1477 1148 1527 gentium
1167 1475 1368 1514 confundi.
1414 1475 1521 1511 Prae-
1541 1472 1564 1510 5

81 1557 265 1603 terquam
299 1553 504 1590 maiestate
535 1551 767 1601 petentium,
800 1550 996 1599 religione
1022 1550 1142 1587 etiam
1169 1548 1332 1586 attoniti
1349 1547 1526 1585 homines

81 1625 275 1675 patricios
321 1638 467 1671 omnes,
511 1627 664 1674 partem
711 1636 894 1672 magnam
935 1621 1288 1660 honoratissimum
1319 1633 1527 1670 quemque,

82 1698 266 1736 tribunos
311 1697 483 1734 milit-um
530 1696 733 1734 consulari
764 1699 964 1746 potestate
996 1707 1192 1740 creavere,
1238 1693 1284 1730 L.
1317 1691 1527 1730 Valerium
1547 1689 1737 1761 {Utis-{gg-

82 1771 263 1809 Potitum
298 1770 494 1820 quintum,
527 1769 580 1806 M.
600 1768 809 1807 Valerium
841 1767 1075 1814 Maximum,
1107 1766 1162 1804 M.
1185 1765 1355 1803 Furium
1381 1763 1527 1802 Camil·
1579 1753 1586 1760 ⁹
1647 1753 1654 1761 ⁰

83 1844 165 1881 lum
213 1843 368 1889 iterum,
416 1842 462 1879 L.
494 1841 662 1879 Furium
694 1840 967 1878 Medullinum
1007 1839 1183 1885 tertium,
1231 1837 1277 1886 Ω.
1309 1836 1527 1874 Servilium

84 1916 320 1954 Fidenatem
366 1914 522 1960 iterum,
569 1913 616 1961 Ω.
662 1911 886 1963 Sulpicium
933 1910 1189 1949 Camerinum
1234 1910 1390 1947 iterum.
1451 1908 1566 1946 His6

83 1989 256 2026 tribunis
289 1987 340 2024 ad
359 1985 483 2023 Veios
514 1986 617 2023 nihil
648 1985 862 2023 admodum
894 1983 1153 2022 memorabile
1185 1986 1316 2020 actum
1334 1985 1411 2028 est;
1443 1984 1529 2019 tota

83 2061 143 2099 vis
176 2061 217 2097 in
249 2057 579 2110 populationibus
610 2058 698 2096 fuit.
760 2057 854 2095 Duo
887 2057 1029 2095 summi
1062 2056 1333 2106 imperatores,
1363 2053 1526 2092 Potitus
1546 2053 1568 2088 7

85 2147 108 2172 a
137 2132 322 2178 Faleriis,
371 2130 563 2169 Camillus
603 2144 626 2168 a
658 2129 818 2179 Capena
848 2129 1006 2180 praedas
1038 2128 1218 2177 ingentes
1250 2140 1377 2176 egere,
1416 2125 1529 2163 nulla

83 2206 275 2244 incolumi
307 2204 450 2242 relicta
480 2217 535 2248 re,
569 2203 632 2240 cui
666 2202 770 2239 ferro
803 2206 873 2239 aut
907 2202 988 2251 igni
1020 2200 1154 2238 noceri
1185 2203 1330 2250 posset.

200 2277 409 2326 Prodigia*
421 2276 583 2313 interim
608 2275 733 2312 multa
750 2274 940 2321 nuntiari,
964 2287 1131 2324 quorum
1148 2273 1351 2323 pleraque,
1378 2274 1417 2308 et
1433 2270 1528 2320 quia
1608 2267 1656 2313 15

85 2350 236 2400 singuli
264 2353 446 2387 auctores
474 2352 599 2393 erant,
630 2360 771 2398 parum
789 2347 941 2385 credita
956 2350 1179 2397 spretaque,
1213 2348 1251 2382 et
1269 2345 1374 2394 quia,
1405 2342 1528 2380 hosti-

85 2423 161 2461 bus
185 2422 379 2468 Etruscis,
410 2434 482 2471 per
514 2434 613 2470 quos
645 2434 691 2457 ea
722 2423 995 2470 procurarent,
1027 2418 1258 2468 haruspices
1290 2430 1370 2454 non
1398 2418 1527 2460 erant;

86 2495 128 2533 in
172 2508 294 2532 unum
341 2493 516 2531 omnium
563 2505 666 2529 curae
707 2505 830 2529 versae
862 2495 966 2538 sunt,
1013 2491 1118 2542 quod
1151 2490 1260 2528 lacus
1291 2490 1332 2526 in
1365 2487 1569 2525 Albano2

86 2580 247 2606 nemore
278 2567 362 2605 sine
393 2565 489 2602 ullis
521 2564 750 2602 caelestibus
781 2565 894 2615 aquis
927 2577 1094 2602 causave
1122 2576 1200 2613 qua
1218 2562 1308 2607 alia,
1341 2572 1428 2610 quae
1445 2572 1529 2596 rem

89 2639 283 2677 miraculo
315 2638 519 2684 eximeret,
552 2638 592 2674 in
625 2636 883 2675 altitudinem
914 2636 1118 2674 insolitam
1142 2633 1278 2672 crevit.
1325 2631 1526 2679 Quidnam
1545 2632 1569 2668 3

89 2724 135 2749 eo
181 2711 223 2749 di
267 2710 554 2762 portenderent
599 2710 798 2760 prodigio,
844 2709 953 2746 missi
992 2708 1237 2745 sciscitatum
1269 2708 1446 2742 oratores
1479 2702 1529 2740 ad
