1821 2928
292 145 369 182 120
682 142 796 176 Liber
821 141 873 177 11.
921 145 981 185 (A.
1007 155 1041 177 u.
1067 154 1095 177 c.
1121 143 1327 186 283-284.)

249 270 432 307 8instrui
481 270 584 307 acies
630 274 774 318 posset.
834 270 958 308 Nemo
1004 271 1124 308 ullius
1170 271 1246 308 nisi
1290 270 1394 319 fugae
1433 283 1592 309 memor.
1652 270 1715 308 Ita

289 342 410 379 effuso
442 342 601 390 agmine
630 354 701 391 per
732 345 905 391 stragem
937 356 1143 392 corporum
1176 355 1453 392 armorumque
1471 355 1642 389 evasere,
1671 346 1715 380 ut

250 414 272 449 9
291 413 401 463 prius
432 413 556 451 hostis
588 413 796 451 desisteret
826 415 939 464 sequi
972 428 1088 464 quam
1113 414 1316 452 Romanus
1339 414 1487 463 fugere.
1539 413 1715 451 Tandem

289 485 466 522 collectis
497 498 542 522 ex
574 484 768 535 dissipato
793 499 908 523 cursu
935 486 1140 526 militibus,
1174 485 1324 533 consul,
1357 499 1479 535 quum
1494 485 1716 523 revocando

288 557 551 606 nequicquam
582 569 673 594 suos
704 562 935 607 persecutus
967 561 1080 604 esset,
1116 558 1157 594 in
1189 560 1331 607 pacato
1363 570 1459 607 agro
1490 560 1618 595 castra
1643 570 1715 606 po-

290 628 387 674 suit3
420 628 692 678 advocataque
725 631 920 675 contione,
954 630 1133 667 invectus
1164 629 1271 666 haud
1299 629 1395 666 falso
1414 629 1456 666 in
1471 628 1717 679 proditorem

226 699 275 736 10
293 700 509 737 exercitum
527 700 716 738 militaris
741 701 978 751 disciplinae,
1003 701 1244 739 desertorem
1270 701 1486 750 signorum,
1508 701 1578 739 ubi
1594 701 1719 750 signa,

290 772 360 809 ubi
407 785 515 809 arma
555 777 694 819 essent,
739 774 915 823 singulos
956 773 1147 822 rogitans,
1193 773 1361 810 inermes
1399 773 1557 823 milites,
1604 773 1719 822 signo

226 844 270 879 ll
293 845 436 881 amisso
467 844 688 892 signiferos,
721 846 769 882 ad
802 847 873 883 hoc
900 847 1151 883 centuriones
1176 846 1510 895 duplicariosque,
1541 845 1611 894 qui
1627 844 1723 882 reli·

291 919 459 964 querant
475 916 648 963 ordines,
675 917 801 966 virgis
828 930 951 955 caesos
968 917 1096 955 securi
1113 918 1327 966 percussit,
1360 921 1491 955 cetera
1506 915 1719 954 multitudo

290 992 395 1024 sorte
426 987 601 1025 decimus
633 989 802 1038 quisque
834 989 884 1026 ad
915 989 1154 1039 supplicium
1184 989 1292 1028 lecti.

158 1054 212 1103 60
405 1059 552 1097 Contra
590 1074 633 1097 ea
665 1061 706 1097 in
738 1061 883 1111 AEquis
915 1062 1019 1099 inter
1050 1062 1249 1098 consulem
1281 1074 1326 1098 ac
1356 1061 1504 1098 milites
1535 1061 1719 1098 comitate

291 1145 335 1168 ac
367 1132 571 1169 beneficiis
603 1136 797 1169 certatum
823 1136 893 1172 est.
940 1133 993 1170 Et
1019 1136 1160 1170 natura
1178 1133 1391 1180 Quinctius
1408 1136 1494 1170 erat
1510 1132 1651 1179 lenior,
1681 1136 1720 1170 et

292 1204 445 1241 saevitia
476 1203 614 1240 infelix
646 1205 823 1254 collegae,
867 1218 944 1254 quo
987 1205 1020 1241 is
1061 1205 1188 1253 magis
1221 1204 1414 1253 gauderet
1443 1204 1607 1253 ingenio
1638 1216 1722 1251 suo,

252 1274 488 1314 2effecerat.
534 1276 640 1313 Huic
671 1279 790 1313 tantae
823 1276 1044 1314 coneordiae
1076 1276 1187 1313 ducis
1219 1277 1494 1325 exercitusque
1526 1289 1603 1313 non
1635 1276 1722 1313 ausi

291 1346 430 1384 offerre
476 1360 516 1384 se
555 1347 692 1397 AEqui,
740 1349 877 1397 vagari
922 1348 1248 1398 populabundum
1295 1348 1445 1384 hostem
1491 1361 1562 1397 per
1606 1359 1721 1396 agros

291 1420 417 1468 passi;
452 1432 521 1456 nec
553 1420 636 1457 ullo
668 1424 758 1457 ante
789 1420 895 1457 bello
928 1420 1048 1457 latius
1080 1419 1172 1457 inde
1203 1423 1291 1457 acta
1315 1419 1463 1469 praeda.
1512 1419 1572 1456 Ea
1595 1419 1720 1456 omnis

252 1490 413 1527 3militi
453 1490 547 1528 data
584 1495 655 1528 est.
717 1491 984 1529 Addebantur
1022 1495 1061 1529 et
1091 1492 1240 1538 laudes,
1285 1492 1429 1541 quibus
1458 1490 1563 1528 haud
1594 1490 1724 1528 minus

291 1575 409 1610 quam
441 1562 606 1611 praemio
638 1563 813 1611 gaudent
839 1563 1010 1600 militum
1036 1563 1171 1601 animi.
1219 1563 1350 1609 Quum
1367 1562 1471 1611 duci,
1502 1566 1587 1600 tum
1604 1575 1724 1612 prop-

290 1638 352 1671 ter
397 1633 536 1670 ducem
582 1634 765 1683 patribus
812 1647 969 1683 quoque
1009 1635 1204 1683 placatior
1243 1635 1440 1672 exercitus
1485 1633 1600 1680 redit,
1644 1633 1723 1671 sibi

291 1709 508 1754 parentem.
556 1705 673 1742 alteri
718 1706 911 1743 exercitui
958 1706 1159 1743 dominum
1201 1707 1337 1743 datum
1375 1706 1425 1743 ab
1464 1708 1603 1742 senatu
1644 1718 1725 1742 me·

292 1789 464 1815 morans,

252 1849 276 1884 4
409 1847 535 1885 Varia
565 1849 724 1886 fortuna
753 1849 864 1897 belli,
904 1849 1031 1886 atroci
1074 1850 1272 1886 discordia
1312 1848 1417 1886 domi
1449 1849 1626 1898 forisque
1657 1861 1726 1886 au·

293 1932 386 1956 num
419 1923 600 1957 exactum
631 1921 825 1969 insignem
856 1921 1027 1958 maxime
1059 1922 1219 1958 comitia
1249 1921 1404 1958 tributa
1435 1920 1625 1969 efficiunt,
1660 1933 1723 1957 res

254 1991 421 2029 5mai0r
464 1993 633 2030 victoria
677 1993 851 2042 suscepti
897 1993 1123 2030 certaminis
1164 2005 1282 2042 quam
1327 2005 1412 2030 usu.
1481 1992 1578 2029 Plus
1618 1992 1723 2029 enim

294 2061 504 2112 dignitatis
544 2064 715 2101 comitiis
753 2064 848 2114 ipsis
891 2064 1112 2102 detractum
1150 2068 1209 2102 est
1248 2064 1429 2114 patribus
1468 2077 1515 2101 ex
1555 2064 1723 2101 concilio

295 2134 600 2181 summovendis,
633 2149 750 2185 quam
773 2136 919 2173 virium
945 2140 1012 2173 aut
1038 2136 1146 2186 plebi
1163 2136 1343 2173 additum
1361 2139 1418 2173 est
1435 2139 1504 2174 aut
1520 2135 1722 2185 demptum

294 2206 487 2255 patribus,

170 2272 216 2319 61
410 2276 698 2315 Tui-bulentior
731 2278 821 2316 inde
853 2292 978 2316 annus
1005 2279 1170 2328 excepit,
1201 2278 1247 2316 L.
1267 2278 1445 2327 Valerio,
1477 2277 1721 2315 Ti.AEmilio

90 2336 276 2396 ζζῗξῇἒξζζ
297 2348 534 2395 consulibus,
567 2362 686 2398 quum
718 2356 883 2400 propter
913 2350 1131 2388 certamina
1162 2350 1344 2388 ordinum
1376 2350 1424 2387 de
1448 2350 1536 2399 lege
1551 2350 1725 2398 agraria,

256 2421 278 2456 2
297 2424 380 2457 turn
413 2424 577 2469 propter
607 2421 798 2458 iudicium
830 2422 938 2471 App.
959 2420 1131 2471 Claudii,
1164 2422 1241 2469 cui,
1272 2422 1465 2459 acerrimo
1496 2420 1722 2459 adversario

296 2491 395 2540 legis
441 2505 675 2541 causamque
720 2505 989 2541 possessorum
1034 2494 1186 2543 publici
1232 2493 1320 2542 agri
1365 2498 1553 2543 tanquam
1600 2492 1720 2529 tertio

297 2563 451 2600 consuli
491 2563 716 2612 sustinenti,
763 2563 818 2602 M.
851 2563 1029 2602 Duillius
1072 2569 1110 2602 et
1143 2565 1212 2603 Cn.
1247 2563 1400 2602 Siccius
1439 2564 1543 2601 diem
1573 2563 1721 2600 dixere.

256 2633 509 2684 3Nunquam
550 2639 641 2673 ante
680 2638 760 2672 tam
801 2635 949 2672 invisus
989 2635 1098 2684 plebi
1138 2649 1227 2673 reus
1259 2635 1307 2674 ad
1338 2635 1529 2672 iudicium
1559 2637 1723 2672 vocatus

255 2705 280 2741 4
298 2706 437 2754 populi
468 2710 536 2753 est,
567 2706 707 2756 plenus
737 2719 908 2755 suarum,
940 2706 1081 2755 plenus
1105 2711 1359 2756 paternarum
1377 2706 1533 2744 irarum.
1578 2705 1722 2743 Patres
1758 2750 1763 2754 ,
