1821 2928
1 1727 23 1903 *mvnvs*
1 1659 4 1663 .
3 1630 6 1640 -

4 1930 30 2019 ,Ἴΐῖρίῐζ
18 1905 24 1912 .

6 2188 26 2294 ''w-jn*
5 2152 27 2170 'J
5 2112 26 2134 1(
4 2040 10 2057 *⁸

12 2728 50 2928 mue*-
8 2397 42 2716 Wrmffi
8 2374 22 2385 ³
8 2334 37 2358 2³·
7 2294 35 2322 'f

629 206 721 232 Liber
738 207 776 232 x.
813 206 862 236 (A.
881 207 932 233 cn.
949 208 1021 238 296.)
1413 200 1496 237 219

105 321 360 372 populandos
391 313 552 371 imperii
575 321 749 360 Romani
780 321 878 360 fines
909 336 980 373 per
1005 322 1201 362 Vescinos
1225 324 1267 361 in
1291 323 1553 375 Campaniam

105 389 403 440 Falernumque
426 402 568 439 agrum
591 390 891 439 transcendunt,
924 392 1184 442 ingentesque
1208 393 1364 444 praedas
1386 394 1550 432 faciunt.

105 457 368 497 Volumnium
406 458 562 508 magnis
601 459 820 497 itineribus
862 460 904 497 in
936 459 1143 499 Samnium
1182 463 1414 501 redeuntem
1453 463 1590 512 (iam2

106 528 211 566 enim
231 527 362 566 Fabio
387 527 599 577 Decioque
629 528 838 578 prorogati
869 529 1031 578 imperii
1061 529 1153 567 fini«,
1181 530 1335 581 aderat)
1369 532 1474 570 fama
1501 532 1550 570 de

105 595 349 634 Samnitium
381 596 559 633 exercitu
588 597 1003 647 populationibusque
1027 597 1221 648 Campani
1247 599 1337 648 agri
1362 600 1414 637 ad
1437 603 1550 638 tuen-

105 665 176 704 dos
207 665 335 703 socios
367 665 578 703 convertit.
646 665 705 703 Ut
743 666 785 703 in
817 665 1009 704 Calenum
1048 680 1189 715 agrum
1220 670 1342 715 venit,
1383 672 1422 706 et
1463 669 1591 720 ipse3

105 734 233 772 cernit
261 733 439 771 recentia
471 734 598 771 cladis
629 734 812 783 vestigia,
845 737 884 771 et
915 733 1054 773 Caleni
1084 740 1253 774 narrant
1282 740 1441 775 tantum
1471 738 1552 775 iam

87 788 249 854 'praedae
272 802 406 840 hostes
427 802 600 849 trahere,
630 805 676 840 ut
704 803 773 840 vix
804 803 1007 853 explicare
1038 817 1180 853 agmen
1203 806 1378 855 possint3
1411 806 1549 856 itaque
1567 807 1592 843 4

102 871 182 910 iam
213 872 421 922 propalam
463 870 583 908 duces
621 871 744 921 loqui,
790 873 987 923 extemplo
1035 873 1209 911 eundum
1255 873 1298 911 in
1340 872 1549 912 Samnium

74 953 200 987 .esse,
237 943 282 977 ut
319 939 461 977 relicta
500 940 560 977 ibi
591 940 729 990 praeda
767 941 809 978 in
840 941 1136 991 expeditionem
1169 943 1337 980 redeant
1365 957 1438 981 nec
1466 947 1550 982 tam

100 1013 311 1047 oneratum
328 1021 469 1057 agmen
487 1008 742 1047 dimicationi
772 1010 1034 1048 committant.
1073 1011 1133 1048 Ea
1151 1025 1380 1061 quanquam
1397 1012 1548 1051 similia
1566 1011 1589 1048 5

100 1077 206 1116 veris
238 1080 363 1124 erant,
402 1077 550 1114 certius
587 1080 721 1115 tamen
754 1079 1001 1128 exploranda
1039 1082 1150 1117 ratus
1183 1080 1354 1118 dimittit
1384 1082 1551 1131 equites,

101 1146 172 1197 qui
201 1159 326 1195 vagos
357 1145 603 1196 praedatores
635 1145 677 1184 in
709 1147 817 1196 agris
848 1148 1031 1197 palantes
1062 1148 1284 1199 excipiant;
1323 1163 1371 1186 ex
1401 1150 1547 1199 quibus
1566 1149 1588 1185 6

101 1214 342 1265 inquirendo
375 1215 593 1264 cognoscit,
634 1214 685 1252 ad
726 1215 976 1253 Vulturnum
1016 1217 1163 1254 flumen
1205 1217 1340 1255 sedere
1379 1218 1546 1266 hostem,

67 1331 73 1334 -
100 1283 194 1321 inde
223 1283 347 1320 tertia
375 1283 521 1331 vigilia
545 1286 763 1331 moturum3
796 1285 873 1322 iter
904 1285 945 1322 in
970 1284 1178 1323 Samnium
1204 1300 1298 1324 esse.
1345 1287 1424 1325 His
1448 1287 1546 1325 satis
1565 1286 1587 1321 7

101 1352 321 1402 exploratis
352 1353 554 1402 profectus
583 1355 697 1390 tanto
730 1353 944 1392 intervallo
984 1354 1034 1391 ab
1066 1354 1250 1393 hostibus
1282 1355 1473 1403 consedit,
1503 1359 1549 1393 ut

97 1434 170 1458 nec
201 1420 398 1458 adventus
430 1435 523 1459 suus
553 1422 860 1472 propinquitate
890 1422 1016 1460 nimia
1045 1422 1157 1461 nosci
1188 1427 1335 1473 posset,
1367 1427 1406 1461 et
1437 1437 1547 1474 egre-

98 1489 275 1528 dientem
307 1504 326 1527 e
358 1491 498 1529 castris
527 1491 684 1529 hostem
716 1491 972 1541 opprimeret.
1033 1490 1260 1541 Aliquanto
1292 1495 1385 1530 ante
1415 1491 1588 1530 1ucem8

99 1557 150 1596 ad
188 1561 321 1596 castra
358 1559 527 1597 accessit
564 1573 789 1609 gnarosque
821 1558 934 1597 Oscae
966 1560 1115 1608 linguae
1147 1561 1410 1610 exploratum,
1449 1561 1547 1611 quid

98 1630 253 1676 agatur,
270 1627 408 1665 mittit.
454 1627 686 1664 Intermixti
702 1628 898 1675 hostibus,
919 1629 1027 1678 quod
1047 1629 1163 1667 facile
1182 1633 1268 1667 erat
1292 1629 1334 1667 in
1351 1633 1548 1668 nocturna

96 1696 381 1746 trepidatione,
423 1701 678 1746 cognoscunt,
716 1697 989 1747 infrequentia
1028 1698 1195 1735 armatis
1227 1699 1343 1749 signa
1375 1712 1546 1748 egressa,

98 1765 276 1815 praedam
292 1765 520 1815 praedaeque
538 1765 722 1803 custodes
740 1766 858 1812 exire,
881 1765 1087 1804 immobile
1107 1781 1249 1817 agmen
1267 1770 1307 1804 et
1323 1781 1394 1804 sua
1411 1781 1546 1816 quem-

98 1847 175 1884 que
198 1834 438 1881 molientem,
470 1835 581 1872 nullo
614 1834 718 1871 inter
747 1834 853 1871 ullos
881 1848 1076 1872 consensu
1106 1848 1177 1872 nec
1209 1835 1306 1872 satis
1333 1838 1443 1872 certo
1475 1834 1545 1872 im-

97 1901 222 1951 perio.
269 1901 444 1952 Tempus
475 1902 741 1952 aggrediendi
773 1902 1026 1952 aptissimum
1048 1903 1177 1940 visum
1203 1906 1278 1949 est3
1311 1906 1351 1940 et
1373 1903 1452 1940 iam
1476 1903 1545 1940 lux
1564 1903 1586 1938 9

98 1962 331 2020 appetebat3
357 1970 493 2019 itaque
517 1970 632 2018 signa
656 1983 796 2007 canere
820 1970 938 2008 iussit
962 1984 1184 2021 agmenque
1204 1972 1380 2009 hostium
1404 1985 1545 2021 aggre-

100 2038 222 2076 ditur.
283 2036 484 2076 Samnites
525 2039 661 2088 praeda
703 2038 899 2088 impediti,
941 2039 1215 2088 infrequentes
1256 2040 1412 2087 armati,
1451 2054 1545 2090 pars
1567 2040 1616 2077 10

100 2105 249 2144 addere
280 2107 449 2156 gradum
483 2120 527 2145 ac
560 2120 642 2156 pree
675 2120 715 2143 se
747 2119 866 2155 agere
897 2107 1086 2157 praedam,
1126 2121 1218 2158 pars
1249 2111 1355 2145 stare
1387 2108 1543 2156 incerti,

98 2177 233 2212 utrum
257 2175 449 2225 progredi
475 2190 523 2213 an
547 2174 708 2224 regredi
734 2174 773 2211 in
798 2177 930 2212 cast-ra
951 2175 1078 2213 tut-ius
1102 2176 1224 2223 foret3
1257 2176 1362 2213 inter
1385 2179 1545 2214 cuncta-

95 2243 248 2280 tionem
279 2245 573 2294 opprimuntur,
612 2247 649 2280 et
682 2243 855 2280 Romani
893 2243 972 2281 iam
1009 2245 1342 2283 transcenderant
1378 2245 1542 2292 vallum,

99 2311 305 2362 caedesque
323 2326 367 2350 ac
383 2313 580 2350 tumultus
599 2314 686 2349 erat
703 2311 745 2348 in
762 2312 914 2349 castris.
947 2311 1189 2351 Samnitium
1206 2327 1360 2362 agmen,
1378 2317 1541 2363 praeter-
1563 2313 1610 2349 11

99 2392 219 2429 quam
250 2379 390 2417 hostili
420 2380 608 2426 t-uniult11‚
642 2380 892 2429 captivorum
924 2381 1043 2418 etiam
1076 2382 1290 2432 repentina
1323 2381 1544 2419 defectione

97 2446 305 2486 turbatum
329 2451 425 2494 erat,
453 2447 522 2497 qui
545 2447 693 2497 partim
718 2448 796 2497 ipsi
820 2448 943 2486 soluti
967 2449 1122 2488 vinctos
1147 2450 1367 2496 solvebant,
1392 2449 1541 2499 partim
1562 2449 1611 2485 12

98 2528 208 2552 arma
240 2515 281 2553 in
311 2517 482 2554 sarcinis
514 2516 694 2565 deligata
725 2516 940 2566 rapiebant
962 2519 1260 2568 tumultumque
1287 2517 1430 2567 proelio
1456 2517 1542 2567 ipso

97 2583 388 2622 terribiliorem
440 2585 663 2622 intermixti
716 2584 869 2633 agmini
917 2587 1161 2634 praebebant.
1235 2585 1542 2623 Memorandum
1563 2585 1613 2622 13

99 2650 246 2690 deinde
278 2653 442 2691 edidere
467 2653 640 2697 facinus;
671 2666 761 2690 nam
786 2651 945 2690 Staium
969 2653 1189 2691 Minacium
1223 2653 1362 2691 ducem
1394 2652 1540 2691 adeun-
