1821 2928
800 162 859 197 IX

108 291 246 326 qurum
275 278 457 315 decretum
481 278 523 314 in
553 278 743 314 dictatura
773 277 1034 333 retinendum.)
1059 276 1205 322 XXIV,
1228 276 1484 313 4Potentiam
1510 287 1556 311 ex

113 337 291 381 Lucanis,
315 337 598 382 Sipontumque
623 335 830 381 Apulorum
854 337 891 371 et
915 335 1149 371 Consentiam
1160 335 1404 370 Bruttiorum
1423 345 1441 368 e
1461 332 1556 369 coni.

115 394 232 439 (codd.
258 405 391 430 omues.
430 394 509 440 Ofr.
534 394 618 429 Em.
653 392 726 428 170
750 393 804 437 η.)
830 395 851 428 ’7
877 393 1090 436 (inundatis
1116 403 1188 437 pro
1220 393 1453 427 inundantes
1480 389 1556 436 My.

0 435 3 443 ι
38 457 41 469 ”
113 452 197 488 Em.
232 452 321 496 169)
357 454 380 487 9
417 463 644 497 congressus
681 450 744 496 (M
777 453 814 486 et
846 450 998 496 reliqui,
1035 460 1109 485 eme.
1148 450 1183 485 P
1216 452 1252 485 et
1277 448 1411 495 paucis
1446 448 1555 492 rece.)

114 509 236 554 XXV,
274 510 294 545 5
346 509 465 555 (Fort.
507 519 576 544 ser.
623 507 856 554 intersaepti,
898 508 982 543 Em.
1025 508 1110 552 170)
1148 510 1170 543 6
1204 505 1494 552 [patiebantur],
1521 508 1559 540 et

132 567 248 614 l(ipsi
279 578 351 612 pro
387 567 480 611 ipsis
507 565 635 611 Grou.)
665 566 670 611 Ι
698 566 751 611 (in
788 565 871 600 add.
910 564 986 610 My.
1019 566 1105 610 post
1135 564 1269 608 ἅφθη,
1306 564 1369 610 qui
1399 564 1560 608 indigna

114 626 153 660 in
178 625 324 669 liberis)
361 623 548 666 XXVIII,
580 625 602 658 2
632 627 786 668 poterat
818 622 920 667 (Lov.
948 624 984 668 4)
1019 625 1038 658 3
1071 622 1143 668 [ut]
1181 622 1316 657 florem
1349 621 1442 666 (My.
1475 621 1558 655 Em.

115 682 198 728 170)
224 681 371 725 XXIX,
391 684 411 717 3
438 682 532 725 (non
547 680 629 716 add.
644 681 791 724 Duker)
811 684 853 716 13
868 684 934 716 aut,
958 681 1159 715 vulnerum
1183 681 1240 715 ira
1254 679 1347 724 (My.
1363 679 1444 713 Em.
1471 677 1559 720 170)

114 738 245 785 XXX,
281 742 303 775 6
340 739 475 783 (Wesb.
504 750 577 784 pro
616 750 751 784 agmen
788 738 882 773 coni.
921 739 1057 781 aciem3
1093 737 1155 772 sed
1185 737 1255 783 cfr.
1280 736 1326 780 X,
1362 737 1419 779 29,
1455 735 1502 769 13
1527 735 1564 769 et

113 798 176 841 41,
213 797 287 841 11.)
337 795 514 840 XXXII,
560 799 580 831 3
632 796 752 839 (Fort.
798 806 866 830 scr.
918 807 1056 839 necne,
1102 796 1135 830 ei
1182 795 1428 840 magistrum3
1478 792 1560 827 Em.

113 855 198 898 171)
237 855 258 889 5
294 854 520 900 interrogo?
571 865 669 895 cum,
708 854 738 888 si
764 865 834 899 ego
861 879 869 887 .
896 881 902 886 .
931 881 937 886 .
974 853 1105 887 fuerit:
1144 853 1237 897 quin
1272 856 1315 886 tu
1350 849 1562 895 respondes

115 910 273 958 (Interp.
322 912 486 946 correxit
538 910 757 955 Kaehlerus.)
814 912 836 945 8
896 909 1023 954 (Cocld.
1078 909 1163 945 boni
1218 914 1275 944 est
1328 907 1563 953 respondeat

116 972 243 1013 extra3
292 968 427 1004 emend.
465 968 587 1004 Alseh.
627 968 743 1013 Vulgo
791 967 1028 1003 omittebatur
1064 967 1130 1011 at.)
1171 969 1216 1001 10
1257 970 1350 1001 ‘tunc
1387 964 1562 1009 Papirius

116 1026 268 1070 (Wcsb.)
315 1029 355 1060 11
401 1027 611 1061 tumultum
648 1027 722 1060 iam
768 1025 821 1070 [in
867 1024 1102 1069 contionem]
1139 1025 1344 1059 miscentes
1384 1021 1564 1066 (Heusin—

113 1095 189 1130 ρον,
216 1083 280 1129 qui
302 1085 424 1118 tamen
446 1084 523 1119 iam
547 1082 757 1125 retinebat.)
784 1080 975 1121 XXXIII,
1002 1085 1042 1116 11
1059 1082 1179 1116 vincit
1205 1081 1258 1125 (P
1273 1079 1451 1124 ceterique
1467 1088 1563 1123 proe-

117 1142 172 1175 ter
196 1139 253 1185 M)
281 1142 323 1175 17
349 1141 449 1184 (Em.
475 1141 561 1185 171)
588 1139 769 1182 XXXIV,
797 1142 817 1174 3
842 1139 972 1175 faciles
1000 1140 1047 1174 de
1075 1140 1219 1183 alieno,
1243 1138 1404 1183 imperio
1433 1139 1563 1181 spreto

117 1197 276 1244 (Interp.
296 1198 460 1233 correxit
479 1198 515 1233 0.
539 1198 587 1233 F.
613 1198 666 1233 W.
687 1196 851 1242 Muller.)
871 1200 894 1232 4
918 1198 1065 1232 dictum
1085 1195 1202 1240 (codd.
1224 1195 1322 1241 quid.
1343 1205 1451 1236 recc.,·
1468 1193 1562 1237 fort.

122 1256 267 1291 dictum
288 1256 471 1290 retentum
484 1255 664 1300 oportuit)
685 1257 706 1290 5
721 1255 821 1299 (Em.
836 1256 906 1290 172
918 1255 971 1299 u.)
992 1257 1013 1290 6
1037 1255 1266 1289 dictatorem
1282 1257 1318 1288 et
1331 1253 1390 1286 ius
1406 1249 1562 1295 (Duker,

66 1358 70 1361 ἡ
116 1313 201 1348 Em.
217 1313 288 1348 172
301 1313 354 1357 n.)
370 1313 602 1357 9(F0rt.scr.
615 1313 773 1348 licentia
787 1313 915 1347 soluta
929 1324 979 1355 se,
992 1312 1075 1347 Em.
1085 1312 1169 1355 171)
1191 1310 1353 1353 XXXV,
1367 1311 1410 1343 10
1426 1309 1565 1351 (reces-

120 1371 233 1406 sisset
250 1381 324 1415 pro
337 1371 496 1405 recessit
519 1369 618 1405 codd.
645 1369 745 1415 quid.
766 1369 862 1413 dett,
883 1369 963 1404 Em.
979 1370 1048 1403 172
1066 1370 1119 1413 u.)
1141 1367 1325 1405 XXXVI,
1346 1370 1368 1402 4
1390 1367 1461 1409 (ita
1480 1363 1565 1399 add.

121 1426 197 1472 My.
207 1427 289 1462 Em.
298 1427 395 1471 172.)
406 1429 426 1462 5
438 1428 710 1471 (comitatepro
721 1428 893 1462 comitati
904 1426 1065 1470 Grou.)7
1077 1426 1253 1469 (dextere
1266 1424 1366 1460 codd.
1375 1423 1447 1458 duo
1461 1431 1569 1465 recc.;

121 1484 210 1528 rell„
254 1484 374 1519 Drak.
415 1485 567 1527 dexter,
599 1484 681 1519 Em.
713 1485 800 1528 173)
833 1483 1044 1528 XXXVII,
1082 1486 1104 1519 2
1135 1484 1322 1528 agebatur
1365 1479 1513 1525 (Grou.)
1546 1480 1569 1514 8

123 1543 246 1587 (quod
273 1553 405 1577 eorum
431 1540 531 1576 codd.
557 1541 657 1586 quid.
682 1552 788 1585 rece„
819 1541 898 1576 Val.
921 1542 1026 1577 illam.
1049 1541 1127 1585 IX,
1152 1541 1214 1584 10,
1241 1542 1271 1575 1.
1293 1539 1413 1580 Men,
1446 1535 1568 1572 Drak.

124 1610 288 1644 quorum
315 1600 465 1642 eorum)
492 1597 723 1643 XXXVIII,
751 1602 793 1634 10
819 1603 856 1634 et
880 1600 1037 1634 hercule
1059 1598 1153 1642 (cod.
1175 1597 1336 1640 Geleuii,
1361 1595 1440 1630 edd.
1466 1594 1567 1637 vett.)

126 1659 164 1691 11
193 1656 365 1701 quisquis
392 1656 474 1699 (Ηὲ
511 1655 610 1691 codd.
648 1656 791 1700 aliquot
813 1657 915 1700 rece.)
950 1658 992 1691 15
1028 1656 1215 1699 invenies,
1253 1665 1451 1700 equosque
1479 1651 1568 1696 (My.

123 1713 206 1749 Ενη.
232 1713 317 1757 173)
344 1712 532 1757 XXXIX,
559 1716 576 1748 1
606 1724 691 1758 quae
716 1713 796 1748 siue
819 1714 926 1749 uncis
953 1713 1047 1758 (My.
1073 1713 1155 1748 Em.
1182 1713 1251 1748 173
1275 1712 1330 1755 u.)
1357 1710 1444 1750 XL,
1469 1712 1491 1744 4
1516 1708 1568 1743 fa-

125 1771 229 1806 milia
254 1770 371 1815 (codd.
398 1772 471 1806 tres
496 1781 595 1815 rece,
621 1771 704 1806 Em.
731 1771 800 1805 173
825 1772 890 1815 u).

215 1828 315 1862 Liber
339 1827 394 1862 ΙΧ.
445 1828 532 1873 Cap.
559 1827 591 1872 I,
616 1829 636 1862 7
664 1828 763 1871 (Em.
778 1829 847 1863 174
871 1830 925 1871 u.)
952 1827 1003 1871 Π,
1027 1830 1050 1863 4
1076 1830 1131 1870 (et
1155 1829 1230 1862 not.
1249 1826 1392 1869 Weiss.)
1419 1827 1440 1860 9
1462 1824 1569 1859 obia-

126 1890 276 1923 centem
300 1886 442 1920 molem
467 1885 619 1930 (Siqmu,
646 1886 729 1921 Em.
755 1886 787 1919 9.
821 1884 908 1920 Non
931 1885 1101 1920 invenere
1127 1896 1306 1920 saxorum
1328 1883 1571 1918 obiacentem

124 1943 265 1977 molem
288 1942 418 1987 ipsam,
444 1942 506 1977 sed
531 1943 678 1978 clausas
699 1953 741 1977 ea
753 1942 845 1977 mole
871 1942 1094 1987 anqustias.)
1108 1940 1182 1985 III,
1210 1943 1227 1975 1
1254 1941 1413 1981 viarum,
1440 1937 1568 1984 [alius]

128 2011 198 2045 per
223 1999 383 2034 adversa
409 1999 571 2044 (Muret,
596 2000 679 2035 Em.
695 2000 764 2034 174
789 2000 842 2044 n.)
865 2002 885 2034 3
916 2000 1045 2034 venies
1079 1998 1171 2043 (cod.
1198 1997 1346 2041 Goertu.,
1373 1997 1455 2032 Em.
1483 1996 1568 2040 174)

125 2056 192 2100 IV,
216 2058 237 2090 7
254 2057 354 2100 (tum
379 2067 446 2091 om.
473 2057 547 2092 cod.
564 2056 712 2100 Goertu.‚
730 2056 834 2101 prob.
850 2056 986 2099 Drak.)
1012 2059 1033 2091 9
1049 2057 1154 2101 quod
1175 2056 1205 2089 si
1224 2056 1298 2090 illis
1311 2059 1353 2090 ut
1369 2053 1458 2099 (cod.
1472 2064 1571 2088 uuus

127 2116 163 2149 et
185 2113 280 2148 alter
304 2124 384 2157 rec„
410 2113 546 2158 Aldus;
582 2114 664 2149 Em.
697 2115 759 2157 12)
798 2115 842 2148 10
865 2126 925 2148 me
949 2114 1030 2149 siue
1054 2114 1160 2148 uncis
1186 2113 1337 2157 (Gron.)
1364 2112 1407 2155 V,
1445 2114 1465 2147 9
1505 2111 1571 2155 (ad

125 2174 306 2216 parentes
322 2182 395 2215 pro
422 2183 465 2207 ac
488 2175 668 2217 parentes
695 2170 825 2215 Grou.)
854 2174 895 2206 13
911 2172 1099 2213 detracta3
1125 2175 1273 2205 tantam
1296 2169 1336 2205 icl
1351 2169 1443 2214 (My.
1460 2167 1569 2204 Codd.

127 2238 195 2262 om.
220 2228 286 2272 id.)
313 2227 378 2271 VI,
404 2230 424 2263 5
450 2229 591 2263 evincit
617 2227 671 2271 (P
685 2238 875 2273 omnesque
892 2230 1030 2274 praeter
1055 2227 1114 2272 M)
1139 2230 1161 2263 6
1183 2227 1386 2272 (Scriptum
1407 2226 1574 2272 oportuit

126 2285 246 2320 fasces
283 2286 504 2328 lictoribus,
552 2284 634 2319 Em.
673 2285 758 2329 174)
798 2287 840 2320 12
879 2286 1018 2329 (iacere
1050 2297 1122 2330 pro
1158 2289 1287 2320 tacere
1325 2283 1450 2327 Grac.)
1480 2284 1485 2328 Ι
1515 2295 1569 2318 sa-

125 2343 258 2386 lutem,
295 2342 554 2377 salutantibus
591 2354 669 2377 non
708 2342 902 2386 (Nostram
932 2342 1026 2377 coni.
1052 2342 1135 2377 Em.
1168 2342 1237 2376 174
1266 2342 1392 2376 Weiss.
1427 2342 1572 2376 secutus

127 2400 197 2443 est,
229 2398 291 2434 sed
308 2410 424 2444 prave
456 2399 701 2444 iuterpuuoeit.
742 2399 862 2443 Codd„
899 2400 1018 2435 Drak.
1056 2401 1230 2436 salutem,
1268 2410 1345 2433 non
1372 2398 1571 2433 salutanti-

127 2456 218 2500 bus)
241 2457 247 2500 1
269 2457 397 2491 emissi
423 2461 551 2491 essent
578 2456 724 2501 (Wesb.)
761 2458 804 2491 13
836 2457 1071 2500 (bellicosius
1102 2455 1254 2491 dubium
1286 2454 1448 2498 videtur,
1486 2453 1569 2489 Em.

131 2513 219 2556 175)
248 2511 341 2557 VII,
380 2517 396 2548 1
426 2514 586 2548 consilio
619 2512 753 2557 (codd.)
780 2515 800 2549 3
826 2515 957 2557 (animi
984 2526 1056 2560 pro
1084 2514 1210 2548 animo
1237 2511 1314 2547 edd.
1335 2514 1429 2555 vett,
1455 2511 1569 2546 Gron.

130 2569 190 2605 De
216 2569 345 2606 ordine
371 2571 561 2606 verborum
584 2582 616 2605 v.
642 2570 725 2605 Em.
755 2572 850 2616 271.)
879 2573 920 2606 12
952 2577 1108 2607 senatus
1135 2571 1311 2605 consulto
1340 2569 1402 2612 (M
1422 2581 1512 2612 smc,
1538 2568 1573 2603 L

130 2631 222 2671 tum,
247 2627 334 2663 Lov.
359 2630 381 2663 4
408 2632 582 2664 sanctum
608 2631 702 2671 tum,
728 2628 770 2662 iu
795 2628 831 2663 P
857 2627 1027 2673 ambigua
1058 2629 1157 2663 uota.
1215 2627 1269 2662 Et
1297 2626 1454 2670 exprimi
1490 2637 1571 2661 cou-
