1821 2928
554 167 644 192 Liber
663 167 714 191 vr
753 167 799 195 (A.
821 166 872 191 cn.
893 169 1048 196 aus—367.)
1418 160 1471 197 47

86 284 274 330 tulerant,
312 282 362 320 ab
394 281 506 319 hoste
537 281 650 331 [sese]
683 281 802 318 tutati
834 284 936 318 sunt.
997 281 1201 320 Dictatori
1233 296 1426 321 consensu
1457 297 1525 334 pa-

86 356 192 390 trum
223 351 432 402 plebisque
462 350 689 400 triumphus
722 349 914 386 decretus.

202 418 382 457 Vixdum
414 418 665 469 perfunctum
691 431 777 454 eum
809 417 914 455 bello
939 418 1113 454 atrocior
1145 419 1252 456 domi
1285 419 1429 456 seditio
1462 433 1527 457 ex·
1547 421 1570 456 9

87 488 203 538 cepit,
245 491 283 524 et
323 501 393 537 per
438 486 618 534 ingentia
659 486 877 522 certamina
909 485 1084 522 dictator
1115 490 1355 536 senatusque
1385 487 1529 533 victus,

85 559 131 594 ut
160 555 389 604 rogationes
428 554 658 591 tribuniciae
701 555 994 603 acciperentur3
1048 557 1087 591 et
1127 555 1291 592 comitia
1321 556 1528 593 consulum

86 624 253 662 adversa
284 622 498 660 nobilitate
529 622 681 668 habita,
712 622 858 671 quibus
889 621 934 658 L.
953 620 1116 659 Sextius
1149 622 1196 659 de
1227 623 1344 672 plebe
1374 624 1526 673 primus

85 692 226 730 consul
278 691 417 729 factus
506 690 561 728 Et
606 704 654 727 ne
702 690 733 727 is
779 689 938 738 quidem
992 689 1082 727 finis
1129 691 1390 728 certaminum
1437 692 1526 729 fuit.
1547 692 1598 728 10

85 760 193 807 Quia
224 759 389 808 patricii
420 772 459 796 se
483 762 664 796 auctores
696 758 851 795 futuros
876 757 1088 806 negabant,
1119 772 1243 808 prope
1267 759 1526 797 secessionem

82 826 215 877 plebis
245 840 308 864 res
329 827 613 876 terribilesque
638 827 738 863 alias
762 827 891 863 minas
914 825 1094 863 civilium
1119 827 1381 864 certaminum
1405 828 1528 874 venit,

84 909 204 946 quum
235 895 397 932 tandem
428 909 499 945 per
531 896 768 932 dictatorem
801 894 1110 932 condicionibus
1136 895 1282 932 sedatae
1310 896 1524 933 discordiae
1546 896 1594 932 11

84 966 186 1010 sunt,
219 976 528 1012 concessumque
561 964 610 1000 ab
643 963 856 1000 nobilitate
888 962 998 1012 plebi
1031 963 1079 999 de
1112 963 1272 1001 consule
1302 963 1474 1013 plebeio,
1506 978 1528 1001 a

82 1031 200 1081 plebe
230 1030 437 1069 nobilitati
471 1031 519 1068 de
550 1035 719 1080 praetore
751 1045 842 1077 uno,
875 1031 943 1080 qui
976 1031 1036 1068 ius
1068 1031 1109 1068 in
1139 1031 1240 1069 urbe
1272 1031 1436 1079 diceret,
1478 1046 1526 1070 ex

82 1099 269 1148 patribus
301 1099 484 1137 creando.
536 1099 602 1136 Ita
635 1099 684 1136 ab
718 1099 876 1136 diutina
908 1099 970 1136 ira
999 1100 1162 1137 tandem
1194 1100 1236 1137 in
1268 1101 1526 1138 concordiam
1547 1102 1595 1138 12

82 1167 257 1205 redactis
290 1167 514 1214 ordinibus,
555 1182 675 1217 quum
717 1167 882 1215 dignam
914 1180 999 1204 eam
1041 1181 1125 1205 rem
1157 1171 1318 1206 senatus
1350 1173 1528 1207 censeret-

82 1249 177 1282 esse,
210 1235 431 1285 meritoque
465 1236 519 1283 id,
557 1237 589 1274 si
623 1237 783 1285 quando
816 1249 992 1284 unquam
1024 1236 1135 1283 alias,
1175 1236 1291 1273 deum
1323 1237 1525 1276 immorta-

49 1344 52 1347 ,
80 1303 179 1341 lium
208 1304 304 1351 fore,
343 1307 389 1341 ut
434 1305 519 1342 ludi
550 1305 712 1341 maximi
754 1304 895 1341 fierent
937 1307 975 1341 et
1015 1303 1101 1341 dies
1132 1318 1234 1342 unus
1265 1305 1316 1342 ad
1346 1306 1526 1343 triduum

80 1372 336 1419 adficeretur,
366 1373 645 1410 recusantibus
678 1372 718 1409 id
751 1386 891 1409 munus
909 1372 1096 1410 aedilibus
1127 1373 1269 1423 plebis,
1301 1374 1522 1412 conclama·
1546 1375 1595 1412 13

79 1443 164 1477 tum
196 1454 218 1478 a
248 1440 435 1489 patriciis
467 1444 523 1477 est
566 1441 789 1486 iuvenibus,
832 1455 871 1478 se
903 1441 942 1478 id
976 1441 1139 1478 honoris
1171 1441 1290 1479 deum
1321 1443 1524 1480 immorta-

80 1507 178 1545 lium
209 1521 327 1545 causa
359 1508 532 1546 libenter
563 1510 749 1553 facturos,
780 1513 823 1545 ut
855 1509 991 1546 aediles
1021 1509 1172 1547 fierent.
1219 1509 1378 1558 Quibus
1401 1524 1521 1561 quum
1544 1511 1595 1548 14

81 1575 131 1612 ab
163 1576 362 1614 universis
404 1578 545 1625 gratiae
579 1581 675 1613 actm
717 1582 858 1622 essent,
899 1578 1047 1615 factum
1088 1581 1248 1616 senatus
1289 1580 1524 1626 consultum,

80 1646 125 1681 ut
155 1643 234 1682 duo
264 1644 372 1682 viros
413 1645 550 1682 aediles
589 1659 632 1682 ex
677 1645 860 1694 patribus
902 1646 1076 1684 dictator
1117 1647 1311 1696 populum
1350 1651 1523 1698 rogaret,

78 1715 213 1763 patres
245 1716 427 1751 auctores
460 1714 644 1751 omnibus
676 1715 761 1751 eius
793 1714 888 1751 anni
920 1714 1097 1752 comitiis
1128 1714 1281 1753 fierent.
