1821 2928
521 135 636 170 Liber
660 135 712 170 ΙΙ.
762 137 822 178 (A.
849 134 914 170 Ch.
939 136 1148 180 473—471.)
1478 140 1554 176 117

116 267 195 304 rati
226 280 308 304 rem
338 268 560 307 venturam,
592 264 701 315 App.
735 260 952 303 Claudium
987 264 1093 314 App.
1124 263 1266 314 filium,
1298 265 1375 302 iam
1410 265 1504 303 inde
1536 279 1558 304 a

115 339 294 389 paternis
333 336 617 376 certaminibus
657 336 829 374 invisum
869 336 1137 386 infestumque
1176 336 1306 387 plebi,
1353 338 1555 376 consulem
1575 336 1762 400 2⁰¹2ssss-

116 411 277 449 faciunt.
339 409 507 459 Collega
538 410 573 446 ei
603 408 650 448 Τ.
685 407 898 455 Quinctius
931 407 1060 445 datur.

231 482 439 532 Principio
471 482 606 520 statim
637 481 732 518 anni
765 480 868 517 nihil
898 480 1013 530 prius
1039 494 1157 530 quam
1176 480 1224 518 de
1242 481 1330 531 lege
1347 482 1554 530 agebatur.
1575 483 1597 519 6

117 553 197 592 Sed
226 558 272 592 ut
303 555 486 592 inventor
517 554 619 604 legis
636 552 802 599 Volero,
833 553 889 590 sic
906 552 1118 601 Laetorius,
1152 553 1305 602 collega
1321 554 1418 600 eius,
1449 559 1561 592 actor

119 639 240 676 quum
274 627 485 666 recentior.
515 631 601 664 tum
633 626 764 663 acrior
794 628 892 664 erat.
940 625 1130 663 Ferocem
1163 625 1336 663 faciebat
1360 626 1457 664 belli
1473 627 1556 676 glo·
1576 628 1598 664 7

116 699 178 737 ria
210 699 363 748 ingens,
395 699 500 749 quod
533 699 662 736 aetatis
695 698 779 735 eius
811 696 919 735 haud
950 697 1161 747 quisquam
1193 710 1313 735 manu
1337 700 1560 749 promptior

116 775 215 810 erat.
263 771 316 820 Is,
351 784 471 821 quum
498 769 648 808 Volero
680 770 781 807 nihil
813 773 1079 820 praeterquam
1113 768 1161 806 de
1194 770 1282 818 lege
1313 770 1558 821 loqueretur,

117 843 381 881 insectatione
413 843 621 881 abstinens
654 843 873 889 consulum,
905 843 990 893 ipse
1020 841 1314 880 accusationem
1345 844 1474 893 Appii
1504 844 1559 881 fa-

117 915 319 965 miliaeque
351 915 650 966 superbissimae
681 928 726 953 ac
759 915 1042 952 crudelissimae
1076 915 1116 952 in
1147 914 1304 965 plebem
1336 914 1558 954 Romanam

117 1001 293 1037 exorsus,
337 1001 458 1038 quum
499 1001 521 1025 a
560 988 746 1037 patribus
786 1001 865 1025 non
898 988 1110 1034 consulem,
1148 986 1219 1024 sed
1249 987 1476 1025 carnificem
1508 988 1599 1026 ad8

116 1060 339 1098 vexandam
384 1064 425 1098 et
469 1060 721 1098 lacerandam
760 1060 918 1110 plebem
957 1063 1134 1097 creatum
1173 1072 1258 1096 esse
1290 1060 1559 1108 contenderet,

118 1132 230 1170 rudis
263 1133 304 1170 in
334 1132 505 1170 militari
539 1133 700 1170 homine
731 1132 873 1181 lingua
903 1145 982 1170 non
1009 1131 1248 1181 suppetebat
1275 1131 1458 1169 libertati
1475 1133 1558 1170 ani-

117 1217 273 1254 moque.
319 1205 465 1255 Itaque
498 1204 708 1243 deficient-e
739 1205 933 1251 oratione,
967 1203 1165 1252 „Quando
1193 1203 1351 1253 quidem
1379 1218 1456 1242 non
1476 1209 1557 1243 tam
1576 1206 1599 1242 9

116 1277 235 1315 facile
274 1278 442 1328 loquor“
485 1277 630 1326 inquit,
681 1277 898 1325 „Quirites‚
947 1289 1078 1326 quam,
1125 1275 1232 1325 quod
1275 1276 1430 1314 locutus
1462 1291 1559 1324 sum,

119 1353 278 1399 praesto,
310 1350 482 1387 crastino
516 1349 581 1387 die
613 1349 764 1395 adeste3
803 1362 877 1398 ego
909 1349 976 1386 hic
1007 1352 1076 1386 aut
1108 1349 1150 1385 in
1182 1352 1396 1398 conspectu
1426 1353 1558 1387 vestro

117 1421 266 1458 moriar
320 1425 389 1459 aut
434 1422 631 1471 perferam
678 1421 846 1470 legem.“
911 1419 1120 1471 Occupant
1164 1420 1321 1458 tribuni
1366 1421 1560 1471 templum
1581 1421 1632 1459 10

119 1498 279 1543 postero
312 1493 393 1539 die:
436 1494 617 1531 consules
648 1493 917 1543 nobilitasque
948 1493 999 1530 ad
1030 1492 1327 1543 impediendam
1359 1493 1486 1542 legem
1517 1494 1558 1531 in

120 1565 306 1603 contione
337 1566 570 1603 consistunt.
629 1564 879 1604 Summoveri
905 1565 1104 1602 Laetorius
1136 1564 1260 1611 iubet,
1290 1569 1557 1616 praeterquam

118 1637 187 1687 qui
233 1637 464 1687 suffragium
510 1639 656 1675 ineant.
716 1637 1010 1676 Adolescentes
1055 1637 1210 1675 nobiles
1255 1637 1415 1675 stabant
1456 1638 1558 1676 nihil
1581 1638 1626 1676 ll

117 1709 301 1748 cedentes
333 1710 491 1748 viatori.
540 1710 641 1748 Tum
674 1724 723 1748 ex
753 1710 815 1748 his
839 1710 980 1761 prendi
1005 1709 1196 1760 quosdam
1213 1709 1412 1747 Laetorius
1430 1710 1555 1749 iubet.

117 1780 263 1820 Consul
294 1781 454 1833 Appius
485 1796 644 1833 negare,
677 1784 738 1820 ius
769 1796 854 1821 esse
884 1782 1048 1820 tribuno
1080 1783 1121 1820 in
1153 1795 1393 1832 quemquam
1420 1783 1498 1820 nisi
1515 1783 1557 1820 in

116 1854 338 1904 plebeium;
369 1867 447 1892 non
480 1855 583 1893 enim
615 1856 765 1906 populi,
796 1855 867 1893 sed
897 1855 1030 1905 plebis
1048 1868 1137 1893 eum
1155 1854 1433 1904 magistratum
1451 1867 1555 1900 esse;
1580 1857 1626 1893 12

116 1940 187 1966 nec
228 1927 342 1965 illum
381 1928 510 1978 ipsum
550 1940 798 1965 summovere
837 1941 910 1978 pro
949 1928 1118 1978 imperio
1150 1941 1264 1978 posse
1296 1940 1403 1965 more
1435 1927 1558 1965 maio·

116 2013 214 2047 rum,
245 2001 340 2051 quia
374 2000 429 2038 ita
459 2000 637 2038 dicatur:
673 1999 743 2050 „Si
761 2000 874 2038 vobis
891 2000 1064 2046 videtur,
1095 2000 1304 2048 discedite,
1337 1999 1555 2047 Quirites.“

116 2071 251 2111 Facile
291 2073 550 2123 contemptim
589 2073 637 2110 de
679 2073 764 2111 iure
806 2072 1037 2111 disserendo
1069 2072 1308 2123 perturbare
1338 2071 1558 2110 Laetorium

116 2149 286 2194 poterat.
345 2145 505 2183 Ardens
537 2145 665 2195 igitur
697 2146 758 2183 ira
787 2146 972 2184 tribunus
1002 2145 1195 2183 viatorem
1228 2144 1354 2182 mittit
1385 2144 1436 2182 ad
1467 2157 1558 2182 con·
1579 2146 1628 2183 13

116 2217 256 2263 sulem,
289 2217 426 2255 consul
458 2217 641 2255 lictorem
673 2217 724 2256 ad
755 2218 974 2264 tribunum,
1006 2219 1208 2269 privatum
1237 2230 1320 2256 esse
1337 2217 1558 2263 clamitans,

115 2289 201 2326 sine
234 2290 419 2340 imperio,
451 2289 537 2327 sine
569 2290 825 2340 maglatratu;
862 2291 1117 2340 violatusque
1149 2294 1254 2328 esset
1283 2289 1484 2337 tribunus,
1517 2289 1558 2326 ni
1580 2288 1628 2325 14

117 2365 159 2399 ot
189 2362 321 2399 contio
353 2361 480 2400 omnis
511 2366 626 2399 atrox
659 2366 795 2401 coorta
826 2376 899 2413 pro
930 2362 1094 2400 tribuno
1135 2363 1178 2400 in
1209 2362 1411 2400 consulem
1444 2365 1558 2409 esset,

117 2437 156 2469 et
186 2445 402 2471 concursus
420 2432 657 2484 [bominum]
685 2434 728 2472 in
759 2435 888 2472 forum
921 2448 970 2472 ex
1000 2439 1086 2473 tota
1116 2433 1216 2472 urbe
1233 2434 1443 2472 concitatae
1461 2432 1560 2470 mul-

118 2504 306 2543 titudinis
337 2505 464 2544 fieret.
527 2504 762 2545 Sustinebat
791 2511 925 2545 tamen
955 2507 1118 2556 Appius
1148 2506 1374 2556 pertinacia
1407 2508 1559 2542 tantam

116 2580 408 2627 tempestatem,
456 2582 729 2628 certatumque
775 2579 883 2617 haud
921 2579 1128 2616 incruento
1170 2577 1316 2627 proelio
1357 2577 1472 2621 foret,
1518 2575 1560 2613 ni
1582 2575 1630 2612 15

119 2648 345 2698 Quinctius,
377 2650 516 2687 consul
547 2650 661 2696 alter,
692 2651 969 2689 consularibus
985 2649 1147 2699 negotio
1166 2648 1272 2693 dato,
1303 2652 1347 2685 ut
1364 2646 1559 2695 collegam

116 2721 170 2767 vi,
199 2722 233 2759 si
266 2722 384 2760 aliter
413 2734 492 2759 non
510 2726 685 2772 possent,
716 2723 764 2760 de
781 2722 868 2760 foro
884 2721 1142 2770 abducerent,
1175 2720 1262 2769 ipse
1280 2732 1383 2756 nunc
1401 2719 1557 2769 plebem
