1821 2928
727 141 843 176 Liber
867 141 897 176 Ι.
1475 146 1528 184 49

90 269 223 308 omnia
260 283 393 320 onera,
435 282 522 320 quae
555 269 778 307 communia
810 268 1009 318 quondam
1042 269 1203 315 fuerint,
1242 269 1456 309 inclinasse
1489 272 1528 310 in
1552 273 1600 310 12

89 341 282 390 primores
313 342 504 387 civitatis;
537 341 762 380 instituisse
795 353 967 387 censum,
998 345 1041 378 ut
1072 341 1241 390 insignis
1268 341 1318 378 ad
1334 342 1528 381 invidiam

88 412 394 463 locupletiorum
427 415 588 452 fortuna
619 417 722 452 esset
753 417 791 450 et
821 416 974 463 parata,
1004 412 1125 461 unde,
1156 413 1227 451 ubi
1244 414 1377 461 vellet,
1409 428 1531 466 egen-

88 485 254 524 tissimis
287 487 515 536 largiretur.
561 485 671 524 Huic
702 485 876 523 orationi
899 483 1062 522 Servius
1095 498 1217 535 quum
1250 486 1531 526 intervenisset

90 557 250 608 trepido
290 559 432 597 nuntio
471 558 678 604 excitatus,
716 557 918 608 extemplo
951 569 973 594 a
1002 556 1205 595 vestibulo
1237 559 1356 596 curiae
1388 573 1532 609 magna

89 641 185 667 voce
219 630 354 678 „Quid
384 631 483 669 hot-,⁸⁴
518 630 663 679 inquit,
700 629 935 680 „Tarquini‚
967 629 1028 667 rei
1060 628 1149 666 est?
1181 642 1260 679 qua
1289 634 1333 668 tu
1365 632 1532 670 audacia

89 713 151 739 me
181 701 274 740 vivo
305 715 448 741 vocare
480 715 599 740 ausus
631 714 671 739 es
702 706 837 751 patres
868 705 937 739 aut
967 701 1008 738 in
1039 701 1131 739 sede
1163 701 1370 741 considere
1388 704 1526 742 mea?“

90 773 222 822 Quum
248 774 318 812 ille
346 775 534 813 ferociter
560 774 611 812 ad
635 774 733 820 haec,
765 787 805 811 se
829 774 956 823 patris
980 774 1042 811 sui
1058 778 1194 812 tenere
1211 774 1357 822 sedem,
1389 777 1528 826 multo,
1548 778 1571 814 2

87 858 205 896 quam
237 859 406 893 servum,
438 846 634 896 potiorem
657 845 783 883 filium
808 846 914 894 regis
930 846 1046 894 regni
1062 845 1266 893 heredem3
1301 848 1398 886 satis
1416 849 1530 886 illum

88 917 157 956 diu
202 931 274 969 per
317 919 520 957 licentiam
567 917 793 956 eludentem
824 917 1037 967 insultasse
1069 917 1255 968 dominis,
1302 920 1451 959 clamor
1479 921 1528 958 ab

86 991 298 1042 utriusque
328 990 555 1029 fautoribus
573 990 702 1028 oritur
719 993 759 1028 et
776 1002 992 1028 concursus
1008 991 1148 1040 populi
1166 990 1290 1029 fiebat
1306 991 1347 1029 in
1365 992 1526 1042 curiam,

87 1063 400 1115 apparebatque,
447 1066 718 1113 regnaturum,
765 1062 834 1112 qui
878 1062 1050 1100 vicisset.
1125 1062 1225 1101 Tum
1272 1063 1529 1115 Tarquinius,
1549 1065 1572 1102 3

87 1136 326 1174 necessitate
371 1136 450 1174 iam
492 1136 579 1186 ipsa
611 1138 778 1184 cogente
809 1135 951 1172 ultima
981 1135 1138 1184 audere,
1186 1136 1312 1174 multo
1345 1141 1384 1174 et
1414 1140 1531 1175 aetate

88 1211 127 1246 et
150 1207 307 1247 viribus
331 1207 514 1254 validior,
545 1206 718 1245 medium
745 1207 889 1257 arripit
913 1206 1098 1245 Servium
1123 1208 1351 1258 elatumque
1377 1222 1396 1246 e
1420 1210 1531 1247 curia

88 1279 129 1317 in
164 1279 395 1318 inferiorem
433 1282 588 1330 partem
619 1292 691 1329 per
722 1279 872 1329 gradus
904 1279 1059 1326 deiicit3
1105 1280 1199 1318 inde
1230 1281 1279 1317 ad
1312 1281 1530 1330 cogendum

88 1355 269 1391 senatum
300 1352 342 1389 in
373 1352 526 1389 curiam
556 1351 673 1391 redit.
735 1351 804 1390 Fit
841 1352 937 1402 fuga
966 1352 1074 1401 regis
1105 1353 1380 1403 apparitorum
1411 1355 1573 1404 atque4

86 1424 297 1471 comitum;
328 1424 414 1474 ipse
445 1437 571 1474 prope
603 1424 816 1472 exsanguis
847 1423 897 1461 ab
930 1423 989 1472 iis.
1024 1425 1093 1474 qui
1117 1425 1226 1463 missi
1243 1426 1292 1463 ab
1308 1425 1531 1477 Tarquinio

88 1496 307 1546 fugientem
349 1496 551 1533 consecuti
595 1499 719 1542 erant,
765 1494 1015 1535 interficitur.
1078 1495 1280 1547 Creditur,
1327 1499 1422 1548 quia
1451 1499 1572 1538 n0n5

88 1567 281 1606 abhorret
333 1581 357 1605 a
409 1571 540 1606 cetero
594 1567 759 1614 scelere,
815 1567 1021 1605 admonitu
1075 1567 1218 1606 Tulliae
1272 1571 1314 1608 id
1366 1571 1526 1610 factum.

88 1639 288 1690 Carpento
320 1643 439 1688 certe,
485 1639 527 1677 id
560 1640 667 1689 quod
700 1640 796 1677 satis
828 1643 995 1686 constat,
1034 1639 1076 1677 in
1106 1640 1236 1678 forum
1269 1642 1426 1681 invecta
1457 1658 1528 1682 nec

87 1712 265 1751 reverita
311 1715 456 1749 coetum
500 1712 677 1750 virorum
723 1712 906 1750 evocavit
950 1712 1079 1750 virum
1118 1726 1138 1750 e
1169 1714 1282 1752 curia
1312 1727 1528 1766 regemque

86 1785 217 1835 prima
261 1784 492 1835 appellavit.
551 1784 591 1821 A
638 1797 716 1834 quo
762 1785 956 1823 facessere
993 1785 1101 1823 iussa
1131 1798 1180 1823 ex
1210 1790 1324 1825 tanto
1355 1789 1572 1826 tumultu6

88 1870 210 1907 quum
255 1856 369 1906 regio
401 1856 594 1894 comitatu
626 1870 667 1895 se
698 1856 857 1895 domum
888 1857 1088 1907 reciperet
1117 1860 1446 1910 pervenissetque
1478 1861 1528 1898 ad

89 1941 283 1967 summum
316 1927 507 1979 Cyprium
539 1929 685 1977 vicum,
730 1930 801 1968 ubi
833 1929 1028 1968 Dianium
1058 1944 1186 1982 nuper
1217 1931 1304 1981 fuit,
1352 1932 1529 1970 flectenti

87 2003 322 2051 carpentum
354 2000 495 2039 dextra
526 2001 567 2038 in
585 2000 758 2039 Urbium
784 2002 942 2048 clivum,
972 2002 1075 2040 utin
1092 2003 1233 2041 collem
1249 2004 1527 2055 Esquiliarum

88 2073 334 2120 eveheretur,
351 2073 502 2111 restitit
516 2073 687 2123 pavidus
704 2077 824 2124 atque
841 2073 1019 2112 inhibuit
1034 2074 1167 2113 frenos
1183 2076 1227 2122 is,
1260 2077 1331 2127 qui
1350 2077 1528 2116 iumenta

87 2145 244 2196 agebat,
291 2145 567 2195 iacentemque
612 2145 782 2183 dominae
822 2143 1006 2185 Servium
1050 2148 1293 2186 trucidatum
1339 2150 1526 2188 ostendit.

86 2217 256 2257 Foedum
303 2217 642 2267 inhumanumque
673 2218 766 2256 inde
797 2218 972 2256 traditur
1002 2219 1146 2269 scelus,
1192 2225 1526 2272 monumentoque
1547 2223 1570 2259 7

89 2291 201 2330 locus
247 2292 330 2327 est:
376 2287 625 2327 Sceleratum
670 2291 801 2328 vicum
846 2294 1010 2339 vocant,
1056 2305 1134 2342 quo
1180 2307 1327 2340 amens,
1373 2294 1527 2344 agitan-

86 2362 196 2401 tibus
226 2361 343 2400 furiis
373 2360 522 2399 sororis
553 2374 597 2399 ac
626 2362 717 2410 viri,
747 2361 884 2402 Tullia
899 2375 971 2413 per
986 2365 1116 2414 patris
1134 2378 1276 2416 corpus
1294 2371 1525 2417 carpentum

89 2435 219 2484 egisse
250 2434 389 2481 fertur,
419 2436 654 2484 partemque
685 2435 896 2485 sanguinis
927 2448 972 2474 ac
1003 2436 1122 2474 caedis
1152 2440 1330 2488 paternae
1363 2443 1525 2476 cruento

87 2506 288 2553 vehiculo,
320 2506 590 2544 contaminata
622 2506 709 2557 ipsa
725 2519 999 2558 respersaque,
1030 2508 1171 2547 tulisse
1188 2509 1239 2547 ad
1255 2514 1418 2560 penates
1435 2522 1526 2546 suos

90 2577 249 2628 virique
280 2577 356 2627 sui,
390 2577 538 2627 quibus
570 2578 683 2616 iratis
714 2579 819 2617 malo
850 2580 964 2629 regni
995 2580 1195 2631 principio
1212 2581 1364 2618 similes
1381 2593 1526 2631 prope-

88 2648 194 2688 diem
225 2649 357 2687 exitus
387 2656 659 2700 sequerentur.

159 2742 265 2769 Livius
284 2749 323 2769 ex
342 2749 402 2769 ree.
421 2743 581 2776 Madvigii.
618 2744 643 2769 1.
1297 2735 1319 2766 4

1611 485 1670 535 48
