1821 2928
317 111 398 148 238
697 108 810 143 Liber
836 108 903 143 IV.
954 110 1012 153 (A.
1038 121 1072 143 u.
1101 121 1130 143 c.
1156 110 1364 153 334—336.)

316 249 393 285 quo
439 239 532 273 tunc
576 239 671 281 erat,
719 237 886 285 impetus
927 235 1015 273 fieri
1047 249 1124 273 non
1156 239 1300 285 posset,
1344 236 1486 274 flexere
1518 236 1597 275 iras
1628 237 1668 274 in
1700 237 1743 276 O.

317 305 606 358 Sempronium,
636 308 859 357 patruelem
876 308 1071 354 Atratini,
1103 308 1218 357 eique
1249 308 1299 345 ob
1327 307 1588 356 ignominiam
1606 307 1747 347 Volsci

279 379 301 414 7
320 379 415 416 belli
446 378 628 417 adiutore
660 379 814 429 collega
844 379 898 417 M.
926 377 1117 417 Canuleio
1151 379 1254 416 diem
1285 379 1431 417 dixere.
1487 378 1668 418 Subinde
1698 380 1747 418 ab

318 451 455 488 iisdem
487 450 660 489 tribunis
692 451 840 489 mentio
873 451 912 488 in
936 454 1096 503 senatus
1113 450 1161 488 de
1178 451 1286 500 agris
1304 451 1530 489 dividendis
1547 451 1661 490 illata
1677 455 1747 498 est,

318 523 382 560 cui
413 522 563 560 actioni
594 536 748 573 semper
774 523 965 560 acerrime
984 521 1025 560 C.
1045 521 1302 572 Sempronius
1318 523 1532 570 restiterat,
1563 523 1674 570 ratis,
1707 523 1749 560 id

318 594 424 644 quod
457 597 554 643 erat,
590 598 659 631 aut
689 594 869 644 deposita
902 607 1019 631 causa
1051 594 1239 632 leviorem
1269 594 1447 633 futurum
1478 594 1584 644 apud
1614 598 1750 644 patres

318 680 429 704 reum
461 670 527 704 aut
553 670 871 716 perseverantem
899 665 972 703 sub
991 665 1136 703 iudicii
1152 669 1308 716 tempus
1324 666 1481 716 plebem
1498 665 1745 704 offensurum.

278 739 516 780 SAdversae
562 738 724 775 invidiae
771 738 891 775 obiici
936 737 1080 775 maluit
1121 741 1159 775 et
1189 750 1269 775 suae
1300 750 1442 775 nocere
1472 750 1600 776 causae
1632 751 1748 788 quam

280 816 302 852 9
321 809 494 859 publicae
527 810 674 855 deesse,
707 810 896 859 stetitque
928 813 968 846 in
1000 808 1136 846 eadem
1166 809 1372 857 sententia,
1402 823 1451 847 ne
1482 822 1561 860 qua
1575 810 1748 860 larg-itio,

321 895 477 919 cessura
507 882 547 919 in
578 881 700 918 trium
733 881 902 929 gratiam
934 880 1197 928 tribunorum,
1228 880 1362 928 fieret;
1397 894 1467 919 nec
1497 884 1580 918 tum
1611 894 1751 931 agrum

298 977 303 982 -
320 953 440 1002 plebi,
457 952 527 990 sed
544 953 624 990 sibi
642 953 836 991 invidiam
855 953 1000 1002 quaeri,
1022 965 1063 990 se
1081 965 1239 1002 quoque
1257 948 1484 990 subiturum
1499 966 1584 991 eam
1600 955 1748 1003 tempe-

320 1028 461 1062 statem
493 1025 587 1062 forti
620 1024 768 1070 anim03
801 1038 872 1062 nec
904 1025 1057 1062 senatui
1090 1025 1192 1062 tanti
1220 1037 1259 1062 se
1285 1024 1410 1062 civem
1427 1027 1497 1062 aut
1513 1037 1750 1074 quemquam

320 1097 441 1134 alium
473 1096 618 1134 debere
649 1109 743 1143 esse,
781 1100 825 1132 ut
857 1096 898 1133 in
929 1096 1127 1146 parcendo
1159 1097 1227 1133 uni
1258 1096 1404 1134 malum
1435 1096 1640 1146 publicum
1669 1095 1750 1134 fiat.

254 1169 303 1205 lO
322 1168 460 1207 Nihilo
493 1167 724 1206 demissiore
755 1168 898 1214 animo,
930 1180 1049 1216 quum
1082 1167 1168 1204 dies
1198 1168 1318 1215 venit,
1349 1181 1469 1206 causa
1498 1168 1582 1218 ipse
1613 1181 1685 1218 pro
1710 1179 1751 1205 se

320 1241 438 1285 dicta,
455 1240 721 1289 nequicquam
739 1240 871 1277 omnia
888 1239 1062 1289 expertis
1079 1239 1272 1289 patribus,
1288 1243 1333 1277 ut
1344 1240 1573 1288 mitigarent
1583 1239 1751 1289 plebem,

320 1311 547 1362 quindecim
578 1311 757 1349 millibus
789 1311 880 1348 aeris
912 1311 1134 1348 damnatur.

255 1385 302 1421 11
437 1383 586 1421 Eodem
619 1397 722 1421 anno
751 1383 959 1420 Postumia
991 1383 1102 1432 virgo
1122 1382 1297 1421 Vestalis
1329 1382 1378 1420 de
1410 1383 1564 1421 incestu
1596 1395 1751 1420 causam

323 1456 437 1503 dixit,
468 1455 649 1493 criminis
681 1455 855 1501 innoxia,
887 1455 938 1492 ab
970 1455 1195 1504 suspicione
1219 1457 1382 1504 propter
1398 1454 1549 1492 cultum
1566 1455 1752 1492 amoenio-

321 1541 403 1564 rem
435 1527 717 1577 ingeniumque
749 1527 927 1573 liberius,
973 1539 1090 1575 quam
1120 1526 1320 1576 virginem
1351 1526 1474 1574 decet,
1514 1539 1656 1576 parum
1686 1527 1752 1565 ab·

255 1599 303 1635 12
323 1600 500 1636 horrens.
547 1599 646 1636 Eam
678 1598 918 1647 ampliatam,
949 1598 1093 1635 deinde
1126 1598 1347 1636 absolutam
1378 1611 1451 1648 pro
1482 1597 1643 1646 collegii
1668 1610 1752 1635 sen-

320 1671 447 1708 tentia
477 1670 659 1720 pontifex
689 1671 884 1707 maximus
915 1669 1117 1708 abstinere
1149 1669 1247 1707 iocis
1278 1669 1435 1719 colique
1460 1672 1596 1706 sancte
1619 1669 1753 1719 potius

321 1755 435 1791 quam
484 1742 581 1779 scite
623 1741 749 1779 iussit.
809 1741 961 1778 Eodem
1001 1754 1104 1779 anno
1145 1754 1167 1777 a
1200 1740 1412 1790 Campanis
1444 1739 1590 1788 Cumae,
1636 1753 1752 1789 quam

322 1812 452 1851 Graeci
483 1817 568 1851 tum
598 1814 737 1851 urbem
768 1813 969 1859 tenebant,
1001 1812 1225 1862 capiuntur.

257 1885 306 1921 13
437 1885 658 1934 Insequens
706 1897 833 1923 annus
877 1884 1061 1922 tribunos
1106 1883 1278 1921 militum
1316 1883 1515 1921 consulari
1555 1885 1753 1934 potestate

115 1946 226 2009 ἓξὲξ
244 1947 303 2009 {ff}
324 1957 465 1994 habuit
495 1956 725 2007 Agrippam
756 1956 985 1994 Menenium
1016 1955 1226 2002 Lanatum,
1256 1955 1302 1993 P.
1327 1954 1560 1993 Lucretium
1583 1955 1752 2006 Tricipi-

196 2028 252 2075 45
325 2029 463 2075 tinum,
495 2027 562 2079 Sp.
580 2028 771 2067 Nautium
793 2028 990 2075 Rutilum,
1020 2041 1157 2074 annus,
1186 2027 1383 2065 felicitate
1405 2027 1546 2077 populi
1568 2026 1753 2073 Romani,

322 2100 500 2149 periculo
532 2100 666 2150 potius
697 2100 852 2149 ingenti
887 2112 1003 2150 quam
1031 2099 1143 2136 clade
1171 2099 1352 2147 insignis.
1399 2097 1582 2146 Servitia,
1612 2098 1753 2136 urbem

321 2175 365 2209 ut
398 2171 657 2210 incenderent
687 2163 931 2210 distantibus
971 2171 1081 2218 locis,
1127 2171 1398 2216 coniurarunt,
1443 2169 1677 2220 populoque.
1703 2169 1754 2206 ad

323 2257 437 2293 opem
469 2243 617 2293 passim
648 2244 849 2282 ferendam
881 2243 996 2281 tectis
1028 2243 1181 2280 intento
1213 2245 1256 2279 ut
1281 2254 1410 2279 arcem
1430 2240 1753 2291 Capitoliumque

282 2317 306 2353 2
325 2315 467 2353 armati
498 2319 748 2365 occuparent.
794 2315 960 2353 Avertit
985 2314 1157 2352 nefanda
1174 2312 1344 2351 consilia
1360 2313 1556 2364 Iuppiter,
1587 2312 1752 2350 indicio-

323 2400 398 2436 que
437 2386 604 2423 duorum
644 2387 915 2436 comprehensi
947 2388 1078 2424 sontes
1109 2399 1245 2435 poenas
1278 2385 1483 2422 dederunt.
1543 2383 1752 2422 Indicibus

322 2458 424 2496 dena
447 2458 575 2495 millia
598 2457 732 2506 gravis
748 2457 849 2503 aeris,
882 2470 969 2507 quae
985 2460 1068 2495 tum
1086 2456 1240 2496 divitiae
1256 2456 1517 2503 habebantur,
1547 2468 1596 2493 ex
1610 2454 1752 2492 aerario

282 2531 306 2567 3
324 2532 531 2567 numerat-a
569 2533 607 2566 et
638 2529 804 2566 libertas
834 2529 1039 2578 praemium
1071 2529 1158 2566 fuit.
1217 2528 1374 2566 Bellum
1404 2527 1497 2565 inde
1527 2525 1576 2564 ab
1607 2525 1752 2575 AEquis

324 2601 502 2650 reparari
548 2602 739 2650 coeptum;
786 2590 824 2637 et
869 2612 991 2637 novos
1038 2600 1170 2638 hostes
1200 2599 1423 2637 Lavicanos
1469 2596 1634 2635 consilia
1664 2610 1750 2635 cum

322 2672 524 2710 veteribus
549 2673 723 2721 iungere,
755 2670 861 2708 haud
886 2671 1049 2708 incertis
1066 2670 1296 2708 auctoribus
1311 2669 1479 2708 Romam
1497 2671 1556 2706 est
1574 2667 1752 2706 allatum.
