1821 2928
344 162 392 198 12
761 172 850 197 Liber
868 172 919 197 V1.
957 171 1005 200 (A.
1025 180 1052 197 u.
1073 180 1096 197 e.
1117 173 1188 201 369.)

280 285 341 331 sit,
373 285 440 335 qui
472 286 588 322 simul
618 286 798 332 vicerint,
830 299 909 323 suae
926 286 1103 323 victoriae
1134 287 1330 323 neminem
1362 287 1535 324 omnium
1566 290 1712 325 morta-

239 352 377 390 61111111
416 353 565 390 socium
597 367 688 390 esse.
749 354 825 390 His
871 354 1127 403 opinionibus
1179 354 1318 391 inflato
1365 354 1507 401 animo,
1549 355 1600 392 ad
1638 355 1713 392 hoc

278 421 377 458 vitio
409 435 566 470 quoque
604 421 755 470 ingenii
785 422 993 459 vehemens
1032 427 1070 459 et
1110 422 1315 471 impotenS,
1361 427 1572 472 postquam
1610 423 1715 460 inter

280 492 414 538 patres
454 503 543 536 non,
589 494 781 539 quantum
822 503 978 539 aequum
1020 491 1214 537 censebat,
1260 491 1450 528 excellere
1490 504 1580 527 suas
1621 503 1715 540 opes

240 555 582 595 Tanimadvertit.
630 558 781 606 primus
823 558 997 595 omnium
1039 572 1086 595 ex
1126 558 1309 607 patribus
1348 558 1555 607 popularis
1586 558 1715 595 factus

280 639 365 662 cum
398 626 565 675 plebeiis
596 626 896 673 magistratibus
929 626 1096 663 consilia
1127 626 1434 671 communicare,
1467 626 1715 664 criminando

279 697 421 742 patres,
453 694 668 731 alliciendo
700 694 751 731 ad
783 708 821 730 se
853 694 1021 743 plebem,
1060 694 1138 731 iam
1170 707 1278 740 aura,
1309 708 1387 732 non
1420 695 1587 731 consilio
1619 694 1715 731 ferri

237 761 472 810 Sfamaeque
502 775 655 810 magnae
694 762 812 798 malle
845 775 963 811 quam
1002 762 1114 799 bonae
1147 775 1240 799 esse.
1300 762 1353 799 Et
1389 777 1469 800 non
1508 766 1716 800 contentus

281 829 451 877 agrariis
483 830 649 878 legibus,
691 844 778 879 quae
819 830 986 866 materia
1017 843 1170 878 semper
1213 831 1384 867 tribunis
1415 831 1525 880 plebi
1555 830 1716 868 seditio-

280 911 373 934 num
404 898 552 935 fuisset.
590 899 707 935 fidem
740 898 872 936 moliri
904 897 1040 946 coepit:
1086 897 1259 935 acriores
1291 899 1440 948 quippe
1472 898 1561 936 aeris
1592 898 1716 936 alieni

279 965 460 1002 stimulos
491 979 585 1011 esse,
631 967 699 1016 qui
743 980 823 1004 non
867 969 1081 1014 egestatem
1127 967 1244 1004 modo
1291 970 1410 1015 atque
1457 967 1717 1016 ignominiam

279 1033 495 1079 minentur,
549 1034 617 1071 sed
657 1048 778 1071 nervo
820 1048 864 1071 ac
911 1034 1056 1071 vinclis
1105 1048 1249 1083 corpus
1303 1035 1473 1071 liberum
1517 1035 1715 1072 territent.

240 1101 263 1136 9
281 1101 333 1137 Et
364 1106 447 1138 erat
480 1103 568 1139 aeris
585 1103 708 1139 alieni
733 1116 877 1151 magna
894 1102 954 1139 vis
980 1116 1021 1139 re
1046 1102 1347 1140 damnosissima
1372 1103 1490 1140 etiam
1515 1103 1719 1148 divitibus,

281 1169 526 1217 aedificando,
559 1174 774 1208 contracta.
821 1171 980 1207 Bellum
1012 1170 1148 1218 itaque
1179 1170 1382 1213 Volscum,
1414 1184 1535 1219 grave
1566 1184 1636 1220 per
1667 1183 1719 1215 se,

281 1242 487 1276 oneratum
504 1239 741 1276 Latinorum
773 1242 892 1288 atque
910 1238 1178 1275 Hernicorum
1211 1238 1443 1285 defectione,
1475 1239 1516 1275 in
1547 1238 1720 1287 speciem

215 1305 264 1341 10
283 1319 408 1343 causae
426 1307 627 1354 iactatum,
657 1311 700 1343 111
718 1307 843 1344 maior
861 1310 1037 1355 potestas
1055 1310 1317 1355 quaereretur;
1349 1306 1418 1343 sed
1435 1320 1536 1344 nova
1553 1305 1721 1343 consilia

280 1374 426 1412 Manlii
471 1376 596 1424 magis
638 1376 862 1424 compulere
903 1378 1082 1411 senatum
1123 1374 1174 1410 ad
1216 1374 1451 1411 dictatorem
1494 1373 1720 1411 creandum.

283 1442 449 1480 ‹ih-eatus
489 1444 540 1481 A.
583 1444 792 1482 Cornelius
834 1442 978 1480 Cossus
1024 1442 1256 1491 magistrum
1303 1442 1481 1491 equitum
1528 1441 1630 1478 dixit
1674 1441 1720 1478 Τ.

286 1512 518 1558 Quinctium
550 1512 834 1561 Capitolinum.

158 1571 212 1616 12
400 1580 589 1617 Dictator
634 1580 707 1617 etsi
752 1580 938 1616 maiorem
980 1579 1275 1616 dimicationem
1321 1576 1565 1627 propositam
1613 1576 1721 1614 domi

286 1660 403 1694 quam
442 1648 539 1684 foris
571 1649 767 1693 cernebat,
811 1651 955 1692 tamen,
1001 1660 1069 1683 seu
1109 1647 1204 1695 quia
1245 1645 1448 1682 celeritate
1479 1646 1531 1681 ad
1570 1645 1720 1681 bellum

287 1728 384 1763 opus
425 1720 520 1753 erat.
562 1730 629 1752 seu
660 1715 825 1752 victoria
866 1714 1150 1762 triumphoque
1182 1713 1392 1749 dictaturae
1433 1712 1511 1761 ipsi
1541 1712 1646 1749 vires
1677 1725 1718 1748 se

286 1783 514 1820 additurum
556 1788 678 1828 ratus.
718 1783 868 1819 dilectu
908 1781 1046 1818 habito
1078 1781 1118 1818 in
1159 1794 1298 1829 agrum
1330 1780 1601 1829 Pomptinum,
1642 1794 1720 1829 quo

245 1849 267 1883 :2
288 1864 310 1886 a
341 1851 499 1888 Volscis
531 1851 745 1889 exercitum
776 1849 983 1886 inductum
1014 1849 1208 1895 audierat,
1246 1849 1389 1898 pergit.
1449 1848 1539 1886 Non
1571 1848 1722 1893 dubito,

287 1923 430 1968 praeter
461 1919 694 1965 satietatem,
734 1921 793 1955 tot
835 1918 911 1954 ian]
953 1917 1068 1954 libris
1099 1917 1258 1954 assidua
1298 1917 1405 1953 bella
1444 1930 1532 1953 cum
1563 1915 1722 1953 Volscis

287 1991 397 2035 gesta.
428 1987 651 2035 legentibus
676 1987 779 2023 illud
804 1999 960 2035 quoque
986 1998 1276 2030 succursurum,
1308 1984 1415 2033 quod
1438 1984 1537 2020 mihi
1560 1997 1720 2032 percen-

287 2054 389 2090 senti
420 2055 626 2103 propiores
665 2055 912 2104 temporibus
953 2054 1094 2090 harum
1134 2066 1266 2089 rerum
1306 2055 1487 2089 auctores
1528 2051 1721 2088 miraculo

286 2122 374 2168 fuit,
414 2123 519 2159 unde
558 2122 676 2159 toties
715 2121 832 2158 victis
865 2121 1023 2159 Volscis
1063 2124 1100 2158 et
1134 2120 1276 2169 AEquis
1308 2119 1533 2156 suffecerint
1563 2119 1722 2156 milites.

249 2189 408 2237 3Quocl
453 2203 574 2238 quum
620 2190 668 2226 ab
715 2189 892 2238 antiquis
937 2189 1103 2226 tacitum
1150 2187 1457 2237 praetermissum
1502 2187 1564 2233 sit,
1610 2186 1721 2223 cuius

290 2259 449 2295 tandem
477 2271 548 2305 ego
575 2257 632 2293 rei
659 2260 803 2305 praeter
829 2256 1067 2305 opinionem,
1099 2269 1185 2305 quae
1214 2269 1284 2292 sua
1311 2255 1454 2303 cuique
1482 2253 1722 2292 coniectanti

249 2325 274 2360 4
292 2338 373 2362 esse
403 2329 545 2374 potest,
576 2327 714 2361 auctor
745 2324 846 2359 sim?
906 2322 1045 2361 Simile
1070 2324 1155 2361 veri
1186 2326 1254 2368 est,
1286 2326 1355 2359 aut
1385 2322 1609 2360 intervallis
1639 2321 1722 2358 bel-

290 2393 429 2439 lorum,
469 2393 572 2429 sicut
602 2405 706 2429 nunc
738 2392 777 2428 in
810 2391 1022 2428 dilectibus
1063 2391 1107 2427 fit
1138 2390 1341 2435 Romanis,
1382 2390 1462 2427 alia
1493 2394 1612 2440 atque
1642 2389 1723 2426 alia

291 2461 427 2497 subole
457 2457 656 2497 iuniorum
679 2459 730 2496 ad
753 2459 860 2495 bella
892 2459 1149 2496 instauranda
1172 2458 1290 2495 toties
1313 2471 1404 2495 usos
1427 2471 1521 2503 esse,
1552 2460 1621 2494 aut
1643 2469 1723 2492 non

292 2542 338 2565 ex
368 2529 509 2565 iisdem
538 2541 689 2577 semper
720 2527 881 2577 populis
905 2526 1100 2563 exercitus
1125 2525 1304 2574 scriptos,
1336 2537 1563 2574 quanquam
1587 2523 1723 2560 eadem

251 2597 275 2632 5
294 2609 444 2645 semper
467 2609 561 2644 gens
585 2595 735 2632 bellum
758 2593 951 2639 intulerit,
982 2597 1047 2630 aut
1074 2592 1402 2630 innumerabilem
1425 2591 1725 2628 multitudinem
