1821 2928
618 205 709 231 Liber
728 206 781 232 lx.
819 206 867 235 (A.
888 206 938 233 ch.
960 208 1030 237 321.)
1417 199 1496 237 143

105 321 238 369 Quum
268 321 377 359 fraus
400 321 563 359 hostilis
603 322 872 371 apparuisset,
912 322 1147 372 praesidium
1180 324 1300 361 etiam
1331 324 1374 361 in
1401 339 1552 363 summo

103 390 208 428 saltu
239 390 500 440 conspicitur.
576 389 701 428 Citati
734 391 828 428 inde
858 395 980 438 retro,
1011 405 1090 441 qua
1120 396 1332 440 venerant,
1378 398 1552 444 pergunt
1572 394 1623 432 10

101 462 284 509 repetere
314 458 438 505 via1113
471 473 557 497 eam
578 472 735 509 quoque
767 460 943 498 clausam
975 473 1045 497 sua
1077 458 1192 497 obice
1215 461 1418 512 armisque
1446 462 1551 500 inve-

103 528 230 565 niunt.
305 526 465 565 Sistunt,
495 528 590 566 inde
622 528 791 577 gradum
823 529 908 566 sine
939 528 1062 566 ullius
1104 528 1287 578 imperio,
1332 534 1552 581 stuporque

103 597 279 634 omnium
310 597 464 635 animos
496 610 540 634 ac
555 597 668 634 velut
691 600 832 647 torpor
848 597 1014 647 quidam
1032 597 1219 634 insolitus
1236 598 1416 636 membra
1431 602 1553 646 tenet,

101 665 384 716 intuentesque
415 665 488 703 alii
515 665 629 713 alios,
661 679 783 716 quum
806 666 976 703 alterum
993 666 1164 716 quisque
1180 671 1405 716 compotem
1422 668 1549 717 magis
1570 668 1618 705 11

101 735 247 773 mentis
279 748 324 773 ac
359 734 521 772 consilii
554 735 758 781 ducerent,
789 734 859 772 diu
878 734 1105 772 immobiles
1131 734 1270 782 silent;
1303 736 1462 783 deinde,
1477 737 1549 775 ubi
1571 737 1620 774 12

99 804 294 854 praetoria
325 803 532 841 consulum
572 803 676 851 erigi
707 803 845 840 videre
887 807 927 840 et
965 803 1158 853 expedire
1199 803 1393 853 quosdam
1432 805 1551 843 utilia

101 873 225 923 operi,
271 886 500 923 quanquam
538 872 719 910 ludibrio
765 872 850 910 fore
887 872 1113 910 munientes
1150 873 1323 923 perditis
1354 874 1475 911 rebus
1506 888 1551 912 ac

98 955 168 992 spe
199 942 307 980 omni
324 942 513 992 adempta
531 940 761 988 cernebant,
790 946 938 989 tamen,
967 955 1016 979 ne
1035 942 1195 992 culpam
1211 942 1327 980 malis
1343 942 1550 990 adderent,
1571 944 1620 981 13

97 1025 170 1062 pro
203 1025 242 1049 se
275 1013 456 1061 quisque,
487 1023 560 1048 nec
591 1010 778 1048 hortante
809 1010 894 1047 ullo
926 1024 999 1048 nec
1032 1011 1267 1061 imperante,
1299 1011 1351 1049 ad
1367 1012 1548 1050 munien—

97 1080 192 1118 dum
224 1080 329 1118 versi
362 1084 492 1118 castra
521 1083 688 1130 propter
719 1093 864 1130 aquam
894 1080 1003 1118 vallo
1044 1080 1313 1127 circumdant,
1360 1094 1431 1118 sua
1469 1080 1548 1131 ipsi
1570 1081 1620 1119 14

97 1162 221 1199 opera
252 1150 512 1199 laboremque
545 1149 725 1196 irritum,
763 1151 1032 1199 praeterquam
1072 1149 1181 1198 quod
1213 1148 1346 1186 hostes
1378 1149 1549 1199 superbe

96 1217 375 1268 increpabant,
420 1232 510 1255 cum
541 1218 765 1256 miserabili
797 1217 1046 1256 confessione
1077 1217 1294 1255 eludentes.
1354 1217 1425 1256 Ad
1457 1231 1548 1256 con·
1570 1218 1619 1256 15

95 1287 201 1324 sules
231 1291 402 1335 maestos,
432 1301 482 1325 ne
506 1287 747 1325 advocantes
775 1286 938 1337 quidem
963 1286 1005 1323 in
1030 1286 1258 1333 consilium,
1290 1287 1450 1336 quando
1477 1301 1549 1325 nec

77 1356 265 1394 *consilio
297 1370 370 1394 nec
401 1356 554 1394 auxilio
586 1357 698 1394 locus
730 1359 844 1402 esset,
882 1369 953 1392 sua
984 1359 1124 1405 sponte
1156 1355 1283 1404 legati
1315 1369 1359 1393 ac
1389 1356 1549 1394 tribuni

93 1425 350 1473 conveniunt,
395 1426 624 1475 militesque
655 1425 707 1463 ad
737 1424 974 1475 praetorium
1004 1424 1110 1461 versi
1151 1437 1285 1474 opem,
1332 1439 1450 1475 quam
1481 1426 1550 1464 vix

94 1494 137 1532 di
154 1494 399 1532 immortales
414 1495 518 1532 ferre
535 1498 731 1545 poterant,
755 1493 805 1532 ab
831 1494 1000 1531 ducibus
1025 1497 1256 1543 exposcunt.
1317 1494 1542 1542 Querentes

93 1563 220 1612 magis
266 1577 384 1613 quam
431 1563 705 1601 consultantes
750 1577 829 1600 nox
867 1562 1079 1612 oppressit,
1125 1576 1247 1612 quum
1278 1576 1351 1612 pro
1384 1563 1546 1612 ingenio

94 1632 263 1682 quisque
294 1633 519 1679 fremerent,
565 1632 686 1670 alius:
737 1632 844 1678 „Per
876 1631 1011 1669 obices
1041 1631 1216 1678 viarum,
1263 1645 1336 1682 per
1376 1631 1545 1670 adversa

93 1701 300 1748 montium,
331 1715 402 1752 per
433 1701 565 1749 silvas,
605 1715 683 1752 qua
713 1701 812 1738 ferri
844 1714 955 1738 arma
986 1703 1188 1750 poterunt,
1228 1714 1379 1747 eamus;
1425 1701 1543 1740 modo
1562 1701 1585 1738 2

93 1769 144 1808 ad
176 1770 331 1808 hostem
361 1769 575 1820 pervenire
606 1770 739 1818 liceat,
786 1784 902 1820 quem
934 1783 1006 1820 per
1047 1782 1172 1807 annos
1204 1769 1285 1807 iam
1314 1783 1441 1820 prope
1472 1770 1543 1807 tri-

93 1838 208 1887 ginta
237 1838 454 1877 vincimus:
487 1839 622 1876 omnia
655 1852 769 1889 aequa
800 1842 839 1877 et
869 1838 991 1889 plana
1022 1842 1140 1875 erunt
1156 1838 1338 1876 Romano
1362 1839 1405 1876 in
1429 1838 1544 1889 perfi-

93 1907 187 1945 dum
220 1906 439 1946 Samnitem
469 1907 709 1958 pugnanti“;
742 1908 864 1957 alius:
900 1908 1016 1954 „Quo
1049 1910 1118 1944 aut
1144 1921 1223 1956 qua
1249 1906 1417 1946 eamus?
1449 1908 1585 1945 num3

92 1980 247 2014 montes
279 1977 414 2015 moliri
447 1976 538 2014 sede
571 1990 641 2014 sua
664 1953 882 2027 pararr'i'iis'?
914 1976 1025 2014 Dum
1049 1976 1134 2013 haec
1152 1975 1421 2013 imminebunt
1438 1976 1545 2025 iuga,

91 2059 170 2096 qua
199 2050 245 2083 tu
277 2045 328 2084 ad
360 2046 514 2083 hostem
545 2045 713 2083 venias?
759 2044 937 2092 Armati,
984 2045 1168 2091 inermes,
1214 2045 1350 2092 fortes,
1396 2045 1544 2094 ignavi,

91 2115 244 2165 pariter
276 2128 411 2153 omnes
444 2114 551 2165 capti
585 2118 705 2165 atque
730 2114 829 2152 victi
855 2126 1009 2160 sumus3
1042 2127 1090 2150 ne
1121 2113 1268 2151 ferrum
1303 2113 1465 2164 quidem
1493 2115 1543 2152 ad

90 2184 192 2222 bene
214 2184 466 2222 moriendum
484 2184 693 2222 oblaturus
717 2186 776 2220 est
801 2183 950 2229 hostis,
982 2181 1123 2220 sedens
1148 2182 1301 2220 bellum
1318 2183 1513 2221 conficiet.
1523 2186 1540 2204 “

90 2252 169 2290 His
201 2253 243 2290 in
274 2253 403 2291 vicem
434 2253 686 2291 sermonibus
718 2265 798 2302 qua
830 2251 924 2300 cibi,
955 2264 1035 2300 qua
1057 2251 1207 2302 quietis
1229 2251 1438 2289 immemor
1462 2266 1540 2290 nox
1559 2249 1584 2286 4

90 2321 278 2359 traducta
310 2324 378 2359 est.

206 2390 266 2429 Ne
298 2388 550 2428 Samnitibus
583 2390 747 2440 quidem
774 2389 987 2426 consilium
1015 2389 1055 2426 in
1079 2392 1162 2427 tam
1179 2389 1284 2427 laetis
1301 2389 1543 2439 suppetebat

89 2458 229 2505 rebus3
256 2459 390 2509 itaque
408 2459 585 2497 universi
601 2458 853 2497 Herennium
871 2457 1076 2505 Pontium,
1098 2461 1255 2508 patrem
1273 2457 1541 2507 imperatoris,

90 2540 163 2578 per
193 2527 349 2566 litteras
381 2528 668 2567 consulendum
699 2531 871 2566 censent.
931 2527 1019 2565 Iam
1060 2527 1095 2565 is
1136 2526 1270 2576 gravis
1311 2527 1426 2564 annis
1459 2539 1540 2564 non
1559 2523 1582 2561 5

91 2596 336 2635 militaribus
353 2598 492 2645 solum,
524 2598 594 2636 sed
617 2596 806 2635 civilibus
833 2609 992 2647 quoque
1018 2596 1264 2634 abscesserat
1289 2595 1541 2641 muneribus3

91 2664 134 2702 in
165 2678 333 2716 corpore
363 2670 497 2704 tamen
523 2666 663 2705 affecto
689 2665 853 2715 vigebat
867 2665 928 2703 vis
945 2664 1069 2703 animi
1087 2664 1340 2714 consiliique.
1400 2663 1442 2702 Is
1468 2663 1539 2701 ubi
1558 2663 1581 2699 6

1632 1491 1659 1539 3
