1821 2928
361 140 413 176 24
805 150 895 176 Liber
913 151 965 176 w.
1002 151 1049 177 (A.
1068 159 1095 176 u.
1116 159 1140 176 ο.
1160 152 1231 181 37³.)

301 264 486 307 Romani,
532 265 793 314 pertinaciter
838 280 860 302 a
905 265 1057 303 colonis
1104 266 1323 313 defensam,
1367 267 1407 303 vi
1454 271 1732 316 expugnarunt

302 333 482 382 foedeque
513 334 555 370 in
587 333 716 382 captis
747 346 953 370 exercuere
983 334 1205 372 victoriam.

264 400 286 436 5
418 401 518 438 Eam
563 415 645 438 rem
690 414 794 449 aegre
839 402 946 450 passi
990 402 1163 440 Romani
1208 403 1263 440 M.
1308 403 1477 440 Furium
1518 402 1735 440 Camillum

97 467 208 527 stum?-
225 470 283 527 ἐξ
304 473 456 506 sextum
495 470 702 507 tribunum
743 469 919 506 militum
959 483 1153 507 creavere.
1211 470 1362 508 Additi
1404 471 1567 520 collegae
1608 470 1660 508 A.
1697 474 1736 508 et

304 537 349 574 L.
379 537 581 574 Postumii
613 537 866 586 Regillenses
907 552 953 575 ac
983 538 1029 575 L.
1061 538 1209 575 Furius
1251 552 1338 576 cum
1379 539 1424 576 L.
1465 539 1655 577 Lucretio
1695 534 1736 576 ‘et

263 606 285 641 6
304 605 358 642 M.
378 606 506 643 Fabio
524 606 736 643 Ambusto.
782 605 973 643 Volscum
1004 606 1154 643 bellum
1176 607 1231 644 M.
1255 607 1380 645 Furio
1413 611 1524 645 extra
1555 607 1736 645 ordinem

304 675 522 720 decretum3
554 674 716 712 adiutor
748 688 793 711 ex
823 674 998 711 tribunis
1031 677 1135 711 sorte
1158 674 1203 712 L.
1221 675 1368 713 Furius
1391 676 1521 723 datur,
1550 690 1630 714 non
1652 679 1735 713 tam

303 756 323 779 e
345 756 388 780 re
410 743 586 792 publica,
617 756 735 792 quam
759 746 803 779 ut
827 742 989 790 collegae
1013 743 1180 780 materia
1207 743 1256 780 ad
1275 757 1427 781 omnem
1450 744 1609 783 laudem
1625 747 1739 791 esset,

303 814 342 847 et
370 811 550 860 publice,
589 811 696 860 quod
727 824 810 848 rem
840 810 1065 847 temeritate
1096 811 1180 848 eius
1211 812 1439 861 prolapsam
1469 813 1660 859 restituit,
1698 816 1736 850 et

304 879 506 929 privatim,
538 879 644 928 quod
676 893 722 916 ex
746 892 879 917 errore
903 879 1076 927 gratiam
1106 879 1240 929 potius
1265 881 1350 917 eius
1381 881 1460 918 sibi
1484 894 1602 930 quam
1625 893 1736 917 suam

265 947 286 982 7
304 948 474 996 gloriam
505 947 636 996 petiit.
681 947 842 984 Exactae
873 947 952 984 iam
983 948 1114 985 aetatis
1132 947 1326 985 Camillus
1358 952 1452 996 erat,
1484 948 1739 998 comitiisque

302 1016 435 1053 iurare
466 1019 606 1065 parato
639 1015 681 1052 in
710 1016 831 1052 verba
863 1016 1095 1053 excusandae
1117 1017 1343 1053 valetudini
1375 1017 1495 1054 solita
1527 1030 1738 1055 consensus

303 1084 443 1133 populi
482 1084 701 1129 restiterat;
748 1084 816 1121 sed
846 1088 1030 1132 vegetum
1072 1085 1277 1132 ingenium
1319 1085 1360 1121 in
1400 1085 1538 1123 vivido
1577 1088 1738 1135 pectore

301 1152 475 1201 vigebat,
505 1152 741 1201 virebatque
773 1152 942 1200 integris
974 1153 1166 1199 sensibus,
1198 1157 1236 1190 et
1253 1154 1394 1191 civiles
1426 1154 1506 1191 iam
1535 1167 1598 1191 res
1629 1153 1739 1191 haud

261 1219 541 1270 81nagnopere
580 1221 789 1258 obeuntem
826 1221 934 1257 bella
973 1221 1212 1258 excitabant.
1272 1222 1472 1269 Quattuor
1510 1222 1738 1270 legionibus

303 1293 540 1338 quaternum
571 1289 746 1325 millium
777 1288 950 1338 scriptis,
989 1289 1166 1326 exercitu
1204 1290 1357 1327 indicto
1389 1291 1439 1327 ad
1479 1293 1636 1340 portam
1665 1289 1737 1327 Es—

263 1356 285 1391 9
304 1357 502 1405 quilinam
534 1356 576 1393 in
607 1360 806 1406 posteram
838 1357 955 1403 diem,
987 1357 1037 1394 ad
1061 1356 1262 1394 Satricum
1293 1358 1504 1407 profectus.
1548 1357 1615 1395 Ibi
1648 1370 1738 1394 eum

303 1428 595 1474 expugnatores
619 1425 785 1462 coloniae
816 1425 1127 1474 haudquaquam
1151 1426 1338 1475 perculsi,
1370 1426 1536 1463 fidentes
1560 1425 1737 1462 militum

301 1506 475 1538 numero,
507 1506 582 1541 quo
601 1493 853 1541 aliquantum
868 1494 1125 1542 praestabant,
1149 1495 1472 1544 opperiebantur.
1517 1493 1738 1543 Postquam

302 1561 626 1610 appropinquare
656 1560 858 1597 Romanos
896 1566 1112 1608 senserunt,
1159 1563 1355 1612 extemplo
1398 1563 1440 1599 in
1481 1561 1608 1599 aciem
1648 1575 1737 1611 pro·

303 1628 460 1674 cedunt,
491 1628 596 1664 nihil
620 1628 801 1674 dilaturi,
832 1628 929 1676 quin
953 1630 1175 1678 periculum
1199 1643 1359 1666 summae
1382 1643 1514 1667 rerum
1545 1630 1738 1667 facerent:

302 1696 359 1733 ita
389 1695 587 1745 paucitati
628 1695 803 1733 hostium
843 1695 949 1733 nihil
990 1701 1095 1734 artes
1136 1697 1392 1746 imperatoris
1422 1698 1545 1744 unici,
1591 1697 1737 1746 quibus

169 1758 228 1805 23
304 1764 400 1801 solis
432 1764 686 1810 confiderent,
717 1763 946 1813 profuturas
978 1778 1070 1802 esse.
1131 1764 1245 1802 Idem
1275 1765 1394 1803 ardor
1427 1769 1465 1802 et
1496 1766 1537 1802 in
1555 1765 1737 1803 Romano

304 1832 482 1869 exercitu
512 1834 598 1869 erat
637 1835 677 1869 et
717 1832 761 1868 in
801 1832 926 1869 altero
959 1833 1069 1879 duce,
1109 1847 1180 1870 nec
1220 1834 1429 1882 praesentis
1462 1833 1738 1871 dimicationis

303 1900 502 1938 fortunam
533 1900 617 1937 ulla
648 1913 710 1937 res
740 1904 1008 1950 praeterquam
1031 1901 1149 1937 unius
1172 1901 1253 1938 viri
1279 1901 1493 1939 consilium
1516 1904 1634 1951 atque
1665 1901 1738 1938 im-

301 1969 457 2018 perium
479 1968 719 2014 morabatur,
750 1968 819 2017 qui
843 1968 1089 2006 occasionem
1114 1969 1379 2006 iuvandarum
1408 1969 1564 2006 ratione
1587 1969 1738 2006 virium

261 2034 496 2073 2trahendo
528 2036 635 2073 bello
666 2036 879 2084 quaerebat.
938 2036 998 2074 Eo
1029 2037 1157 2085 magis
1189 2037 1317 2075 hostis
1355 2037 1516 2084 instare,
1554 2050 1625 2074 nec
1655 2037 1736 2074 iam

302 2117 374 2153 pro
407 2103 546 2140 castris
585 2107 741 2141 tantum
781 2105 863 2142 suis
904 2104 1105 2154 explicare
1145 2105 1284 2152 aciem,
1329 2105 1398 2142 sed
1437 2104 1652 2155 procedere
1694 2105 1737 2142 in

304 2171 479 2209 medium
511 2171 640 2220 campi
672 2175 711 2208 et
727 2172 833 2208 vallo
864 2185 987 2221 prope
1011 2173 1185 2210 hostium
1217 2173 1331 2222 signa
1362 2173 1570 2210 inferendo
1602 2185 1736 2222 super-

265 2238 397 2278 3bam
426 2239 615 2276 fiduciam
645 2238 793 2275 virium
825 2244 1032 2277 ostentare.
1077 2240 1129 2277 Id
1151 2254 1254 2290 aegre
1284 2241 1514 2291 patiebatur
1529 2240 1737 2278 Romanus

303 2307 430 2354 miles,
460 2307 585 2344 multo
603 2306 748 2355 aegrius
765 2307 867 2344 alter
885 2321 931 2345 ex
954 2308 1130 2345 tribunis
1152 2309 1340 2355 militum,
1371 2308 1416 2345 L.
1434 2308 1594 2354 Furius,
1624 2308 1737 2346 ferox

305 2388 425 2424 quum
443 2378 557 2412 aetate
570 2378 608 2412 et
624 2375 798 2423 ingenio,
813 2378 898 2412 tum
914 2376 1190 2414 multitudinis
1203 2389 1250 2412 ex
1266 2375 1533 2414 incertissimo
1545 2376 1737 2414 sumentis

264 2442 289 2478 4
307 2444 459 2481 animos
490 2457 558 2493 spe
588 2441 762 2479 inflatus.
807 2441 888 2479 Hic
918 2457 989 2492 per
1012 2457 1051 2480 se
1076 2443 1156 2481 iam
1180 2443 1328 2480 milites
1360 2443 1550 2482 incitatos
1574 2444 1736 2492 insuper

306 2511 527 2559 instigabat
571 2509 783 2555 elevando,
828 2522 907 2558 qua
952 2524 1031 2548 una
1075 2514 1249 2560 pot-erat,
1294 2514 1409 2548 aetate
1455 2512 1734 2549 auctoritatem

306 2577 481 2626 collegae,
526 2577 737 2615 iuvenibus
774 2576 882 2614 bella
923 2577 1015 2615 data
1057 2579 1259 2624 dictitans,
1305 2583 1343 2614 et
1381 2592 1468 2615 cum
1501 2579 1736 2628 corporibus
