1821 2928
574 140 665 166 Liber
683 141 735 166 vl.
772 140 808 166 A.
829 140 880 166 cn.
901 142 1056 170 384—332.)
1433 131 1486 168 23

105 258 212 296 bello
243 257 300 294 eis
332 256 560 294 indicendo.
614 256 682 294 Ad
716 270 832 305 quam
864 257 1055 293 militiam
1088 269 1166 306 quo
1197 255 1378 306 paratior
1408 256 1587 306 plebes4

105 330 216 372 esset,
265 325 553 375 quinqueviros
585 324 803 374 Pomptino
844 338 940 373 agro
983 325 1203 362 dividendo
1235 327 1273 361 et
1310 325 1544 362 triumviros

103 394 256 444 Nepete
281 393 448 431 coloniae
466 393 708 430 deducendae
734 399 978 431 creaverunt.
1034 393 1147 440 Tum,
1178 397 1221 430 ut
1252 394 1402 431 bellum
1436 394 1544 432 iube·
1564 394 1587 430 5

96 460 203 510 rent,
249 463 375 500 latum
407 462 456 499 ad
494 462 688 511 populum
727 465 795 508 est,
841 466 881 499 et
917 462 1185 512 nequicquam
1217 462 1544 500 dissuadentibus

101 531 280 570 tribunis
310 531 441 580 plebis
465 544 598 568 omnes
629 530 761 568 tribus
784 531 935 568 bellum
960 531 1171 568 iusserunt.
1217 531 1474 580 Apparatum
1498 545 1542 569 eo
1562 532 1584 568 6

102 614 207 638 anno
238 600 389 638 bellum
421 602 491 646 est,
523 599 720 635 exercitus
752 603 916 649 propter
946 599 1221 649 pestilentiam
1253 614 1333 638 non
1365 601 1546 647 eductus:

99 682 226 719 eaque
257 668 459 706 cunctatio
493 668 645 706 colonis
679 668 854 717 spatium
880 668 1046 706 dederat
1070 667 1315 718 deprecandi
1347 673 1546 715 senatum3

103 740 142 774 et
171 750 317 786 magna
348 736 555 774 hominum
586 750 679 787 pars
711 750 767 783 eo,
798 740 843 773 ut
873 737 1022 785 legatio
1055 737 1223 787 supplex
1253 737 1423 775 Romam
1455 738 1545 775 mit-

99 809 264 853 teretur,
296 805 529 852 inclinabat,
561 806 603 843 ni
627 806 799 856 privato,
828 809 871 842 ut
894 806 951 853 fit,
973 806 1154 856 periculo
1177 806 1386 856 publicum
1411 806 1545 856 impli-
1566 807 1588 842 7

100 875 226 912 citum
258 878 360 912 esset
391 878 650 924 auctoresque
676 874 916 912 defectionis
947 875 996 912 ab
1014 875 1209 913 Romanis
1241 879 1358 922 metu,
1390 889 1438 912 ne
1470 875 1547 913 soli

99 943 263 981 crimini
282 943 453 981 subiecti
470 943 632 993 piacula
649 944 720 981 irae
737 943 1010 981 Romanorum
1028 944 1278 990 (lederentur,
1310 944 1547 981 avertissent

101 1012 282 1049 colonias
314 1026 336 1049 a
369 1012 552 1049 consiliis
583 1012 707 1062 pacis.
766 1011 906 1062 Neque
948 1013 991 1049 in
1032 1017 1172 1050 senatu
1210 1012 1338 1049 solum
1379 1026 1449 1062 per
1481 1013 1588 1050 6038

101 1080 252 1129 legatio
285 1081 481 1131 impedita
513 1084 583 1127 est,
613 1080 682 1118 sed
713 1094 858 1129 magna
889 1094 982 1131 pars
1006 1081 1136 1130 plebis
1162 1081 1344 1127 incitata,
1373 1084 1418 1118 ut
1448 1094 1547 1130 prae-

100 1148 239 1186 datum
271 1150 313 1186 in
344 1163 484 1199 agrum
501 1149 729 1187 Romanum
761 1150 928 1187 exirent.
974 1150 1074 1187 Haec
1105 1164 1209 1188 nova
1241 1150 1393 1188 iniuria
1417 1154 1548 1187 extur-

98 1217 213 1255 bavit
244 1231 400 1256 omnem
432 1233 540 1269 spem
571 1219 694 1268 pacis.
754 1218 819 1256 De
851 1218 1194 1256 Praenestinorum
1226 1232 1385 1268 quoque
1417 1218 1544 1256 defec-
1565 1219 1587 1254 9

101 1286 214 1324 tione
260 1301 304 1325 eo
351 1302 455 1325 anno
503 1288 678 1338 primum
723 1288 829 1325 fama
883 1292 1038 1326 exorta:
1093 1288 1435 1337 arguentibusque
1481 1302 1547 1325 eos

98 1354 340 1393 Tusculanis
372 1360 411 1393 et
443 1355 617 1394 Gabinis
650 1359 688 1393 et
718 1356 949 1401 Lavicauis,
989 1369 1158 1405 quorum
1197 1356 1241 1393 in
1278 1356 1376 1393 fines
1415 1356 1546 1393 incur-

100 1427 229 1460 satum
261 1427 357 1470 erat,
399 1424 457 1462 ita
487 1425 649 1474 placide
681 1425 730 1462 ab
773 1428 913 1462 senatu
954 1438 1187 1474 responsum
1220 1427 1289 1471 est,
1329 1427 1375 1461 ut
1414 1424 1547 1462 minus

101 1492 211 1530 credi
245 1493 293 1530 de
325 1493 576 1539 criminibus,
608 1493 704 1542 quia
735 1493 891 1530 nollent
923 1507 968 1531 ea
997 1507 1092 1531 vera
1125 1507 1219 1540 esse,
1251 1498 1475 1543 appareret.

215 1560 449 1611 Insequenti
480 1575 584 1599 anno
616 1560 684 1611 Sp.
717 1565 755 1598 et
785 1561 830 1598 L.
854 1561 1018 1612 Papirii
1049 1562 1144 1600 novi
1174 1562 1331 1599 tribuni
1363 1561 1539 1598 militum
1615 1546 1674 1593 22

101 1629 302 1667 consulari
334 1633 531 1680 potestate
550 1629 730 1667 Velitras
762 1630 940 1679 legiones
965 1632 1123 1678 duxere,
1155 1634 1345 1681 quattuor
1369 1618 1753 1679 collegis,f{]¹¹01‚⁰{}{

102 1696 188 1735 Ser.
220 1697 409 1736 Cornelio
440 1698 716 1747 Maluginensi
754 1699 931 1747 tertium,
969 1700 1017 1747 Q.
1049 1698 1237 1747 Servilio,
1277 1699 1318 1737 C.
1351 1698 1547 1748 Sulpicio,

100 1766 147 1804 L.
171 1767 342 1805 AEmilio
375 1771 562 1817 quartum
595 1767 815 1818 [tribunis],
847 1768 897 1806 ad
930 1768 1164 1819 praesidium
1195 1768 1308 1805 urbis
1340 1772 1379 1805 et
1409 1768 1443 1805 si
1476 1768 1547 1817 qui

99 1849 149 1872 ex
165 1835 331 1873 Etruria
354 1837 449 1874 novi
474 1840 604 1874 motus
627 1837 912 1875 nuntiarentur
936 1837 1088 1885 (omnia
1112 1837 1217 1874 enim
1242 1837 1336 1874 inde
1360 1839 1546 1886 suspecta

100 1906 244 1953 erant),
281 1904 447 1942 relictis.
506 1904 577 1942 Ad
609 1904 790 1943 Velitras
828 1905 1018 1943 adversus
1056 1906 1209 1943 maiora
1247 1918 1358 1955 paene
1389 1904 1584 1944 auxilia?

101 1972 443 2010 Praenestinorum
461 1987 581 2022 quam
612 1973 742 2023 ipsam
774 1974 1006 2012 colonorum
1038 1974 1341 2012 multitudinem
1373 1973 1546 2011 secundo

103 2040 248 2090 proelio
279 2045 499 2090 pugnatum
523 2045 583 2080 est
614 2042 683 2089 ita,
714 2045 758 2079 ut
788 2042 1074 2092 propinquitas
1096 2043 1209 2081 urbis
1239 2042 1347 2080 hosti
1372 2046 1410 2079 et
1427 2055 1545 2080 causa

103 2109 337 2146 maturioris
369 2109 473 2158 fugae
498 2114 536 2148 et
559 2124 681 2148 unum
705 2124 751 2148 ex
782 2106 877 2162 fuga
907 2112 1205 2161 receptaculum
1230 2115 1342 2149 esset.
1389 2109 1543 2162 Oppidi
1564 2113 1587 2150 3

103 2178 406 2228 oppugnatione
444 2179 599 2216 tribuni
632 2179 874 2227 abstinuere,
913 2179 1008 2230 quia
1039 2183 1079 2217 et
1109 2193 1254 2230 anceps
1285 2183 1371 2218 erat
1401 2194 1472 2218 nec
1504 2181 1546 2218 in

102 2246 323 2296 perniciem
370 2247 538 2285 coloniae
585 2248 846 2297 pugnandum
892 2248 1116 2286 censebant.
1175 2248 1343 2286 Litterae
1374 2249 1545 2287 Romam

104 2315 157 2353 ad
196 2319 376 2352 senatum
417 2329 504 2353 cum
535 2316 717 2354 victoriae
757 2316 912 2354 nuntiis
953 2317 1128 2355 acriores
1169 2318 1210 2355 in
1251 2317 1546 2356 Praenestinum

102 2397 223 2432 quam
256 2384 298 2420 in
330 2383 585 2422 Veliternum
623 2385 776 2423 hostem
808 2385 948 2423 missae.
1007 2385 1152 2435 Itaque
1184 2400 1229 2423 ex
1261 2390 1421 2424 senatus
1453 2399 1542 2424 con·
1562 2386 1587 2423 4

106 2451 212 2489 311110
243 2452 465 2502 populique
497 2453 607 2491 iussu
640 2453 792 2491 bellum
815 2453 1080 2492 Praenestinis
1112 2454 1328 2500 indict-um;
1360 2454 1430 2504 qui
1455 2468 1544 2492 con-

107 2519 235 2558 iuncti
268 2520 429 2558 Volscis
475 2535 578 2559 anno
624 2521 857 2572 insequente
902 2520 1115 2571 Satricum,
1160 2523 1358 2561 coloniam
1405 2523 1546 2573 populi
