1821 2928
536 204 625 229 hiber
645 205 729 229 vm.
767 204 815 234 (A.
836 204 887 230 cn.
908 207 1065 233 340—330.)
1384 197 1460 234 109

75 335 165 358 cum
197 319 468 358 Laurentibus
499 319 685 357 renovari
719 319 846 356 foedus
879 319 1041 366 iussum,
1072 324 1369 371 renovaturque
1395 335 1442 359 ex
1474 335 1519 359 eo

75 389 292 439 quotannis
339 391 429 438 post
473 387 581 425 diem
618 386 815 424 decimum
847 386 1096 424 Latinarum.
1156 389 1373 438 Equitibus
1405 390 1519 428 Cam-
1542 391 1589 427 16

75 457 192 506 panis
223 457 367 494 civitas
397 457 581 494 Romana
612 455 717 501 data.
764 459 1099 505 monun-entoque
1131 461 1175 493 ut
1206 461 1320 503 esset,
1359 472 1520 496 aeneam

76 525 258 563 tabulam
289 525 331 562 in
364 524 448 562 aede
480 524 657 562 Castoris
688 524 826 561 Romae
858 523 1044 561 fixerunt.
1134 524 1323 573 Vectigal
1364 540 1521 576 quoque

76 594 133 632 eis
165 593 389 643 Campanus
433 593 605 643 populus
648 591 777 629 iussus
817 591 990 641 pendere
1023 592 1062 629 in
1094 593 1274 642 singulos
1305 595 1522 644 quotannis

77 663 204 707 (fuere
230 665 361 699 autem
389 661 497 698 mille
525 664 564 697 et
590 660 784 709 sexcenti)
803 660 990 697 denarios
1018 674 1197 698 nummos
1224 662 1521 712 quadringenos

76 731 393 780 quinquagenos
440 728 505 765 lta
522 728 626 766 bello
644 732 768 777 gesto,
800 729 976 778 praemiis
1003 742 1199 778 poenaque
1225 744 1298 779 pro
1325 731 1516 781 cuiusque
1595 726 1649 772 12

76 799 220 836 merito
250 797 480 848 persolutis,
511 795 556 834 T.
573 796 752 834 Manlius
782 797 952 834 Romam
983 797 1128 844 rediit;
1162 798 1225 835 cui
1255 799 1432 837 venienti
1463 813 1520 837 sc-

80 867 213 904 niores
250 869 408 904 tant-um
446 865 605 902 obviam
645 865 772 902 exisse
805 869 972 908 constat,
1005 866 1250 904 iuventutem
1289 871 1327 904 et
1357 871 1453 905 tunc
1485 872 1523 906 et

79 935 189 973 omni
217 935 303 972 vita
334 933 480 971 deinde
511 937 733 970 aversatam
764 947 852 970 eum
885 938 1218 984 exsecratamque.

192 1003 382 1041 Antiates
414 1002 455 1039 in
471 1014 611 1050 agrum
629 1000 867 1049 Ostiensem,
899 1002 1133 1049 Ardeatem,
1165 1002 1371 1042 Solonium
1390 1005 1519 1041 incur·
1538 1004 1560 1039 2

77 1072 212 1109 siones
242 1071 434 1108 fecerunt.
508 1070 684 1107 Manlius
730 1072 870 1108 consul
908 1072 1002 1121 quia
1034 1072 1119 1121 ipse
1150 1085 1221 1122 per
1251 1073 1523 1110 valetudinem

77 1140 120 1178 id
151 1139 303 1177 bellum
335 1138 495 1188 exsequi
526 1138 747 1187 nequierat,
778 1139 1017 1177 dictatorem
1035 1140 1081 1177 L.
1097 1140 1308 1190 Papirium
1326 1140 1522 1185 Crassum,

77 1208 148 1258 qui
178 1212 263 1245 tum
294 1208 399 1244 forte
431 1210 515 1244 erat
547 1210 705 1255 praetor,
738 1208 857 1254 dixit3
889 1208 938 1246 ab
972 1221 1016 1245 eo
1050 1208 1238 1256 magister
1270 1210 1449 1259 equitum
1476 1210 1522 1247 L.

80 1276 270 1327 Papirius
302 1275 451 1313 Cursor
482 1275 623 1312 dictus.
683 1275 796 1313 Nihil
828 1276 1087 1314 memorabile
1119 1277 1309 1315 adversus
1332 1277 1562 1316 Antiates3

51 1355 54 1358 ’
77 1346 128 1384 ab
162 1345 358 1382 dictatore
389 1347 544 1393 gestum
576 1347 645 1391 est,
677 1358 799 1393 quum
831 1345 987 1395 aliquot
1012 1358 1165 1383 menses
1183 1346 1331 1383 stativa
1357 1347 1399 1383 in
1425 1360 1522 1396 agro

78 1413 244 1452 Antiati
275 1412 492 1450 habuisset.

193 1480 315 1518 Anno
347 1479 496 1529 insigni
527 1480 697 1517 victoria
729 1479 777 1516 de
807 1484 868 1517 tot
899 1494 943 1518 ac
975 1486 1057 1518 tam
1089 1482 1320 1531 potentibus
1349 1482 1564 1533 populis‚4

77 1549 129 1588 ad
161 1549 236 1586 hoc
255 1548 460 1585 consulum
493 1548 657 1586 alterius
681 1548 809 1585 nobili
834 1553 970 1595 morte,
1002 1550 1168 1587 alterius
1193 1550 1296 1587 sicut
1317 1551 1434 1597 truci,
1466 1552 1523 1589 ita

79 1618 187 1656 claro
220 1617 270 1654 ad
302 1616 532 1654 memoriam
568 1616 749 1666 imperio,
779 1630 1001 1655 successere
1034 1619 1214 1656 consules
1245 1619 1306 1657 Ti.
1331 1619 1523 1657 AEmilius
1542 1606 1733 1667 ἓζῑέξζξᾷἷζ

77 1686 360 1731 Mamercinus,
391 1681 437 1733 Q.
470 1683 676 1722 Publilius
708 1684 842 1731 Philo,
874 1699 1002 1735 neque
1041 1687 1081 1723 in
1114 1687 1284 1724 similem
1314 1688 1520 1726 materiam
1541 1687 1564 1723 5

76 1768 222 1800 rerum,
269 1758 309 1791 et
340 1752 417 1802 ipsi
450 1756 519 1790 aut
549 1765 710 1790 suarum
740 1767 871 1790 rerum
904 1758 973 1791 aut
1003 1756 1183 1804 partium
1214 1756 1256 1793 in
1286 1770 1328 1793 re
1359 1756 1523 1807 publica

78 1822 204 1871 magis
236 1835 354 1871 quam
386 1821 527 1871 patriae
559 1834 763 1859 memores.
837 1822 1006 1860 Latinos
1045 1824 1095 1860 ob
1134 1824 1236 1862 iram
1267 1825 1355 1874 agri
1386 1825 1522 1862 amissi

77 1891 320 1928 rebellantes
352 1889 393 1926 in
425 1889 575 1938 campis
602 1889 841 1928 Fenectanis
864 1890 1055 1929 fuderunt
1081 1893 1300 1942 castrisque
1317 1898 1523 1931 exuerunt.

78 1958 145 1996 lbi
162 1957 361 2004 Publilio,
392 1957 506 1994 cuius
538 1958 661 1995 ductu
683 1958 944 2008 auspicioque
967 1973 1030 1997 res
1056 1965 1177 2008 gestae
1194 1965 1318 2008 erant,
1349 1961 1391 1999 in
1409 1962 1520 1999 dedi·
1540 1962 1562 1995 (5

77 2027 229 2064 tionem
261 2025 485 2075 accipiente
502 2025 670 2063 Latinos
701 2027 884 2076 populos,
916 2041 1085 2076 quorum
1118 2029 1174 2066 ibi
1206 2029 1391 2068 iuventus
1423 2043 1523 2068 caesa

78 2098 176 2141 erat,
206 2094 397 2131 AEmilius
429 2094 479 2131 ad
512 2093 666 2131 Pedum
699 2095 913 2132 exercitum
947 2095 1074 2134 duxit..
1121 2097 1308 2136 Pedanos
1333 2098 1522 2136 tuebatur
1543 2099 1564 2134 7

77 2162 238 2209 Tiburs,
285 2162 557 2200 Praenestinus
591 2161 905 2212 Veliternusque
943 2165 1134 2213 populus;
1179 2176 1371 2204 venerant
1403 2169 1442 2203 et
1472 2167 1523 2204 ab

79 2230 262 2268 Lanuvio
279 2230 487 2280 Antioque
519 2230 684 2269 auxilia.
746 2230 829 2268 Ubi
846 2245 967 2281 quum
983 2233 1141 2282 proeliis
1158 2235 1319 2284 quidem
1337 2235 1521 2284 superior
1539 2237 1564 2269 3

79 2297 285 2336 Romanus
317 2303 430 2345 esset,
475 2299 524 2336 ad
565 2299 704 2336 urbem
738 2299 864 2349 ipsam
896 2299 1052 2338 Pedum
1084 2305 1293 2352 castraque
1325 2303 1521 2340 sociorum

78 2367 330 2416 populorum,
375 2379 464 2416 quae
494 2367 586 2404 urbi
619 2366 809 2405 adiuncta
840 2372 965 2414 erant,
1010 2369 1166 2418 integer
1197 2371 1312 2408 labor
1343 2374 1522 2416 restaret,

80 2433 186 2472 bello
218 2434 366 2472 infecto
398 2438 562 2484 repente
594 2435 738 2473 omisso
771 2435 920 2482 consul,
966 2437 1062 2486 quia
1107 2438 1269 2487 collegae
1317 2439 1518 2476 decretum
1539 2441 1561 2473 Η

78 2501 326 2552 triumphum
357 2502 524 2547 audivit,
557 2501 641 2552 ipse
665 2516 824 2553 quoque
848 2504 1044 2554 triumphi
1073 2510 1165 2544 ante
1181 2507 1391 2544 victoriam
1408 2507 1521 2555 fiagi-

79 2571 187 2607 tator
202 2570 371 2608 Romam
402 2570 536 2608 rediit.
597 2571 687 2618 Qua
716 2571 939 2622 cupiditate
971 2573 1129 2612 offensis
1160 2576 1344 2624 patribus
1375 2588 1521 2623 negan-
1544 2575 1594 2612 10

78 2636 266 2687 tibusque
298 2638 375 2676 nisi
392 2638 504 2677 Pedo
530 2643 647 2689 capto
672 2643 739 2677 aut
765 2640 901 2679 dedito
917 2642 1178 2691 triumphum,
1208 2643 1299 2679 hinc
1325 2643 1523 2681 alienatus
