1821 2928
591 232 681 258 Liber
698 233 751 258 1x.
789 233 836 261 (A.
857 233 907 259 ch.
928 234 998 262 311.)
1041 219 1048 224 ⁴
1382 224 1460 260 177

81 352 168 387 erat
198 349 297 395 loco,
328 348 661 386 memorabantur.
708 348 784 385 His
811 361 997 386 accensus
1024 348 1148 395 milesy
1179 349 1355 386 omnium
1382 349 1516 386 imme·
1538 349 1590 386 14

81 431 168 455 mor
199 416 511 464 difficultatium‚
542 412 655 454 vadit
682 417 871 454 adversus
897 417 1169 454 imminentem
1191 417 1365 454 hostium
1382 417 1518 455 aciem.

79 486 146 524 Ibi
177 486 339 536 paulum
372 486 522 523 laboris
559 485 646 531 fuit,
693 486 785 522 dum
826 485 869 522 in
908 485 1118 522 adversum
1158 486 1307 523 clivum
1347 486 1519 534 erigitur

79 567 238 604 agmen;
284 558 457 592 ceterum
502 558 712 604 postquam
758 554 888 604 prima
927 554 1041 603 signa
1081 553 1293 603 planitiem
1324 567 1517 592 summam
1538 554 1588 592 15

80 626 281 673 ceperunt,
311 623 513 672 sensitque
544 622 661 669 acies.
692 635 805 672 aequo
837 636 877 660 se
909 622 987 660 iam
1018 622 1212 659 institisse
1244 622 1351 669 loco,
1382 636 1518 660 versus

79 691 277 741 extemplo
305 695 365 728 est
385 695 516 729 terror
540 691 580 728 in
599 691 868 738 insidiatores,
901 691 1137 740 easdemque
1154 691 1339 737 latebras,
1371 691 1517 740 quibus

79 774 120 798 se
150 760 271 810 paulo
303 764 395 798 ante
425 762 620 805 texerant,
649 760 777 809 palati
810 764 930 810 atque
955 760 1126 797 inermes
1149 760 1245 808 fuga
1269 760 1516 809 repetebant.

79 828 159 866 Sed
189 829 276 866 loca
309 828 496 866 difficilia
526 828 634 865 hosti
666 828 834 878 quaesita
866 829 974 878 ipsos
1004 832 1090 866 tum
1120 842 1190 866 sua
1221 828 1361 865 fraude
1393 829 1515 878 impe·
1538 829 1586 865 16

78 897 256 935 diebant.
302 897 448 947 Itaque
466 911 560 946 ergo
577 897 788 947 perpaucis
805 897 992 946 effugium
1010 898 1162 947 patuitq
1188 910 1287 935 caesa
1304 897 1355 935 ad
1372 898 1520 946 viginti

78 966 210 1004 millia
251 966 474 1013 hominum3
519 967 729 1016 victorque
760 966 965 1004 Romanus
1011 965 1063 1003 ad
1101 966 1276 1004 oblatam
1315 966 1364 1003 ab
1405 966 1517 1004 hoste

76 1034 253 1084 praedam
283 1047 472 1084 pecorum
503 1035 705 1073 discurrit.

190 1102 299 1141 Dum
330 1103 413 1140 haee
445 1107 638 1152 geruntur
670 1103 711 1140 in
742 1102 928 1150 Samnio,
959 1104 1039 1141 iam
1071 1117 1205 1141 omnes
1235 1103 1413 1140 Etruriae
1444 1117 1513 1153 po·
1591 1099 1650 1146 32

76 1171 163 1221 puli
194 1175 338 1221 praeter
355 1171 571 1210 Arretinos
602 1173 653 1210 ad
685 1186 795 1210 arma
828 1173 968 1219 ierant,
999 1173 1048 1210 ab
1075 1172 1344 1222 oppugnando
1364 1171 1515 1218 Sutrio,

76 1253 164 1290 quae
194 1240 302 1287 urbs,
332 1240 439 1278 socia
464 1240 671 1287 Romanis,
700 1241 810 1278 velut
841 1241 1016 1278 claustra
1042 1241 1217 1278 Etruriae
1249 1244 1344 1287 erat,
1375 1240 1518 1290 ingens

76 1309 157 1346 orsi
203 1308 363 1346 bellum.
438 1309 498 1346 Eo
544 1309 645 1347 alter
691 1310 827 1347 consu]
873 1309 1065 1347 AEmilius
1111 1323 1197 1346 cum
1243 1309 1420 1347 exercitu
1465 1309 1556 1348 ad2

55 1370 310 1416 'liberandos
351 1378 561 1416 obsidione
598 1377 728 1415 socios
767 1378 889 1415 venit.
955 1378 1282 1416 Advenientibus
1323 1378 1517 1416 Romanis

75 1444 234 1484 Sutrini
265 1451 508 1484 commeatus
543 1446 714 1496 benigne
746 1447 788 1484 in
820 1450 950 1485 castra
989 1450 1081 1484 ante
1111 1447 1251 1484 urbem
1281 1446 1415 1496 posita
1446 1447 1514 1484 ad-

74 1528 230 1552 vexere.
289 1515 452 1552 Etrusci
479 1515 584 1552 diem
607 1515 782 1565 primum
809 1515 1082 1562 consultando,
1112 1518 1360 1552 maturarent
1381 1515 1512 1553 trahe-
1531 1515 1554 1551 3

75 1587 216 1620 rentne
246 1584 408 1631 bellum,
438 1584 721 1630 traduxerunt;
767 1588 926 1634 postero
959 1584 1038 1631 die7
1069 1583 1139 1621 ubi
1172 1584 1365 1625 celeriora
1396 1598 1516 1633 quam

74 1652 227 1690 tutiora
269 1653 440 1690 consilia
481 1653 607 1702 magis
646 1653 831 1702 placuere
873 1653 1053 1699 ducibus,
1099 1652 1183 1690 sole
1228 1655 1315 1690 orto
1357 1653 1515 1701 signum

74 1734 219 1771 pugnae
249 1721 500 1771 propositum
532 1724 590 1758 est
620 1722 842 1772 armatique
874 1721 915 1759 in
947 1722 1072 1759 aciem
1098 1720 1333 1771 procedunt.
1393 1721 1512 1769 Quod
1531 1721 1556 1758 4

74 1793 285 1840 postquam
309 1789 463 1827 consuli
487 1789 716 1827 nuntiatum
741 1794 810 1838 est,
841 1790 1038 1840 extemplo
1061 1793 1251 1827 tesseram
1277 1790 1366 1828 dari
1393 1789 1516 1837 iubet,

74 1862 119 1896 ut
149 1859 346 1909 prandeat
363 1859 478 1896 miles
500 1858 750 1909 firmatisque
777 1859 867 1896 cibo
884 1858 1042 1897 viribus
1068 1871 1178 1896 arma
1201 1858 1346 1908 capiat.
1391 1858 1514 1897 Dicto

75 1930 248 1978 paretur.
323 1927 472 1965 Consul
502 1927 574 1964 ubi
604 1931 778 1966 armatos
814 1931 1055 1978 paratosque
1086 1926 1208 1973 vidit,
1253 1927 1370 1975 signa
1401 1931 1513 1966 extra
1532 1927 1554 1963 5

74 1995 224 2033 vallum
254 1995 426 2045 proferri
464 1996 580 2033 iussit
620 2000 660 2033 et
698 1995 804 2033 haud
836 1995 978 2045 procul
1008 1995 1121 2033 hoste
1152 1995 1348 2032 instruxit
1377 1995 1514 2033 aciem.

74 2064 346 2114 Aliquamdiu
369 2064 514 2101 intenti
538 2064 727 2114 utrinque
752 2066 949 2101 steterunt
974 2066 1260 2114 exspectantes,
1289 2067 1335 2101 ut
1365 2065 1414 2102 ab
1446 2065 1514 2102 ad-

74 2133 264 2170 versariis
297 2133 447 2170 clamor
479 2136 517 2170 et
548 2146 683 2183 pugna
714 2133 928 2182 inciperet,
969 2135 1009 2170 et
1038 2132 1149 2182 prius
1181 2132 1240 2170 sol
1271 2133 1440 2171 meridie
1472 2147 1512 2172 se
1532 2133 1553 2169 6

16 2251 19 2253 .
75 2201 300 2249 inclinavit,
331 2215 449 2252 quam
479 2201 605 2239 telum
636 2202 730 2239 hinc
761 2204 830 2239 aut
861 2201 974 2238 illinc
1006 2201 1191 2239 emissum
1221 2204 1298 2249 est3
1330 2201 1435 2249 inde,
1466 2215 1514 2240 ne

76 2269 226 2308 infecta
254 2284 298 2308 re
329 2270 522 2317 abiretur,
564 2270 714 2308 clamor
752 2270 803 2307 ab
835 2269 1018 2308 Etruscis
1056 2270 1187 2307 oritur
1217 2270 1515 2320 concinuntque

73 2337 183 2390 tubae
215 2341 255 2376 et
285 2338 399 2388 signa
430 2339 673 2385 inferuntur;
706 2352 777 2376 nec
807 2338 967 2388 segnius
998 2352 1021 2377 a
1045 2339 1238 2377 Romanis
1268 2352 1403 2389 pugna
1436 2338 1511 2376 ini·
1533 2339 1555 2374 7

74 2410 152 2445 tur.
211 2406 465 2445 Concurrunt
495 2407 663 2445 infensis
694 2407 858 2454 animis;
888 2420 1051 2445 numero
1082 2408 1222 2455 hostis,
1251 2407 1403 2445 virtute
1433 2407 1514 2444 Ro·

75 2488 216 2514 manus
240 2478 420 2525 superat;
451 2489 594 2526 anceps
616 2476 804 2526 proelium
827 2477 972 2514 multos
987 2477 1179 2527 utrinque
1195 2479 1235 2515 et
1249 2475 1512 2513 fortissimum
1529 2475 1554 2512 8

77 2557 272 2594 quemque
304 2544 490 2591 absumit,
521 2558 592 2582 nec
624 2544 738 2595 prius
769 2544 964 2582 inclinata
994 2559 1057 2584 res
1088 2549 1158 2593 est,
1189 2557 1308 2595 quam
1339 2543 1513 2582 secunda

77 2611 183 2650 acies
213 2612 397 2650 Romana
437 2613 487 2651 ad
527 2613 658 2663 prima
699 2613 825 2662 signa,
871 2613 1019 2663 integri
1058 2614 1183 2661 fessis,
1228 2615 1512 2651 successerunt.

78 2679 250 2728 Etrusci,
281 2681 376 2731 quia
406 2682 528 2719 nullis
559 2681 788 2720 recentibus
811 2682 1003 2720 subsidiis
1025 2683 1128 2720 fulta
1153 2682 1284 2732 prima
1300 2681 1407 2719 acies
1422 2681 1511 2729 fuit,
1530 2682 1553 2719 9

145 2759 250 2785 Livius
269 2766 307 2785 cx
325 2767 384 2786 rec.
403 2760 557 2792 Madvigii.
584 2760 626 2786 Π.
1266 2759 1308 2793 12
