1821 2928
460 71 577 107 Liber
600 71 670 107 sv.
719 72 780 117 (A.
807 58 871 108 ch.
896 73 1105 116 418—416.)
1417 77 1495 114 241

60 213 207 238 corona
237 199 484 238 circumdata
514 200 630 238 scalis
662 203 821 249 captum
852 213 896 237 ac
928 199 1128 250 direptum
1160 204 1230 239 est.
1293 200 1497 254 Dictator,
1517 201 1539 238 6

60 271 238 310 exercitu
260 271 414 310 victore
430 272 599 310 Romam
616 271 793 318 reducto,
824 271 888 310 die
906 276 1060 319 octavo,
1091 285 1211 322 quam
1228 277 1384 312 creatus
1402 279 1499 323 erat,

59 343 298 393 magistratu
328 357 369 381 se
400 343 624 390 abdicavit;
656 348 694 381 et
726 348 948 394 opportune
979 347 1152 391 senatus,
1183 345 1418 395 priusquam
1449 348 1498 384 ab

59 415 234 452 tribunis
265 415 376 465 plebi
406 416 577 464 agrariae
604 416 823 454 seditiones
849 416 1050 453 mentione
1067 416 1182 454 illata
1200 417 1248 455 de
1263 430 1360 467 agro
1378 417 1497 458 Lavi-

60 500 158 525 cano
204 486 421 525 dividendo
462 487 615 535 fierent,
662 488 817 525 censuit
856 488 1056 538 frequens,
1103 489 1297 526 coloniam
1328 489 1498 528 Lavicos
1548 482 1554 487 '

61 559 345 597 deducendam.
406 558 549 597 Coloni
589 560 638 598 ab
676 559 776 597 urbe
808 559 917 597 mille
948 563 987 598 et
1018 560 1229 610 quingenti
1261 561 1371 599 missi
1402 562 1496 600 bina
1515 561 1536 596 7

60 632 198 680 iugera
229 635 481 681 acceperunt.

175 702 314 753 Captis
329 703 499 750 Lavicis,
525 716 569 741 ac
595 703 738 741 deinde
761 703 935 742 tribunis
958 703 1132 741 militum
1157 705 1359 742 consulari
1384 708 1494 755 pote·
1515 703 1622 729 A·¹²·⁰·
1641 705 1688 729 3³⁷

60 778 162 812 state
191 774 379 825 Agrippa
409 775 596 814 Menenio
627 775 783 813 Lanato
824 779 864 813 et
892 775 939 814 L.
971 774 1144 814 Servilio
1178 775 1340 814 Structo
1382 780 1421 814 et
1451 777 1497 814 P.
1517 748 1552 774 A.
1570 748 1621 774 Ch·
1639 750 1698 775 m*

59 847 248 885 Lucretio
265 846 522 897 Tricipitino,
544 847 688 885 iterum
715 847 898 885 omnibus
922 847 995 894 his,
1023 852 1063 885 et
1079 846 1146 898 Sp.
1164 848 1322 887 Rutilio
1340 848 1498 895 Crasso,

61 922 100 957 et
129 919 363 969 insequente
395 933 498 957 anno
515 919 567 957 A.
586 918 820 969 Sempronio
837 919 1030 957 Atratino
1061 920 1234 967 tertium,
1268 924 1308 958 et
1339 920 1495 958 duobus
1512 920 1538 958 8

59 991 216 1038 iterum,
246 991 301 1028 M.
333 991 500 1042 Papirio
532 991 756 1040 Mugillano
789 994 828 1028 et
853 989 920 1041 Sp.
937 990 1088 1029 Nautio
1105 992 1257 1039 Rutilo,
1289 992 1495 1030 biennium
1514 991 1622 1063 {⁰60-
1641 993 1701 1019 338-

59 1063 292 1112 tranquillae
320 1066 494 1101 externae
520 1077 594 1109 res,
619 1062 822 1102 discordia
846 1063 953 1101 domi
977 1077 1025 1101 ex
1042 1065 1216 1113 agrariis
1233 1064 1393 1113 legibus
1410 1064 1497 1102 fuit.
1548 1057 1554 1063 ⁸
1595 1038 1622 1063 h'
1642 1041 1693 1067 ⁴¹⁶

59 1134 304 1173 Turbatores
334 1135 447 1184 vulgi
480 1138 594 1173 erant
625 1134 691 1186 Sp.
722 1136 923 1173 Maecilius
954 1139 1142 1186 quartum
1173 1139 1213 1174 et
1235 1137 1297 1176 M.
1314 1136 1494 1174 Metilius
1574 1138 1630 1185 48

57 1207 222 1244 tertium
252 1207 406 1244 tribuni
438 1208 581 1258 plebis,
613 1207 730 1245 ambo
763 1208 948 1246 absentes
979 1209 1115 1246 creati.
1160 1208 1211 1246 Ei
1235 1221 1356 1258 quum
1381 1221 1494 1257 roga·
1513 1214 1536 1249 2

57 1279 208 1317 tionem
237 1279 572 1329 promulgassent,
604 1283 649 1317 ut
679 1293 775 1329 ager
802 1293 849 1317 ex
874 1279 1054 1317 hostibus
1073 1283 1213 1330 captus
1228 1280 1381 1318 viritim
1399 1279 1498 1317 divi-

60 1351 233 1397 deretur,
264 1363 498 1400 magnaeque
524 1352 651 1401 partis
675 1350 875 1388 nobilium
900 1365 945 1389 eo
962 1352 1172 1402 plebiscito
1190 1352 1497 1402 publicarentur

58 1423 227 1460 fortunae
260 1422 347 1470 (nec
387 1423 490 1460 enim
531 1423 652 1461 ferme
694 1423 908 1473 quicquam
939 1424 1039 1472 agri,
1077 1427 1122 1461 ut
1161 1424 1203 1460 in
1234 1424 1333 1461 urbe
1363 1423 1536 1465 alieno3

59 1494 144 1532 solo
173 1494 317 1544 posita,
347 1507 427 1531 non
443 1495 564 1532 armis
581 1499 740 1545 partum
758 1499 856 1542 erat,
889 1509 972 1544 nec,
1003 1495 1109 1545 quod
1125 1495 1301 1533 venisset
1316 1495 1496 1545 assigna-

58 1570 193 1604 tumve
223 1565 383 1615 publice
414 1570 529 1613 esset,
559 1570 825 1616 praeterquam
856 1566 972 1617 plebs
1002 1566 1205 1617 habebat),
1236 1570 1351 1606 atrox
1380 1567 1535 1617 plebi4

59 1638 318 1688 patribusqae
348 1638 598 1688 propositum
625 1639 836 1677 videbatur
863 1643 1073 1678 certamen.
1119 1639 1203 1679 Nec
1220 1639 1376 1677 tribuni
1392 1639 1497 1676 mili-

58 1714 154 1758 tum,
200 1723 305 1748 nunc
345 1710 387 1748 in
417 1713 568 1757 senatu,
614 1725 719 1749 nunc
752 1711 825 1762 [in]
857 1712 1039 1750 conciliis
1071 1712 1240 1762 privatis
1270 1711 1497 1762 principum

60 1782 261 1831 cogendis,
287 1782 391 1820 viam
409 1782 569 1820 consilii
584 1782 856 1830 inveniebant,
881 1797 1002 1834 quum
1019 1783 1128 1834 App.
1148 1783 1354 1830 Claudius,
1370 1796 1494 1833 nepos
1512 1785 1536 1824 5

60 1853 157 1901 eius,
189 1853 257 1903 qui
288 1853 490 1892 decemvir
521 1854 679 1903 legibus
710 1855 934 1893 scribendis
957 1855 1098 1903 fuerat,
1129 1856 1318 1893 minimus
1335 1858 1431 1893 natu
1448 1867 1496 1892 ex

58 1929 217 1976 patrum
242 1926 425 1974 concilio,
457 1927 604 1964 dicitur
629 1927 790 1974 dixisse,
820 1931 936 1965 vetus
953 1941 994 1965 se
1010 1940 1054 1964 ac
1072 1927 1268 1965 familiare
1285 1926 1494 1964 consilium
1513 1930 1536 1967 6

61 1997 176 2036 domo
208 1997 369 2044 afferre3
403 2011 597 2048 proavum
630 1999 734 2036 enim
766 2012 880 2037 suum
905 1999 1013 2049 App.
1040 1998 1251 2037 Claudium
1275 1997 1497 2036 ostendisse

60 2070 245 2120 patribus
277 2070 381 2108 viam
413 2083 532 2108 unam
565 2070 829 2109 dissolvendae
853 2071 1079 2109 tribuniciae
1103 2071 1313 2121 potestatis
1330 2083 1401 2120 per
1418 2069 1496 2108 col-

60 2142 237 2192 legarum
283 2143 617 2180 intercessionem.
688 2142 826 2180 Facile
864 2143 1043 2180 homines
1089 2156 1211 2181 novos
1257 2142 1496 2180 auctoritate
1515 2146 1536 2182 7

61 2214 290 2265 principum
321 2214 368 2252 de
399 2214 598 2252 sententia
628 2213 783 2260 deduci,
816 2215 851 2252 si
881 2219 1107 2264 temporum
1137 2215 1340 2252 interdum
1362 2213 1496 2264 potius

62 2299 178 2336 quam
209 2286 432 2324 maiestatis
464 2299 612 2324 memor
642 2285 879 2324 adhibeatur
910 2287 1051 2324 oratio.
1109 2286 1192 2325 Pro
1222 2287 1384 2324 fortuna
1413 2284 1537 2325 illis8

62 2357 213 2396 animos
259 2371 360 2405 esse,
415 2357 487 2395 ubi
530 2357 710 2406 videant,
762 2358 936 2408 collegas
981 2359 1185 2409 principes
1230 2357 1394 2408 agendae
1438 2355 1497 2393 rei

61 2429 231 2478 gratiam
278 2443 433 2467 omnem
478 2429 529 2467 ad
574 2429 732 2480 plebem
777 2443 1078 2481 praeoccupasse
1116 2443 1189 2468 nec
1219 2430 1350 2467 locum
1379 2428 1421 2465 in
1452 2440 1498 2464 ea

61 2500 244 2540 relictum
274 2501 365 2548 sibi,
394 2500 500 2539 haud
526 2505 690 2551 gravate
713 2501 981 2540 acclinaturos
1007 2515 1048 2540 se
1072 2501 1123 2540 ad
1148 2514 1307 2540 causam
1323 2501 1494 2544 senatus,
1513 2502 1537 2539 9

63 2584 134 2621 per
164 2585 282 2622 quam
315 2585 438 2621 quum
468 2574 654 2611 universo
686 2573 832 2622 ordini,
871 2577 955 2611 tum
993 2572 1237 2624 primoribus
1268 2584 1308 2609 se
1338 2574 1498 2620 patrum

63 2643 290 2682 concilient.
348 2644 684 2695 Approbantibus
714 2646 869 2684 cunctis
900 2648 940 2684 et
969 2649 1060 2683 ante
1092 2657 1226 2682 omnes
1250 2643 1299 2691 Q.
1323 2640 1495 2680 Servilio
1514 2642 1567 2682 10

133 2713 238 2739 Livius
258 2721 294 2739 ex
315 2722 374 2740 rec.
393 2714 546 2746 Madvigii.
585 2715 610 2740 1.
1227 2723 1270 2757 16
