<?xml version="1.0" encoding="UTF-8"?>
<!DOCTYPE html PUBLIC "-//W3C//DTD XHTML 1.0 Transitional//EN"
    "http://www.w3.org/TR/xhtml1/DTD/xhtml1-transitional.dtd">
<html xmlns="http://www.w3.org/1999/xhtml" xml:lang="en" lang="en">
 <head>
  <title>
</title>
<meta http-equiv="Content-Type" content="text/html;charset=utf-8" />
  <meta name='ocr-system' content='tesseract 3.04.00' />
  <meta name='ocr-capabilities' content='ocr_page ocr_carea ocr_par ocr_line ocrx_word'/>
</head>
<body>
  <div class='ocr_page' id='page_1' title='image "./historiarumroman01livyuoft_0603.png"; bbox 0 0 1821 2928; ppageno 0'>
   <div class='ocr_carea' id='block_1_1' title="bbox 701 189 1570 227">
    <p class='ocr_par' dir='ltr' id='par_1_1' title="bbox 701 189 1570 227">
     <span class='ocr_line' id='line_1_1' title="bbox 701 189 1570 227; baseline 0.003 -5"><span class='ocrx_word' id='word_1_1' title='bbox 701 197 791 223; x_wconf 67' lang='lat' dir='ltr'>Liber</span> <span class='ocrx_word' id='word_1_2' title='bbox 809 197 846 222; x_wconf 80' lang='lat' dir='ltr'>x.</span> <span class='ocrx_word' id='word_1_3' title='bbox 884 198 931 225; x_wconf 75' lang='lat' dir='ltr'>(A.</span> <span class='ocrx_word' id='word_1_4' title='bbox 952 197 1004 223; x_wconf 75' lang='lat' dir='ltr'>eh.</span> <span class='ocrx_word' id='word_1_5' title='bbox 1023 198 1095 227; x_wconf 84' lang='lat'>293.)</span> <span class='ocrx_word' id='word_1_6' title='bbox 1487 189 1570 225; x_wconf 76' lang='lat'>247</span> 
     </span>
    </p>
   </div>
   <div class='ocr_carea' id='block_1_2' title="bbox 168 311 1764 2696">
    <p class='ocr_par' dir='ltr' id='par_1_2' title="bbox 168 311 1628 364">
     <span class='ocr_line' id='line_1_2' title="bbox 168 311 1628 364; baseline -0.001 -12"><span class='ocrx_word' id='word_1_7' title='bbox 168 313 320 352; x_wconf 63' lang='lat' dir='ltr'>&gt;hostes</span> <span class='ocrx_word' id='word_1_8' title='bbox 352 327 432 351; x_wconf 89' lang='lat' dir='ltr'>non</span> <span class='ocrx_word' id='word_1_9' title='bbox 466 313 630 350; x_wconf 84' lang='lat' dir='ltr'>inventi.</span> <span class='ocrx_word' id='word_1_10' title='bbox 691 311 854 362; x_wconf 81' lang='lat' dir='ltr'>Septem</span> <span class='ocrx_word' id='word_1_11' title='bbox 890 313 1019 350; x_wconf 88' lang='lat' dir='ltr'>millia</span> <span class='ocrx_word' id='word_1_12' title='bbox 1057 326 1244 363; x_wconf 81' lang='lat' dir='ltr'><strong>passuum</strong></span> <span class='ocrx_word' id='word_1_13' title='bbox 1282 327 1403 364; x_wconf 89' lang='lat' dir='ltr'>quum</span> <span class='ocrx_word' id='word_1_14' title='bbox 1443 314 1628 351; x_wconf 84' lang='lat' dir='ltr'>abessent</span> 
     </span>
    </p>

    <p class='ocr_par' dir='ltr' id='par_1_3' title="bbox 183 381 1698 1530">
     <span class='ocr_line' id='line_1_3' title="bbox 186 381 1698 431; baseline -0.002 -10"><span class='ocrx_word' id='word_1_15' title='bbox 186 398 208 421; x_wconf 83' lang='lat' dir='ltr'>a</span> <span class='ocrx_word' id='word_1_16' title='bbox 226 382 422 429; x_wconf 86' lang='lat' dir='ltr'>Cominio,</span> <span class='ocrx_word' id='word_1_17' title='bbox 452 381 630 419; x_wconf 85' lang='lat' dir='ltr'>revocati</span> <span class='ocrx_word' id='word_1_18' title='bbox 657 382 706 418; x_wconf 88' lang='lat' dir='ltr'>ab</span> <span class='ocrx_word' id='word_1_19' title='bbox 734 381 816 418; x_wconf 91' lang='lat' dir='ltr'>suis</span> <span class='ocrx_word' id='word_1_20' title='bbox 842 381 976 419; x_wconf 81' lang='lat' dir='ltr'>neutri</span> <span class='ocrx_word' id='word_1_21' title='bbox 994 382 1137 431; x_wconf 86' lang='lat' dir='ltr'>proelio</span> <span class='ocrx_word' id='word_1_22' title='bbox 1156 388 1425 420; x_wconf 85' lang='lat' dir='ltr'>occurrerunt.</span> <span class='ocrx_word' id='word_1_23' title='bbox 1473 381 1626 419; x_wconf 85' lang='lat' dir='ltr'>Primis</span> <span class='ocrx_word' id='word_1_24' title='bbox 1647 382 1698 418; x_wconf 90' lang='lat'>10</span> 
     </span>
     <span class='ocr_line' id='line_1_4' title="bbox 188 450 1627 501; baseline -0.001 -12"><span class='ocrx_word' id='word_1_25' title='bbox 188 452 311 489; x_wconf 84' lang='lat' dir='ltr'>ferme</span> <span class='ocrx_word' id='word_1_26' title='bbox 355 450 546 497; x_wconf 87' lang='lat' dir='ltr'>tenebris,</span> <span class='ocrx_word' id='word_1_27' title='bbox 593 463 714 500; x_wconf 88' lang='lat' dir='ltr'>quum</span> <span class='ocrx_word' id='word_1_28' title='bbox 757 450 799 486; x_wconf 89' lang='lat' dir='ltr'>in</span> <span class='ocrx_word' id='word_1_29' title='bbox 839 454 1054 500; x_wconf 86' lang='lat' dir='ltr'>conspectu</span> <span class='ocrx_word' id='word_1_30' title='bbox 1086 451 1166 488; x_wconf 84' lang='lat' dir='ltr'>iam</span> <span class='ocrx_word' id='word_1_31' title='bbox 1198 455 1339 498; x_wconf 84' lang='lat' dir='ltr'>castra,</span> <span class='ocrx_word' id='word_1_32' title='bbox 1385 451 1463 489; x_wconf 85' lang='lat' dir='ltr'>iam</span> <span class='ocrx_word' id='word_1_33' title='bbox 1494 451 1627 501; x_wconf 82' lang='lat' dir='ltr'>Aqui-</span> 
     </span>
     <span class='ocr_line' id='line_1_5' title="bbox 185 519 1628 569; baseline -0.001 -11"><span class='ocrx_word' id='word_1_34' title='bbox 185 521 337 558; x_wconf 90' lang='lat' dir='ltr'>loniam</span> <span class='ocrx_word' id='word_1_35' title='bbox 368 519 615 566; x_wconf 81' lang='lat' dir='ltr'>habuissent,</span> <span class='ocrx_word' id='word_1_36' title='bbox 647 519 796 556; x_wconf 81' lang='lat' dir='ltr'>elamor</span> <span class='ocrx_word' id='word_1_37' title='bbox 827 532 893 556; x_wconf 90' lang='lat' dir='ltr'>eos</span> <span class='ocrx_word' id='word_1_38' title='bbox 915 519 1106 568; x_wconf 89' lang='lat' dir='ltr'>utrinque</span> <span class='ocrx_word' id='word_1_39' title='bbox 1121 533 1195 569; x_wconf 88' lang='lat' dir='ltr'>par</span> <span class='ocrx_word' id='word_1_40' title='bbox 1212 519 1398 557; x_wconf 88' lang='lat' dir='ltr'>accidens</span> <span class='ocrx_word' id='word_1_41' title='bbox 1415 519 1628 566; x_wconf 87' lang='lat' dir='ltr'>sustinuit;</span> 
     </span>
     <span class='ocr_line' id='line_1_6' title="bbox 186 587 1694 637; baseline -0.001 -11"><span class='ocrx_word' id='word_1_42' title='bbox 186 588 332 627; x_wconf 89' lang='lat' dir='ltr'>deinde</span> <span class='ocrx_word' id='word_1_43' title='bbox 362 587 527 637; x_wconf 86' lang='lat' dir='ltr'>regione</span> <span class='ocrx_word' id='word_1_44' title='bbox 566 592 799 635; x_wconf 86' lang='lat' dir='ltr'>castrorum,</span> <span class='ocrx_word' id='word_1_45' title='bbox 845 600 931 637; x_wconf 89' lang='lat' dir='ltr'>quae</span> <span class='ocrx_word' id='word_1_46' title='bbox 971 587 1133 626; x_wconf 85' lang='lat' dir='ltr'>incensa</span> <span class='ocrx_word' id='word_1_47' title='bbox 1173 588 1223 626; x_wconf 89' lang='lat' dir='ltr'>ab</span> <span class='ocrx_word' id='word_1_48' title='bbox 1263 588 1457 626; x_wconf 79' lang='lat' dir='ltr'>Romanis</span> <span class='ocrx_word' id='word_1_49' title='bbox 1502 588 1694 634; x_wconf 89' lang='lat' dir='ltr'>erant,ll</span> 
     </span>
     <span class='ocr_line' id='line_1_7' title="bbox 184 656 1628 707; baseline -0.001 -11"><span class='ocrx_word' id='word_1_50' title='bbox 184 658 343 696; x_wconf 87' lang='lat' dir='ltr'>flamma</span> <span class='ocrx_word' id='word_1_51' title='bbox 370 658 449 694; x_wconf 87' lang='lat' dir='ltr'>late</span> <span class='ocrx_word' id='word_1_52' title='bbox 486 656 575 694; x_wconf 85' lang='lat' dir='ltr'>fusa</span> <span class='ocrx_word' id='word_1_53' title='bbox 607 656 769 694; x_wconf 83' lang='lat' dir='ltr'>certiori</span> <span class='ocrx_word' id='word_1_54' title='bbox 795 656 922 694; x_wconf 90' lang='lat' dir='ltr'>cladis</span> <span class='ocrx_word' id='word_1_55' title='bbox 955 656 1104 694; x_wconf 89' lang='lat' dir='ltr'>indicio</span> <span class='ocrx_word' id='word_1_56' title='bbox 1135 656 1327 707; x_wconf 85' lang='lat' dir='ltr'>progredi</span> <span class='ocrx_word' id='word_1_57' title='bbox 1353 656 1514 705; x_wconf 87' lang='lat' dir='ltr'>longius</span> <span class='ocrx_word' id='word_1_58' title='bbox 1537 669 1628 706; x_wconf 90' lang='lat' dir='ltr'>pro-</span> 
     </span>
     <span class='ocr_line' id='line_1_8' title="bbox 184 724 1696 775; baseline -0.002 -11"><span class='ocrx_word' id='word_1_59' title='bbox 184 726 341 772; x_wconf 84' lang='lat' dir='ltr'>hibuit;</span> <span class='ocrx_word' id='word_1_60' title='bbox 372 739 417 762; x_wconf 91' lang='lat' dir='ltr'>eo</span> <span class='ocrx_word' id='word_1_61' title='bbox 450 725 537 774; x_wconf 91' lang='lat' dir='ltr'>ipso</span> <span class='ocrx_word' id='word_1_62' title='bbox 569 724 656 762; x_wconf 85' lang='lat' dir='ltr'>loco</span> <span class='ocrx_word' id='word_1_63' title='bbox 687 728 834 762; x_wconf 88' lang='lat' dir='ltr'>temere</span> <span class='ocrx_word' id='word_1_64' title='bbox 865 725 937 762; x_wconf 92' lang='lat' dir='ltr'>sub</span> <span class='ocrx_word' id='word_1_65' title='bbox 962 725 1082 763; x_wconf 89' lang='lat' dir='ltr'>armis</span> <span class='ocrx_word' id='word_1_66' title='bbox 1099 726 1214 763; x_wconf 84' lang='lat' dir='ltr'>strati</span> <span class='ocrx_word' id='word_1_67' title='bbox 1230 726 1378 775; x_wconf 88' lang='lat' dir='ltr'>passim</span> <span class='ocrx_word' id='word_1_68' title='bbox 1400 724 1627 775; x_wconf 88' lang='lat' dir='ltr'>inquietum</span> <span class='ocrx_word' id='word_1_69' title='bbox 1649 725 1696 761; x_wconf 81' lang='lat'>12</span> 
     </span>
     <span class='ocr_line' id='line_1_9' title="bbox 187 793 1629 844; baseline -0.001 -12"><span class='ocrx_word' id='word_1_70' title='bbox 187 808 301 832; x_wconf 86' lang='lat' dir='ltr'>omne</span> <span class='ocrx_word' id='word_1_71' title='bbox 340 797 499 843; x_wconf 91' lang='lat' dir='ltr'>tempus</span> <span class='ocrx_word' id='word_1_72' title='bbox 536 793 666 831; x_wconf 88' lang='lat' dir='ltr'>noctis</span> <span class='ocrx_word' id='word_1_73' title='bbox 711 794 977 844; x_wconf 85' lang='lat' dir='ltr'>exspectando</span> <span class='ocrx_word' id='word_1_74' title='bbox 1021 794 1282 844; x_wconf 73' lang='lat' dir='ltr'>timendoque</span> <span class='ocrx_word' id='word_1_75' title='bbox 1328 795 1455 831; x_wconf 88' lang='lat' dir='ltr'>lucem</span> <span class='ocrx_word' id='word_1_76' title='bbox 1501 806 1629 842; x_wconf 89' lang='lat' dir='ltr'>egere.</span> 
     </span>
     <span class='ocr_line' id='line_1_10' title="bbox 185 862 1698 912; baseline -0.001 -12"><span class='ocrx_word' id='word_1_77' title='bbox 185 863 325 900; x_wconf 88' lang='lat' dir='ltr'>Prima</span> <span class='ocrx_word' id='word_1_78' title='bbox 355 862 443 899; x_wconf 85' lang='lat' dir='ltr'>luce</span> <span class='ocrx_word' id='word_1_79' title='bbox 477 862 634 909; x_wconf 82' lang='lat' dir='ltr'>incerti,</span> <span class='ocrx_word' id='word_1_80' title='bbox 665 875 785 911; x_wconf 80' lang='lat' dir='ltr'>quam</span> <span class='ocrx_word' id='word_1_81' title='bbox 816 863 858 899; x_wconf 90' lang='lat' dir='ltr'>in</span> <span class='ocrx_word' id='word_1_82' title='bbox 890 867 1044 912; x_wconf 81' lang='lat' dir='ltr'>partem</span> <span class='ocrx_word' id='word_1_83' title='bbox 1069 862 1326 900; x_wconf 79' lang='lat' dir='ltr'>intenderent</span> <span class='ocrx_word' id='word_1_84' title='bbox 1343 863 1430 909; x_wconf 87' lang='lat' dir='ltr'>iter,</span> <span class='ocrx_word' id='word_1_85' title='bbox 1462 866 1627 911; x_wconf 87' lang='lat' dir='ltr'>repente</span> <span class='ocrx_word' id='word_1_86' title='bbox 1647 862 1698 899; x_wconf 84' lang='lat'>13</span> 
     </span>
     <span class='ocr_line' id='line_1_11' title="bbox 186 931 1628 981; baseline -0.001 -13"><span class='ocrx_word' id='word_1_87' title='bbox 186 932 228 968; x_wconf 85' lang='lat' dir='ltr'>iu</span> <span class='ocrx_word' id='word_1_88' title='bbox 275 931 412 980; x_wconf 86' lang='lat' dir='ltr'>fugam</span> <span class='ocrx_word' id='word_1_89' title='bbox 458 934 765 968; x_wconf 78' lang='lat' dir='ltr'>consternantur</span> <span class='ocrx_word' id='word_1_90' title='bbox 811 931 860 968; x_wconf 89' lang='lat' dir='ltr'>ab</span> <span class='ocrx_word' id='word_1_91' title='bbox 907 931 1125 981; x_wconf 83' lang='lat' dir='ltr'>equitibus,</span> <span class='ocrx_word' id='word_1_92' title='bbox 1170 931 1240 981; x_wconf 89' lang='lat' dir='ltr'>qui</span> <span class='ocrx_word' id='word_1_93' title='bbox 1287 944 1466 980; x_wconf 88' lang='lat' dir='ltr'>egressos</span> <span class='ocrx_word' id='word_1_94' title='bbox 1512 936 1628 968; x_wconf 88' lang='lat' dir='ltr'>nocte</span> 
     </span>
     <span class='ocr_line' id='line_1_12' title="bbox 185 998 1630 1049; baseline -0.001 -12"><span class='ocrx_word' id='word_1_95' title='bbox 185 1000 234 1037; x_wconf 77' lang='lat' dir='ltr'>ab</span> <span class='ocrx_word' id='word_1_96' title='bbox 287 998 437 1049; x_wconf 89' lang='lat' dir='ltr'>oppido</span> <span class='ocrx_word' id='word_1_97' title='bbox 481 999 682 1037; x_wconf 76' lang='lat' dir='ltr'>Samnites</span> <span class='ocrx_word' id='word_1_98' title='bbox 727 1000 928 1049; x_wconf 81' lang='lat' dir='ltr'>persecuti</span> <span class='ocrx_word' id='word_1_99' title='bbox 970 1000 1158 1038; x_wconf 87' lang='lat' dir='ltr'>viderant</span> <span class='ocrx_word' id='word_1_100' title='bbox 1202 1000 1506 1037; x_wconf 81' lang='lat' dir='ltr'>multitudinem</span> <span class='ocrx_word' id='word_1_101' title='bbox 1550 1013 1630 1037; x_wconf 90' lang='lat' dir='ltr'>non</span> 
     </span>
     <span class='ocr_line' id='line_1_13' title="bbox 184 1067 1698 1119; baseline -0.001 -14"><span class='ocrx_word' id='word_1_102' title='bbox 184 1068 303 1115; x_wconf 85' lang='lat' dir='ltr'>vallo,</span> <span class='ocrx_word' id='word_1_103' title='bbox 335 1082 414 1105; x_wconf 89' lang='lat' dir='ltr'>non</span> <span class='ocrx_word' id='word_1_104' title='bbox 431 1068 675 1105; x_wconf 87' lang='lat' dir='ltr'>stationibus</span> <span class='ocrx_word' id='word_1_105' title='bbox 705 1068 913 1106; x_wconf 84' lang='lat' dir='ltr'>firmatam.</span> <span class='ocrx_word' id='word_1_106' title='bbox 968 1068 1191 1119; x_wconf 85' lang='lat' dir='ltr'>Conspecta</span> <span class='ocrx_word' id='word_1_107' title='bbox 1217 1073 1257 1106; x_wconf 91' lang='lat' dir='ltr'>et</span> <span class='ocrx_word' id='word_1_108' title='bbox 1282 1083 1329 1106; x_wconf 82' lang='lat' dir='ltr'>ex</span> <span class='ocrx_word' id='word_1_109' title='bbox 1355 1069 1478 1106; x_wconf 90' lang='lat' dir='ltr'>muris</span> <span class='ocrx_word' id='word_1_110' title='bbox 1494 1068 1626 1118; x_wconf 79' lang='lat' dir='ltr'>Aqui·</span> <span class='ocrx_word' id='word_1_111' title='bbox 1647 1067 1698 1104; x_wconf 83' lang='lat'>14</span> 
     </span>
     <span class='ocr_line' id='line_1_14' title="bbox 187 1136 1629 1188; baseline 0 -14"><span class='ocrx_word' id='word_1_112' title='bbox 187 1138 306 1175; x_wconf 85' lang='lat' dir='ltr'>loniae</span> <span class='ocrx_word' id='word_1_113' title='bbox 338 1150 383 1174; x_wconf 89' lang='lat' dir='ltr'>ea</span> <span class='ocrx_word' id='word_1_114' title='bbox 414 1136 633 1174; x_wconf 86' lang='lat' dir='ltr'>multitudo</span> <span class='ocrx_word' id='word_1_115' title='bbox 666 1141 762 1184; x_wconf 86' lang='lat' dir='ltr'>erat,</span> <span class='ocrx_word' id='word_1_116' title='bbox 809 1137 968 1187; x_wconf 87' lang='lat' dir='ltr'>iamque</span> <span class='ocrx_word' id='word_1_117' title='bbox 1016 1137 1139 1175; x_wconf 87' lang='lat' dir='ltr'>etiam</span> <span class='ocrx_word' id='word_1_118' title='bbox 1180 1137 1414 1188; x_wconf 76' lang='lat' dir='ltr'>legionariae</span> <span class='ocrx_word' id='word_1_119' title='bbox 1446 1138 1629 1175; x_wconf 82' lang='lat' dir='ltr'>cohortes</span> 
     </span>
     <span class='ocr_line' id='line_1_15' title="bbox 186 1205 1629 1257; baseline -0.001 -13"><span class='ocrx_word' id='word_1_120' title='bbox 186 1206 472 1256; x_wconf 83' lang='lat' dir='ltr'>sequebantur;</span> <span class='ocrx_word' id='word_1_121' title='bbox 505 1210 679 1243; x_wconf 87' lang='lat' dir='ltr'>ceterum</span> <span class='ocrx_word' id='word_1_122' title='bbox 711 1219 782 1243; x_wconf 89' lang='lat' dir='ltr'>nec</span> <span class='ocrx_word' id='word_1_123' title='bbox 814 1205 935 1256; x_wconf 90' lang='lat' dir='ltr'>pedes</span> <span class='ocrx_word' id='word_1_124' title='bbox 965 1206 1165 1255; x_wconf 86' lang='lat' dir='ltr'>fugientes</span> <span class='ocrx_word' id='word_1_125' title='bbox 1194 1206 1383 1256; x_wconf 87' lang='lat' dir='ltr'>persequi</span> <span class='ocrx_word' id='word_1_126' title='bbox 1413 1206 1559 1257; x_wconf 86' lang='lat' dir='ltr'>potuit,</span> <span class='ocrx_word' id='word_1_127' title='bbox 1591 1209 1629 1243; x_wconf 91' lang='lat' dir='ltr'>et</span> 
     </span>
     <span class='ocr_line' id='line_1_16' title="bbox 186 1274 1628 1325; baseline -0.001 -12"><span class='ocrx_word' id='word_1_128' title='bbox 186 1275 235 1312; x_wconf 79' lang='lat' dir='ltr'>ab</span> <span class='ocrx_word' id='word_1_129' title='bbox 268 1275 404 1325; x_wconf 88' lang='lat' dir='ltr'>equite</span> <span class='ocrx_word' id='word_1_130' title='bbox 435 1274 644 1312; x_wconf 85' lang='lat' dir='ltr'>novissimi</span> <span class='ocrx_word' id='word_1_131' title='bbox 674 1274 849 1323; x_wconf 86' lang='lat' dir='ltr'>agminis</span> <span class='ocrx_word' id='word_1_132' title='bbox 881 1274 1044 1312; x_wconf 88' lang='lat' dir='ltr'>ducenti</span> <span class='ocrx_word' id='word_1_133' title='bbox 1063 1275 1184 1313; x_wconf 89' lang='lat' dir='ltr'>ferme</span> <span class='ocrx_word' id='word_1_134' title='bbox 1213 1279 1252 1313; x_wconf 90' lang='lat' dir='ltr'>et</span> <span class='ocrx_word' id='word_1_135' title='bbox 1277 1275 1482 1324; x_wconf 87' lang='lat' dir='ltr'>octoginta</span> <span class='ocrx_word' id='word_1_136' title='bbox 1505 1275 1628 1312; x_wconf 89' lang='lat' dir='ltr'>inter·</span> 
     </span>
     <span class='ocr_line' id='line_1_17' title="bbox 185 1342 1629 1393; baseline 0.001 -13"><span class='ocrx_word' id='word_1_137' title='bbox 185 1344 297 1391; x_wconf 81' lang='lat' dir='ltr'>fecti;</span> <span class='ocrx_word' id='word_1_138' title='bbox 338 1357 449 1381; x_wconf 86' lang='lat' dir='ltr'>arma</span> <span class='ocrx_word' id='word_1_139' title='bbox 479 1342 605 1380; x_wconf 83' lang='lat' dir='ltr'>multa</span> <span class='ocrx_word' id='word_1_140' title='bbox 637 1342 776 1392; x_wconf 86' lang='lat' dir='ltr'>pavidi</span> <span class='ocrx_word' id='word_1_141' title='bbox 807 1357 853 1381; x_wconf 85' lang='lat' dir='ltr'>ao</span> <span class='ocrx_word' id='word_1_142' title='bbox 884 1344 1001 1393; x_wconf 89' lang='lat' dir='ltr'>signa</span> <span class='ocrx_word' id='word_1_143' title='bbox 1032 1344 1226 1382; x_wconf 85' lang='lat' dir='ltr'>militaria</span> <span class='ocrx_word' id='word_1_144' title='bbox 1257 1344 1540 1393; x_wconf 84' lang='lat' dir='ltr'>duodeviginti</span> <span class='ocrx_word' id='word_1_145' title='bbox 1570 1357 1629 1381; x_wconf 93' lang='lat' dir='ltr'>re-</span> 
     </span>
     <span class='ocr_line' id='line_1_18' title="bbox 184 1411 1689 1463; baseline 0.001 -15"><span class='ocrx_word' id='word_1_146' title='bbox 184 1412 356 1462; x_wconf 89' lang='lat' dir='ltr'>liquere;</span> <span class='ocrx_word' id='word_1_147' title='bbox 388 1411 468 1449; x_wconf 89' lang='lat' dir='ltr'>alio</span> <span class='ocrx_word' id='word_1_148' title='bbox 500 1411 658 1460; x_wconf 81' lang='lat' dir='ltr'>agmine</span> <span class='ocrx_word' id='word_1_149' title='bbox 688 1411 893 1458; x_wconf 86' lang='lat' dir='ltr'>incolumi,</span> <span class='ocrx_word' id='word_1_150' title='bbox 924 1416 969 1449; x_wconf 90' lang='lat' dir='ltr'>ut</span> <span class='ocrx_word' id='word_1_151' title='bbox 1001 1426 1047 1449; x_wconf 86' lang='lat' dir='ltr'>ex</span> <span class='ocrx_word' id='word_1_152' title='bbox 1079 1416 1193 1450; x_wconf 86' lang='lat' dir='ltr'>tanta</span> <span class='ocrx_word' id='word_1_153' title='bbox 1222 1411 1509 1463; x_wconf 85' lang='lat' dir='ltr'>trepidatione,</span> <span class='ocrx_word' id='word_1_154' title='bbox 1538 1412 1617 1449; x_wconf 89' lang='lat' dir='ltr'>Bo·</span> <span class='ocrx_word' id='word_1_155' title='bbox 1638 1412 1689 1449; x_wconf 87' lang='lat'>15</span> 
     </span>
     <span class='ocr_line' id='line_1_19' title="bbox 183 1480 719 1530; baseline -0.004 -12"><span class='ocrx_word' id='word_1_156' title='bbox 183 1480 351 1518; x_wconf 78' lang='lat' dir='ltr'>vianum</span> <span class='ocrx_word' id='word_1_157' title='bbox 382 1484 617 1530; x_wconf 81' lang='lat' dir='ltr'>perventum</span> <span class='ocrx_word' id='word_1_158' title='bbox 649 1483 719 1516; x_wconf 89' lang='lat' dir='ltr'>est.</span> 
     </span>
    </p>

    <p class='ocr_par' dir='ltr' id='par_1_4' title="bbox 182 1545 1764 2696">
     <span class='ocr_line' id='line_1_20' title="bbox 300 1545 1764 1598; baseline 0 -12"><span class='ocrx_word' id='word_1_159' title='bbox 300 1549 505 1586; x_wconf 87' lang='lat' dir='ltr'>Laetitiam</span> <span class='ocrx_word' id='word_1_160' title='bbox 537 1547 746 1598; x_wconf 89' lang='lat' dir='ltr'>utriusque</span> <span class='ocrx_word' id='word_1_161' title='bbox 779 1549 974 1586; x_wconf 81' lang='lat' dir='ltr'>exercitus</span> <span class='ocrx_word' id='word_1_162' title='bbox 1006 1549 1179 1587; x_wconf 86' lang='lat' dir='ltr'>Romani</span> <span class='ocrx_word' id='word_1_163' title='bbox 1205 1550 1321 1587; x_wconf 80' lang='lat' dir='ltr'>auxit</span> <span class='ocrx_word' id='word_1_164' title='bbox 1352 1554 1391 1587; x_wconf 90' lang='lat' dir='ltr'>et</span> <span class='ocrx_word' id='word_1_165' title='bbox 1422 1549 1472 1587; x_wconf 90' lang='lat' dir='ltr'>ab</span> <span class='ocrx_word' id='word_1_166' title='bbox 1505 1549 1632 1586; x_wconf 85' lang='lat' dir='ltr'>altera</span> <span class='ocrx_word' id='word_1_167' title='bbox 1704 1545 1764 1592; x_wconf 85' lang='grc'>44</span> 
     </span>
     <span class='ocr_line' id='line_1_21' title="bbox 184 1616 1628 1668; baseline -0.001 -13"><span class='ocrx_word' id='word_1_168' title='bbox 184 1623 300 1668; x_wconf 80' lang='lat' dir='ltr'>parte</span> <span class='ocrx_word' id='word_1_169' title='bbox 332 1618 507 1655; x_wconf 87' lang='lat' dir='ltr'>feliciter</span> <span class='ocrx_word' id='word_1_170' title='bbox 538 1620 651 1666; x_wconf 85' lang='lat' dir='ltr'>gesta</span> <span class='ocrx_word' id='word_1_171' title='bbox 681 1631 756 1654; x_wconf 90' lang='lat' dir='ltr'>res.</span> <span class='ocrx_word' id='word_1_172' title='bbox 803 1616 985 1667; x_wconf 86' lang='lat' dir='ltr'>Uterque</span> <span class='ocrx_word' id='word_1_173' title='bbox 1002 1632 1048 1655; x_wconf 88' lang='lat' dir='ltr'>ex</span> <span class='ocrx_word' id='word_1_174' title='bbox 1071 1618 1240 1655; x_wconf 86' lang='lat' dir='ltr'>alterius</span> <span class='ocrx_word' id='word_1_175' title='bbox 1265 1619 1465 1656; x_wconf 87' lang='lat' dir='ltr'>sententia</span> <span class='ocrx_word' id='word_1_176' title='bbox 1489 1617 1628 1656; x_wconf 87' lang='lat' dir='ltr'>consul</span> 
     </span>
     <span class='ocr_line' id='line_1_22' title="bbox 185 1685 1669 1736; baseline -0.001 -12"><span class='ocrx_word' id='word_1_177' title='bbox 185 1691 347 1736; x_wconf 80' lang='lat' dir='ltr'>captum</span> <span class='ocrx_word' id='word_1_178' title='bbox 378 1685 572 1736; x_wconf 89' lang='lat' dir='ltr'>oppidum</span> <span class='ocrx_word' id='word_1_179' title='bbox 605 1685 882 1736; x_wconf 87' lang='lat' dir='ltr'>diripiendum</span> <span class='ocrx_word' id='word_1_180' title='bbox 913 1686 1035 1723; x_wconf 88' lang='lat' dir='ltr'>militi</span> <span class='ocrx_word' id='word_1_181' title='bbox 1067 1686 1199 1734; x_wconf 86' lang='lat' dir='ltr'>dedit,</span> <span class='ocrx_word' id='word_1_182' title='bbox 1245 1687 1449 1725; x_wconf 83' lang='lat' dir='ltr'>exhaustis</span> <span class='ocrx_word' id='word_1_183' title='bbox 1481 1686 1669 1724; x_wconf 85' lang='lat' dir='ltr'>deinde2</span> 
     </span>
     <span class='ocr_line' id='line_1_23' title="bbox 182 1754 1630 1805; baseline -0.001 -12"><span class='ocrx_word' id='word_1_184' title='bbox 182 1755 302 1793; x_wconf 85' lang='lat' dir='ltr'>tect-is</span> <span class='ocrx_word' id='word_1_185' title='bbox 334 1755 466 1804; x_wconf 83' lang='lat' dir='ltr'>ignem</span> <span class='ocrx_word' id='word_1_186' title='bbox 505 1754 660 1801; x_wconf 87' lang='lat' dir='ltr'>iniecit,</span> <span class='ocrx_word' id='word_1_187' title='bbox 705 1754 922 1805; x_wconf 88' lang='lat' dir='ltr'>eodemque</span> <span class='ocrx_word' id='word_1_188' title='bbox 964 1755 1030 1792; x_wconf 82' lang='lat' dir='ltr'>die</span> <span class='ocrx_word' id='word_1_189' title='bbox 1061 1755 1292 1805; x_wconf 85' lang='lat' dir='ltr'>Aquilonia</span> <span class='ocrx_word' id='word_1_190' title='bbox 1330 1760 1369 1793; x_wconf 87' lang='lat' dir='ltr'>et</span> <span class='ocrx_word' id='word_1_191' title='bbox 1400 1755 1630 1793; x_wconf 89' lang='lat' dir='ltr'>Cominium</span> 
     </span>
     <span class='ocr_line' id='line_1_24' title="bbox 185 1823 1630 1874; baseline -0.001 -12"><span class='ocrx_word' id='word_1_192' title='bbox 185 1824 456 1874; x_wconf 82' lang='lat' dir='ltr'>deflagravere</span> <span class='ocrx_word' id='word_1_193' title='bbox 503 1828 542 1860; x_wconf 86' lang='lat' dir='ltr'>et</span> <span class='ocrx_word' id='word_1_194' title='bbox 574 1823 755 1860; x_wconf 89' lang='lat' dir='ltr'>consules</span> <span class='ocrx_word' id='word_1_195' title='bbox 801 1837 890 1861; x_wconf 92' lang='lat' dir='ltr'>cum</span> <span class='ocrx_word' id='word_1_196' title='bbox 936 1824 1211 1873; x_wconf 82' lang='lat' dir='ltr'>gratulatione</span> <span class='ocrx_word' id='word_1_197' title='bbox 1251 1829 1388 1861; x_wconf 83' lang='lat' dir='ltr'>mut-ua</span> <span class='ocrx_word' id='word_1_198' title='bbox 1425 1824 1630 1873; x_wconf 88' lang='lat' dir='ltr'>legionum</span> 
     </span>
     <span class='ocr_line' id='line_1_25' title="bbox 185 1891 1668 1942; baseline -0.001 -12"><span class='ocrx_word' id='word_1_199' title='bbox 185 1905 334 1942; x_wconf 86' lang='lat' dir='ltr'>suaque</span> <span class='ocrx_word' id='word_1_200' title='bbox 367 1895 496 1929; x_wconf 84' lang='lat' dir='ltr'>castra</span> <span class='ocrx_word' id='word_1_201' title='bbox 526 1892 779 1930; x_wconf 85' lang='lat' dir='ltr'>coniunxere.</span> <span class='ocrx_word' id='word_1_202' title='bbox 838 1892 888 1929; x_wconf 81' lang='lat' dir='ltr'>In</span> <span class='ocrx_word' id='word_1_203' title='bbox 927 1896 1144 1942; x_wconf 88' lang='lat' dir='ltr'>conspectu</span> <span class='ocrx_word' id='word_1_204' title='bbox 1175 1892 1346 1930; x_wconf 91' lang='lat' dir='ltr'>duorum</span> <span class='ocrx_word' id='word_1_205' title='bbox 1377 1893 1626 1930; x_wconf 82' lang='lat' dir='ltr'>exercituum</span> <span class='ocrx_word' id='word_1_206' title='bbox 1644 1891 1668 1929; x_wconf 89' lang='lat'><strong>3</strong></span> 
     </span>
     <span class='ocr_line' id='line_1_26' title="bbox 184 1959 1629 2011; baseline -0.001 -12"><span class='ocrx_word' id='word_1_207' title='bbox 184 1966 221 1999; x_wconf 80' lang='lat' dir='ltr'>et</span> <span class='ocrx_word' id='word_1_208' title='bbox 254 1959 456 1998; x_wconf 85' lang='lat' dir='ltr'>Carvilius</span> <span class='ocrx_word' id='word_1_209' title='bbox 488 1973 579 1997; x_wconf 91' lang='lat' dir='ltr'>suos</span> <span class='ocrx_word' id='word_1_210' title='bbox 615 1974 690 2010; x_wconf 88' lang='lat' dir='ltr'>pro</span> <span class='ocrx_word' id='word_1_211' title='bbox 731 1960 924 2010; x_wconf 90' lang='lat' dir='ltr'>cuiusque</span> <span class='ocrx_word' id='word_1_212' title='bbox 966 1961 1109 1998; x_wconf 88' lang='lat' dir='ltr'>merito</span> <span class='ocrx_word' id='word_1_213' title='bbox 1148 1961 1332 1999; x_wconf 76' lang='lat' dir='ltr'>laudavit</span> <span class='ocrx_word' id='word_1_214' title='bbox 1370 1961 1629 2011; x_wconf 86' lang='lat' dir='ltr'>donavitque,</span> 
     </span>
     <span class='ocr_line' id='line_1_27' title="bbox 184 2027 1629 2079; baseline 0 -12"><span class='ocrx_word' id='word_1_215' title='bbox 184 2035 223 2067; x_wconf 88' lang='lat' dir='ltr'>et</span> <span class='ocrx_word' id='word_1_216' title='bbox 254 2028 460 2079; x_wconf 69' lang='lat' dir='ltr'>Papirius,</span> <span class='ocrx_word' id='word_1_217' title='bbox 491 2027 600 2077; x_wconf 88' lang='lat' dir='ltr'>apud</span> <span class='ocrx_word' id='word_1_218' title='bbox 631 2041 748 2077; x_wconf 88' lang='lat' dir='ltr'>quem</span> <span class='ocrx_word' id='word_1_219' title='bbox 780 2028 992 2078; x_wconf 86' lang='lat' dir='ltr'>multiplex</span> <span class='ocrx_word' id='word_1_220' title='bbox 1025 2028 1065 2065; x_wconf 90' lang='lat' dir='ltr'>in</span> <span class='ocrx_word' id='word_1_221' title='bbox 1097 2028 1194 2074; x_wconf 80' lang='lat' dir='ltr'>acie,</span> <span class='ocrx_word' id='word_1_222' title='bbox 1226 2029 1332 2067; x_wconf 84' lang='lat' dir='ltr'>circa</span> <span class='ocrx_word' id='word_1_223' title='bbox 1349 2034 1490 2077; x_wconf 86' lang='lat' dir='ltr'>castra,</span> <span class='ocrx_word' id='word_1_224' title='bbox 1521 2030 1629 2067; x_wconf 83' lang='lat' dir='ltr'>circa</span> 
     </span>
     <span class='ocr_line' id='line_1_28' title="bbox 183 2095 1628 2148; baseline 0 -12"><span class='ocrx_word' id='word_1_225' title='bbox 183 2098 325 2136; x_wconf 86' lang='lat' dir='ltr'>urbem</span> <span class='ocrx_word' id='word_1_226' title='bbox 357 2098 487 2134; x_wconf 84' lang='lat' dir='ltr'>fuerat</span> <span class='ocrx_word' id='word_1_227' title='bbox 519 2101 740 2142; x_wconf 76' lang='lat' dir='ltr'>certamen,</span> <span class='ocrx_word' id='word_1_228' title='bbox 775 2095 842 2147; x_wconf 87' lang='lat' dir='ltr'>Sp.</span> <span class='ocrx_word' id='word_1_229' title='bbox 873 2096 1088 2143; x_wconf 85' lang='lat' dir='ltr'>Nautium,</span> <span class='ocrx_word' id='word_1_230' title='bbox 1119 2095 1188 2147; x_wconf 88' lang='lat' dir='ltr'>Sp.</span> <span class='ocrx_word' id='word_1_231' title='bbox 1219 2097 1448 2148; x_wconf 85' lang='lat' dir='ltr'>Papirium,</span> <span class='ocrx_word' id='word_1_232' title='bbox 1488 2099 1628 2136; x_wconf 85' lang='lat' dir='ltr'>fratris</span> 
     </span>
     <span class='ocr_line' id='line_1_29' title="bbox 182 2164 1627 2217; baseline 0 -13"><span class='ocrx_word' id='word_1_233' title='bbox 182 2167 325 2213; x_wconf 88' lang='lat' dir='ltr'>filium,</span> <span class='ocrx_word' id='word_1_234' title='bbox 358 2170 398 2202; x_wconf 90' lang='lat' dir='ltr'>et</span> <span class='ocrx_word' id='word_1_235' title='bbox 428 2169 620 2214; x_wconf 87' lang='lat' dir='ltr'>quattuor</span> <span class='ocrx_word' id='word_1_236' title='bbox 652 2165 904 2202; x_wconf 88' lang='lat' dir='ltr'>centuriones</span> <span class='ocrx_word' id='word_1_237' title='bbox 936 2164 1264 2217; x_wconf 82' lang='lat' dir='ltr'>manipulumque</span> <span class='ocrx_word' id='word_1_238' title='bbox 1287 2168 1537 2205; x_wconf 83' lang='lat' dir='ltr'>hastatorum</span> <span class='ocrx_word' id='word_1_239' title='bbox 1567 2180 1627 2205; x_wconf 89' lang='lat' dir='ltr'>ar-</span> 
     </span>
     <span class='ocr_line' id='line_1_30' title="bbox 183 2232 1670 2286; baseline -0.001 -13"><span class='ocrx_word' id='word_1_240' title='bbox 183 2235 307 2273; x_wconf 87' lang='lat' dir='ltr'>millis</span> <span class='ocrx_word' id='word_1_241' title='bbox 339 2233 547 2283; x_wconf 85' lang='lat' dir='ltr'>aureisque</span> <span class='ocrx_word' id='word_1_242' title='bbox 579 2233 736 2270; x_wconf 85' lang='lat' dir='ltr'>coronis</span> <span class='ocrx_word' id='word_1_243' title='bbox 768 2233 953 2279; x_wconf 83' lang='lat' dir='ltr'>donavit,</span> <span class='ocrx_word' id='word_1_244' title='bbox 984 2232 1178 2271; x_wconf 83' lang='lat' dir='ltr'>Nautium</span> <span class='ocrx_word' id='word_1_245' title='bbox 1208 2240 1374 2286; x_wconf 87' lang='lat' dir='ltr'>propter</span> <span class='ocrx_word' id='word_1_246' title='bbox 1405 2235 1626 2286; x_wconf 84' lang='lat' dir='ltr'>expeditio·</span> <span class='ocrx_word' id='word_1_247' title='bbox 1644 2235 1670 2272; x_wconf 88' lang='lat'>4</span> 
     </span>
     <span class='ocr_line' id='line_1_31' title="bbox 183 2301 1627 2353; baseline -0.001 -11"><span class='ocrx_word' id='word_1_248' title='bbox 183 2317 284 2351; x_wconf 90' lang='lat' dir='ltr'>nem,</span> <span class='ocrx_word' id='word_1_249' title='bbox 315 2315 393 2353; x_wconf 86' lang='lat' dir='ltr'>qua</span> <span class='ocrx_word' id='word_1_250' title='bbox 425 2301 563 2351; x_wconf 88' lang='lat' dir='ltr'>magni</span> <span class='ocrx_word' id='word_1_251' title='bbox 595 2301 767 2350; x_wconf 85' lang='lat' dir='ltr'>agminis</span> <span class='ocrx_word' id='word_1_252' title='bbox 798 2301 915 2340; x_wconf 91' lang='lat' dir='ltr'>modo</span> <span class='ocrx_word' id='word_1_253' title='bbox 946 2306 1146 2340; x_wconf 87' lang='lat' dir='ltr'>terruerat</span> <span class='ocrx_word' id='word_1_254' title='bbox 1174 2303 1320 2351; x_wconf 87' lang='lat' dir='ltr'>hostes,</span> <span class='ocrx_word' id='word_1_255' title='bbox 1350 2304 1532 2341; x_wconf 86' lang='lat' dir='ltr'>iuvenem</span> <span class='ocrx_word' id='word_1_256' title='bbox 1549 2303 1627 2341; x_wconf 80' lang='lat' dir='ltr'>Pa-</span> 
     </span>
     <span class='ocr_line' id='line_1_32' title="bbox 184 2371 1628 2424; baseline -0.001 -14"><span class='ocrx_word' id='word_1_257' title='bbox 184 2372 336 2424; x_wconf 87' lang='lat' dir='ltr'>pirium</span> <span class='ocrx_word' id='word_1_258' title='bbox 366 2374 532 2421; x_wconf 89' lang='lat' dir='ltr'>propter</span> <span class='ocrx_word' id='word_1_259' title='bbox 563 2375 749 2408; x_wconf 83' lang='lat' dir='ltr'>navatam</span> <span class='ocrx_word' id='word_1_260' title='bbox 784 2383 872 2407; x_wconf 84' lang='lat' dir='ltr'>cum</span> <span class='ocrx_word' id='word_1_261' title='bbox 911 2371 1093 2421; x_wconf 84' lang='lat' dir='ltr'>equitatu</span> <span class='ocrx_word' id='word_1_262' title='bbox 1130 2375 1169 2409; x_wconf 90' lang='lat' dir='ltr'>et</span> <span class='ocrx_word' id='word_1_263' title='bbox 1210 2372 1251 2409; x_wconf 92' lang='lat' dir='ltr'>in</span> <span class='ocrx_word' id='word_1_264' title='bbox 1288 2371 1433 2422; x_wconf 88' lang='lat' dir='ltr'>proelio</span> <span class='ocrx_word' id='word_1_265' title='bbox 1465 2385 1628 2422; x_wconf 85' lang='lat' dir='ltr'>operam</span> 
     </span>
     <span class='ocr_line' id='line_1_33' title="bbox 185 2438 1627 2490; baseline 0 -12"><span class='ocrx_word' id='word_1_266' title='bbox 185 2448 224 2478; x_wconf 83' lang='lat' dir='ltr'>et</span> <span class='ocrx_word' id='word_1_267' title='bbox 255 2444 382 2486; x_wconf 82' lang='lat' dir='ltr'>nocte,</span> <span class='ocrx_word' id='word_1_268' title='bbox 414 2452 493 2488; x_wconf 92' lang='lat' dir='ltr'>qua</span> <span class='ocrx_word' id='word_1_269' title='bbox 523 2439 658 2488; x_wconf 85' lang='lat' dir='ltr'>fugam</span> <span class='ocrx_word' id='word_1_270' title='bbox 691 2439 877 2477; x_wconf 84' lang='lat' dir='ltr'>infestam</span> <span class='ocrx_word' id='word_1_271' title='bbox 904 2438 1157 2477; x_wconf 87' lang='lat' dir='ltr'>Samnitibus</span> <span class='ocrx_word' id='word_1_272' title='bbox 1188 2440 1237 2477; x_wconf 88' lang='lat' dir='ltr'>ab</span> <span class='ocrx_word' id='word_1_273' title='bbox 1263 2440 1493 2490; x_wconf 83' lang='lat' dir='ltr'>Aquilonia</span> <span class='ocrx_word' id='word_1_274' title='bbox 1524 2440 1627 2478; x_wconf 81' lang='lat' dir='ltr'>clam</span> 
     </span>
     <span class='ocr_line' id='line_1_34' title="bbox 184 2507 1667 2559; baseline -0.001 -12"><span class='ocrx_word' id='word_1_275' title='bbox 184 2508 353 2559; x_wconf 81' lang='lat' dir='ltr'>egressis</span> <span class='ocrx_word' id='word_1_276' title='bbox 382 2507 489 2553; x_wconf 81' lang='lat' dir='ltr'>fecit,</span> <span class='ocrx_word' id='word_1_277' title='bbox 520 2507 773 2545; x_wconf 86' lang='lat' dir='ltr'>centuriones</span> <span class='ocrx_word' id='word_1_278' title='bbox 808 2507 1048 2557; x_wconf 86' lang='lat' dir='ltr'>militesque,</span> <span class='ocrx_word' id='word_1_279' title='bbox 1080 2508 1176 2558; x_wconf 81' lang='lat' dir='ltr'>quia</span> <span class='ocrx_word' id='word_1_280' title='bbox 1202 2508 1322 2558; x_wconf 87' lang='lat' dir='ltr'>primi</span> <span class='ocrx_word' id='word_1_281' title='bbox 1352 2514 1510 2558; x_wconf 85' lang='lat' dir='ltr'>portam</span> <span class='ocrx_word' id='word_1_282' title='bbox 1542 2521 1624 2545; x_wconf 90' lang='lat' dir='ltr'>mu·</span> <span class='ocrx_word' id='word_1_283' title='bbox 1643 2507 1667 2545; x_wconf 88' lang='grc'><strong>5</strong></span> 
     </span>
     <span class='ocr_line' id='line_1_35' title="bbox 183 2575 1627 2628; baseline -0.002 -12"><span class='ocrx_word' id='word_1_284' title='bbox 183 2590 350 2628; x_wconf 88' lang='lat' dir='ltr'>rumque</span> <span class='ocrx_word' id='word_1_285' title='bbox 368 2575 603 2625; x_wconf 86' lang='lat' dir='ltr'>Aquiloniae</span> <span class='ocrx_word' id='word_1_286' title='bbox 635 2580 840 2625; x_wconf 78' lang='lat' dir='ltr'>ceperant3</span> <span class='ocrx_word' id='word_1_287' title='bbox 873 2575 1028 2625; x_wconf 86' lang='lat' dir='ltr'>equites</span> <span class='ocrx_word' id='word_1_288' title='bbox 1046 2589 1180 2614; x_wconf 88' lang='lat' dir='ltr'>omnes</span> <span class='ocrx_word' id='word_1_289' title='bbox 1206 2575 1256 2614; x_wconf 91' lang='lat' dir='ltr'>ob</span> <span class='ocrx_word' id='word_1_290' title='bbox 1276 2576 1471 2626; x_wconf 86' lang='lat' dir='ltr'>insignem</span> <span class='ocrx_word' id='word_1_291' title='bbox 1489 2577 1627 2614; x_wconf 86' lang='lat' dir='ltr'>multis</span> 
     </span>
     <span class='ocr_line' id='line_1_36' title="bbox 184 2643 1666 2696; baseline -0.001 -13"><span class='ocrx_word' id='word_1_292' title='bbox 184 2647 280 2685; x_wconf 84' lang='lat' dir='ltr'>locis</span> <span class='ocrx_word' id='word_1_293' title='bbox 319 2657 480 2696; x_wconf 77' lang='lat' dir='ltr'>operam</span> <span class='ocrx_word' id='word_1_294' title='bbox 522 2643 742 2681; x_wconf 84' lang='lat' dir='ltr'>corniculis</span> <span class='ocrx_word' id='word_1_295' title='bbox 780 2644 1028 2694; x_wconf 83' lang='lat' dir='ltr'>armillisque</span> <span class='ocrx_word' id='word_1_296' title='bbox 1068 2644 1271 2692; x_wconf 83' lang='lat' dir='ltr'>argenteis</span> <span class='ocrx_word' id='word_1_297' title='bbox 1312 2644 1447 2682; x_wconf 77' lang='lat' dir='ltr'>donat.</span> <span class='ocrx_word' id='word_1_298' title='bbox 1523 2644 1666 2683; x_wconf 78' lang='lat' dir='ltr'>Con-6</span> 
     </span>
    </p>
   </div>
  </div>
 </body>
</html>
