1821 2928
299 101 381 138 220
677 96 793 131 Liber
817 95 886 131 IV.
935 96 997 140 (A.
1023 107 1058 131 u.
1084 106 1114 130 c.
1139 97 1348 140 322—323.)

297 225 423 276 plebi;
463 223 560 261 adeo
603 236 643 261 se
682 224 763 262 suis
802 223 922 261 etiam
954 223 1113 261 sordere
1145 237 1217 262 nec
1248 238 1271 262 a
1302 223 1420 274 plebe
1451 224 1580 262 minus
1611 238 1728 275 quam

235 297 280 333 12
300 311 321 335 a
351 296 535 347 patribus
568 296 777 334 contemni.
823 295 913 333 Alii
945 309 1117 345 purgare
1148 295 1318 346 plebem,
1348 296 1504 346 culpam
1530 297 1571 334 in
1595 299 1731 347 patres

298 376 467 407 vertere:
500 381 636 405 eorum
667 367 882 405 ambitione
915 368 1146 418 artibusque
1176 368 1276 412 fieri,
1307 371 1352 406 ut
1375 368 1594 419 obsaeptum
1620 368 1731 419 plebi

299 442 350 478 sit
381 440 430 478 ad
461 441 653 478 honorem
683 440 778 487 iter3
811 440 843 478 si
874 440 985 490 plebi
1015 440 1214 490 respirare
1245 441 1295 478 ab
1327 454 1462 479 eorum
1489 440 1625 478 mixtis
1642 453 1730 490 pre—

298 513 408 551 cibus
447 512 647 563 minisque
685 512 818 559 liceat,
857 524 1068 549 memorem
1107 525 1192 550 eam
1233 525 1391 550 suorum
1430 512 1619 549 inituram
1651 511 1728 549 suf-

298 585 428 634 fragia
469 598 551 623 esse
592 588 642 631 et,
688 587 804 635 parto
836 584 997 630 auxilio,
1044 584 1255 634 imperium
1288 598 1446 635 quoque
1477 584 1732 622 adscituram.

235 656 282 693 13
301 657 451 704 Placet,
481 657 670 695 tollendae
701 656 929 694 ambitionis
961 669 1079 694 causa
1108 657 1292 694 tribunos
1315 657 1441 705 legem
1464 656 1732 707 promulgare,

298 743 347 767 ne
379 729 443 766 cui
475 728 610 767 album
641 729 682 766 in
712 729 992 767 vestimentum
1023 728 1171 766 addere
1201 728 1410 779 petitionis
1437 741 1554 766 causa
1580 727 1731 766 liceret.

299 801 432 839 Parva
462 814 566 839 nunc
597 814 660 839 res
692 805 732 839 et
760 801 828 839 vix
860 800 963 839 serio
995 800 1151 849 agenda
1181 800 1310 839 videri
1339 801 1477 851 possit,
1519 813 1606 850 quae
1635 802 1731 837 tunc

236 874 455 923 l4ingenti
486 873 700 911 certamine
732 877 865 923 patres
905 885 950 910 ac
981 872 1138 923 plebem
1169 872 1360 911 accendit.
1421 872 1568 910 Vicere
1597 874 1731 909 tamen

297 946 463 993 tribuni,
507 949 553 983 ut
583 946 709 994 legem
741 946 981 995 perferrent3
1029 946 1338 995 apparebatque,
1379 943 1547 982 irritatis
1587 942 1732 981 animis

298 1017 456 1068 plebem
498 1017 549 1054 ad
580 1031 669 1055 suos
700 1017 834 1055 studia
864 1017 1159 1056 inclinaturam.
1221 1017 1319 1064 Quae
1350 1030 1399 1054 ne
1430 1015 1561 1054 libera
1591 1018 1735 1061 essent,

299 1094 457 1127 senatus
505 1090 726 1127 consultum
772 1090 921 1127 factum
968 1092 1040 1136 est,
1083 1092 1128 1127 ut
1167 1089 1393 1127 consularia
1424 1087 1585 1126 comitia
1613 1086 1732 1125 habe-

299 1165 447 1200 rentur.

167 1230 221 1277 26
414 1232 626 1270 Tumultus
657 1246 776 1270 causa
805 1233 891 1279 fuit,
930 1246 1045 1283 quem
1077 1233 1128 1270 ab
1159 1233 1303 1283 AEquis
1336 1236 1375 1270 et
1406 1231 1564 1270 Volscis
1593 1230 1730 1269 Latini

94 1304 279 1376 {ug-{3
299 1309 418 1355 atque
457 1304 626 1342 Hernici
671 1305 914 1342 nuntiarant.
986 1304 1030 1342 T.
1063 1304 1274 1352 Quinctius
1315 1304 1361 1342 L.
1392 1303 1437 1342 F.
1471 1303 1735 1341 Cincinnatus

125 1369 130 1375 ¹
197 1369 201 1374 ¹
273 1368 448 1424 ‘(eidem
494 1380 533 1414 et
577 1376 717 1415 Penno
764 1390 982 1426 cognomen
1027 1377 1205 1427 additur)
1252 1380 1290 1414 et
1332 1375 1402 1414 Cn.
1433 1375 1564 1413 Iulius
1594 1374 1732 1412 Mento

262 1448 483 1486 3consules
521 1448 633 1495 facti;
673 1462 744 1487 nec
785 1449 892 1487 ultra
931 1453 1062 1487 terror
1092 1450 1190 1487 belli
1223 1452 1282 1487 est
1312 1449 1470 1486 dilatus.
1530 1446 1641 1497 Lege
1672 1459 1732 1484 sa-

301 1526 420 1566 crata,
467 1533 555 1570 quae
594 1521 770 1558 maxima
801 1521 906 1571 apud
938 1535 1003 1559 eos
1034 1522 1097 1559 vis
1129 1520 1315 1571 cogendae
1347 1520 1501 1558 militiae
1532 1521 1630 1565 erat,
1675 1518 1733 1555 di-

301 1592 406 1629 lectu
444 1592 595 1638 habito,
632 1593 818 1642 utrinque
858 1593 983 1631 validi
1024 1593 1223 1631 exercitus
1261 1592 1431 1642 profecti
1462 1591 1504 1628 in
1536 1589 1731 1639 Algidum

262 1666 531 1710 4convenere,
562 1663 699 1713 ibique
730 1677 905 1701 seorsum
925 1664 1061 1714 AEqui,
1092 1677 1268 1702 seorsum
1299 1663 1439 1702 Volsci
1470 1666 1599 1700 castra
1627 1674 1730 1699 com-

300 1735 517 1782 munivere,
549 1734 819 1785 intentiorque
852 1748 969 1785 quam
1000 1749 1175 1785 unquam
1202 1739 1293 1773 ante
1319 1734 1525 1773 muniendi
1548 1746 1732 1772 exercen-

302 1808 422 1857 dique
466 1807 632 1845 militem
678 1821 772 1845 cura
819 1807 986 1845 ducibus
1031 1811 1126 1846 erat.
1186 1807 1246 1845 Eo
1284 1807 1375 1858 plus
1406 1805 1537 1844 nuntii
1565 1805 1734 1843 terroris

262 1879 471 1917 5Romam
503 1880 684 1917 attulere.
747 1878 911 1917 Senatui
945 1879 1180 1918 dictatorem
1211 1879 1293 1917 dici
1324 1878 1489 1929 placuit,
1532 1877 1627 1928 quia
1658 1877 1733 1915 etsi

300 1964 404 2001 saepe
442 1951 539 1989 victi
578 1951 719 2001 populi
760 1952 906 1989 maiore
937 1954 1070 1990 tamen
1102 1954 1247 1990 conatu
1277 1964 1395 2001 quam
1426 1950 1526 1988 alias
1556 1962 1731 1999 unquam

301 2023 564 2069 rebellarant3
597 2027 635 2060 et
666 2023 914 2073 aliquantum
931 2024 1119 2061 Romanae
1151 2023 1368 2062 iuventutis
1391 2022 1529 2060 morbo
1547 2020 1731 2071 absump-

263 2098 386 2132 o‘tum
418 2099 514 2132 erat.
572 2095 681 2131 Ante
713 2095 844 2132 omnia
875 2096 1051 2145 pravitas
1083 2095 1285 2133 consulum
1318 2093 1598 2144 discordiaque
1627 2093 1732 2130 inter

302 2167 408 2216 ipsos
441 2170 479 2204 et
510 2166 727 2204 certamina
756 2166 798 2204 in
830 2167 1008 2205 consiliis
1039 2167 1224 2205 omnibus
1249 2166 1468 2205 terrebant.
1517 2164 1630 2213 Sunt,
1660 2164 1730 2214 qui

302 2238 401 2275 male
446 2241 668 2288 pugnatum
714 2238 763 2275 ab
807 2238 868 2276 his
900 2238 1129 2276 consulibus
1171 2239 1213 2276 in
1243 2238 1397 2288 Algido
1428 2240 1610 2276 auctores
1639 2236 1731 2282 sint,

264 2312 284 2347 7
306 2322 469 2359 eamque
501 2322 659 2347 causam
691 2308 898 2347 dictatoris
930 2310 1092 2348 creandi
1122 2311 1252 2348 fuisse.
1297 2310 1407 2348 Illud
1437 2309 1533 2348 satis
1563 2310 1732 2355 constat,

303 2382 352 2419 ad
391 2382 470 2420 alia
511 2380 714 2419 discordes
755 2381 797 2417 in
839 2394 917 2418 uno
950 2381 1141 2419 adversus
1171 2386 1331 2432 patrum
1361 2381 1607 2419 voluntatem
1639 2392 1729 2418 con-

303 2454 484 2501 sensisse,
524 2467 572 2490 ne
604 2452 781 2490 dicerent
812 2452 1059 2500 dictatorem,
1098 2453 1234 2501 donec,
1266 2466 1387 2503 quum
1418 2452 1497 2490 alia
1526 2451 1618 2489 aliis
1648 2453 1729 2488 ter-

302 2525 487 2562 ribiliora
525 2524 760 2562 afferrentur
798 2537 870 2561 nec
909 2524 949 2561 in
991 2526 1228 2562 auctoritate
1269 2514 1429 2562 senatus
1461 2522 1640 2560 consules
1672 2535 1730 2560 es-

302 2600 399 2643 sent,
445 2597 492 2644 Q.
525 2595 718 2634 Servilius
749 2595 925 2642 Priscus,
971 2596 1131 2633 summis
1169 2594 1385 2632 honoribus
1424 2594 1584 2644 egregie
1624 2606 1731 2641 usus,

262 2669 286 2704 8
308 2667 441 2714 „Vos-⁴
476 2669 620 2719 inquit,
663 2667 838 2714 „tribuni
878 2665 1021 2717 plebis,
1061 2666 1246 2716 quoniam
1278 2666 1329 2703 ad
1360 2669 1537 2703 extrema
1566 2668 1729 2704 ventum
