1821 2928
293 135 373 171 188
669 131 784 166 Liber
807 131 882 166 111.
931 133 992 177 (A.
1019 145 1053 167 u.
1082 145 1111 169 c.
1136 135 1344 179 307—308.)

292 260 372 297 otio
391 260 488 298 foris
506 272 662 309 quoque
681 260 813 296 omnia
828 261 1048 310 tranquilla
1062 274 1145 298 esse
1156 260 1409 307 affirmantes,
1422 274 1494 311 per
1503 261 1726 302 discordias

254 333 275 368 7
295 332 429 369 civiles
471 334 655 368 externos
693 331 835 369 tollere
874 332 1036 370 animos.
1099 332 1203 369 Cura
1233 333 1343 382 pacis
1375 334 1595 372 concordiae
1626 348 1723 385 quo-

292 417 367 453 que
400 404 598 440 intestinae
631 416 748 440 causa
777 403 863 441 fuit.
911 402 989 441 Sed
1021 404 1122 441 alter
1153 417 1308 453 semper
1340 404 1436 442 ordo
1469 406 1602 455 gravis
1626 406 1722 444 alte-

292 476 375 512 rius
421 474 625 513 modestiae
672 478 774 522 erat3
821 476 1042 525 quiescenti
1087 476 1198 526 plebi
1231 476 1280 513 ab
1313 476 1534 515 iunioribus
1564 481 1724 527 patrum

250 547 275 583 8
296 547 449 584 iniuriae
480 546 566 584 fieri
596 550 745 596 coeptae.
794 547 879 585 Ubi
909 547 1063 585 tribuni
1095 547 1246 585 auxilio
1273 548 1556 586 humilioribus
1583 552 1723 597 essent,

292 620 330 655 in
370 619 510 668 primis
547 631 687 668 parum
727 619 933 668 proderat3
976 619 1118 656 deinde
1160 633 1207 656 ne
1241 619 1317 669 ipsi
1349 619 1508 669 quidem
1540 620 1726 658 inviolati

291 694 416 737 erant,
460 690 599 740 utique
630 691 838 740 postremis
870 691 1080 737 mensibus,
1112 704 1231 740 quum
1264 696 1302 728 et
1332 705 1403 741 per
1434 693 1624 730 coitiones
1653 705 1723 743 po-

290 763 504 800 tentiorum
552 762 702 799 iniuria
746 762 857 799 fieret
903 766 942 800 et
985 763 1045 799 vis
1091 763 1300 812 potestatis
1348 763 1475 800 omnis
1517 764 1723 813 aliquanto

251 835 274 869 9
293 834 511 883 posteriore
536 834 628 871 anni
652 839 765 883 parte
790 835 1018 883 languidior
1042 836 1164 872 ferme
1194 838 1307 872 esset.
1356 835 1520 885 Iamque
1537 835 1652 886 plebs
1668 835 1726 873 ita

292 907 332 943 in
370 906 579 943 tribunatu
616 919 764 956 ponere
803 906 956 956 aliquid
996 907 1090 956 spei,
1136 906 1170 942 si
1214 906 1361 944 similes
1392 907 1510 944 Icilio
1541 906 1724 944 tribunos

226 977 275 1014 10
294 978 474 1015 haberet:
508 979 668 1015 nomina
698 982 854 1015 tantum
885 991 925 1014 se
955 977 1120 1015 biennio
1138 977 1336 1015 habuisse.
1384 977 1570 1016 Seniores
1587 981 1726 1015 contra

289 1053 447 1098 patrum
479 1054 522 1087 ut
554 1050 670 1087 nimis
701 1050 849 1087 feroces
880 1063 970 1087 suos
1003 1049 1166 1087 credere
1198 1050 1360 1087 iuvenes
1386 1062 1482 1097 esse,
1512 1050 1569 1087 ita
1594 1049 1725 1096 malle,

291 1121 325 1158 si
365 1121 504 1159 modus
543 1121 794 1159 excedendus
835 1125 947 1168 esset,
987 1121 1068 1158 suis
1101 1135 1219 1171 quam
1251 1121 1491 1159 adversariis
1521 1133 1726 1171 superesse

225 1193 270 1230 11
292 1194 455 1230 animos.
501 1193 617 1230 Adeo
649 1193 868 1231 moderatio
900 1193 1057 1230 tuendae
1090 1193 1300 1240 libertatis,
1334 1193 1425 1230 dum
1451 1193 1603 1242 aequari
1621 1192 1724 1231 velle

292 1265 516 1302 simulando
549 1265 605 1302 ita
636 1278 676 1302 se
708 1265 875 1314 quisque
907 1265 1072 1311 extollit,
1103 1269 1147 1302 ut
1179 1265 1379 1315 deprimat
1409 1265 1543 1311 alium,
1576 1265 1617 1301 in
1650 1263 1722 1301 dif-

292 1337 388 1374 ficili
428 1341 497 1383 est,
539 1336 805 1386 cavendoque,
846 1349 895 1373 ne
926 1339 1116 1383 metuant,
1146 1337 1324 1374 homines
1355 1335 1586 1374 metuendos
1617 1335 1724 1372 ultro

292 1423 331 1446 se
363 1408 551 1455 efficiunt,
585 1411 624 1445 et
648 1408 838 1445 iniuriam
866 1409 916 1445 ab
933 1408 1046 1446 nobis
1062 1408 1273 1458 repulsam,
1303 1411 1494 1458 tanquam
1511 1410 1579 1445 aut
1594 1407 1724 1444 facere

292 1484 360 1518 aut
390 1481 474 1530 pati
505 1493 663 1518 necesse
694 1480 756 1526 sit,
788 1479 1034 1529 iniungimus
1066 1479 1169 1517 aliis.

166 1550 221 1597 66
408 1552 452 1589 T.
485 1552 697 1599 Quinctius
736 1551 987 1601 Capitolinus
1032 1555 1217 1601 quartum
1264 1554 1303 1588 et
1347 1551 1535 1601 Agrippa
1574 1549 1724 1587 Furius

84 1611 150 1635 A.u
173 1618 196 1636 c.
215 1611 272 1636 308.

84 1650 120 1674 A.
141 1649 193 1674 Ch.
214 1651 271 1674 446.
294 1637 414 1661 CODSU

251 1697 547 1746 2acceperunt3
594 1695 662 1732 sed
709 1694 943 1731 imminebat
987 1696 1210 1742 utrumque.
1270 1692 1356 1730 Iam
1395 1706 1475 1730 non
1505 1693 1612 1730 ultra
1644 1692 1722 1729 dis-

416 1624 472 1661 les
518 1623 610 1660 inde
655 1624 750 1660 facti
797 1636 868 1660 nec
913 1623 1149 1660 seditionem
1189 1622 1297 1659 domi
1337 1635 1410 1659 nec
1447 1621 1543 1659 foris
1573 1621 1724 1659 bellum

290 1768 429 1805 cordia
459 1768 603 1805 civium
633 1766 797 1816 reprimi
827 1769 994 1816 poterat,
1041 1768 1080 1802 et
1116 1764 1291 1806 tribunis
1331 1767 1370 1801 et
1409 1765 1526 1814 plebe
1557 1764 1722 1801 incitata

290 1841 329 1876 in
361 1842 507 1889 patres,
539 1851 658 1888 quum
691 1838 776 1875 dies
808 1838 927 1874 alicui
957 1837 1151 1874 nobilium
1183 1836 1290 1874 dicta
1320 1836 1434 1873 novis
1460 1849 1614 1886 semper
1641 1848 1723 1872 cer-

249 1910 504 1949 3taminibus
536 1910 740 1947 contiones
771 1909 964 1946 turbaret.
1012 1908 1079 1945 Ad
1113 1920 1278 1958 quarum
1305 1907 1476 1957 primum
1501 1907 1722 1957 strepitum,

288 1983 398 2020 velut
443 1983 556 2031 signo
603 1985 776 2031 accepto,
822 1994 931 2018 arma
978 1993 1117 2030 cepere
1158 1978 1282 2029 AEqui
1330 1991 1374 2016 ac
1407 1977 1557 2026 Volsci,
1601 1978 1723 2016 simul

289 2054 394 2104 quod
426 2056 707 2104 persuaserant
738 2053 785 2090 iis
818 2053 947 2099 duces,
987 2051 1123 2102 cupidi
1160 2050 1396 2100 praedarum,
1435 2049 1598 2087 biennio
1630 2052 1722 2087 ante

290 2126 479 2163 dilectum
519 2125 714 2162 indictum
754 2125 893 2163 haberi
931 2138 1009 2162 non
1041 2124 1230 2173 potuisse,
1268 2122 1466 2159 abnuente
1497 2121 1574 2158 iam
1605 2120 1721 2170 plebe

246 2197 522 2247 4imperium:
571 2210 614 2234 eo
654 2196 844 2234 adversus
882 2209 923 2232 se
964 2208 1042 2233 non
1074 2207 1157 2232 esse
1189 2194 1328 2231 missos
1360 2191 1566 2230 exercitus.
1627 2190 1720 2228 Dis-

290 2269 390 2306 solvi
421 2268 582 2305 licentia
612 2267 814 2304 militandi
846 2280 1005 2313 morem,
1044 2279 1116 2303 nec
1146 2279 1218 2316 pro
1250 2263 1450 2302 communi
1481 2263 1560 2301 iam
1591 2262 1722 2312 patria

289 2341 457 2378 Romam
489 2352 582 2376 esse.
643 2338 846 2388 Quicquid
877 2338 1026 2375 irarum
1057 2337 1399 2385 simultatiumque
1430 2347 1517 2371 cum
1549 2333 1722 2371 externis

289 2412 420 2458 fuerit,
467 2411 507 2448 in
553 2411 660 2460 ipsos
705 2410 819 2446 verti.
880 2408 1107 2446 Occaecatos
1146 2409 1261 2458 lupos
1293 2406 1482 2444 intestina
1511 2405 1623 2443 rabie
1653 2417 1720 2453 op-

248 2483 491 2534 5primendi
537 2481 780 2520 occasionem
827 2492 921 2516 esse.
985 2478 1217 2516 Coniunctis
1260 2477 1500 2516 exercitibus
1530 2475 1720 2513 Latinum

288 2555 462 2605 primum
493 2566 631 2603 agrum
661 2550 917 2602 perpopulati
948 2553 1057 2596 sunt;
1099 2549 1244 2586 deinde
1273 2552 1484 2598 postquam
1515 2546 1575 2583 ibi
1605 2558 1719 2582 nemo

288 2626 437 2663 vindex
460 2613 705 2668 occurrebat,
727 2626 812 2660 tum
837 2634 944 2667 vero,
967 2620 1260 2657 exsultantibus
1282 2619 1380 2656 belli
1404 2617 1643 2664 auctoribus,
1669 2617 1721 2654 ad

290 2697 434 2735 moenia
479 2697 567 2747 ipsa
610 2695 748 2733 Romae
793 2691 1072 2744 populabundi
1117 2690 1279 2740 regione
1324 2692 1451 2739 portae
1497 2687 1720 2738 Esquilinas
