1821 2928
564 141 681 178 Liber
706 141 753 178 V.
801 143 865 186 (A.
891 143 956 178 Oh.
981 144 1079 187 390.)
1465 147 1546 185 307

100 273 177 319 nis,
206 273 442 322 recuperata
470 269 581 318 urbe,
613 283 686 308 arx
718 283 876 321 quoque
908 275 948 309 et
979 270 1226 322 Capitolium
1259 270 1478 319 deseretur,
1509 276 1549 309 et

102 344 195 394 plus
226 342 426 381 vastitatis
457 342 553 380 huic
583 342 677 380 urbi
709 342 883 380 secunda
914 346 1049 380 nostra
1076 343 1238 380 fortuna
1263 342 1396 390 faciet,
1430 355 1548 392 quam

101 415 270 454 adversa
312 413 434 452 fecit?
493 413 703 464 Equidem,
749 415 782 452 si
828 414 943 452 nobis
990 427 1077 452 cum
1116 414 1215 452 urbe
1253 414 1371 452 simul
1401 414 1588 465 positae4

100 487 341 537 traditaeque
387 499 459 537 per
505 499 644 524 manus
690 486 907 536 religiones
952 486 1073 524 nullae
1115 491 1256 532 essent,
1302 490 1435 524 tamen
1466 490 1549 524 tam

102 559 265 598 evidens
296 572 442 597 numen
472 558 545 596 hac
576 561 812 608 tempestate
843 558 963 595 rebus
995 557 1111 595 affuit
1142 558 1349 605 Romanis,
1392 562 1436 595 ut
1468 571 1546 596 om—

101 645 190 670 nem
229 630 518 681 negligentiam
558 629 687 668 divini
720 630 850 668 cultus
882 634 1106 680 exemptam
1138 630 1365 667 hominibus
1396 633 1544 679 putem.

102 703 323 741 Intuemini
353 702 457 740 enim
488 702 630 740 horum
663 702 850 752 deinceps
883 715 1075 741 annorum
1101 702 1164 740 vel
1191 701 1386 739 secundas
1405 715 1467 739 res
1483 702 1547 739 vel
1567 704 1590 741 5

103 774 313 821 adversas3
345 774 558 812 invenietis
590 775 725 813 omnia
750 787 944 825 prospera
968 774 1147 812 evenisse
1165 774 1425 823 sequentibus
1443 773 1549 819 deos,

101 846 268 885 adversa
299 846 592 897 spernentibus,
637 846 723 884 Iam
756 847 930 884 omnium
955 846 1127 896 primum
1146 845 1293 883 Veiens
1322 846 1473 883 bellum
1493 868 1545 872 -m
1566 847 1589 884 6

100 931 174 968 per
207 923 305 968 quot
330 932 466 964 annos,
501 922 651 968 quanto
670 919 807 956 labore
825 919 996 968 gestum!
1015 941 1072 945 —
1088 931 1169 954 non
1186 920 1277 956 ante
1295 918 1404 968 cepit
1420 917 1550 962 finem,

101 1004 220 1040 quam
252 991 408 1028 monitu
440 991 603 1029 deorum
636 1005 739 1041 aqua
771 1005 818 1028 ex
851 991 940 1028 lacu
958 989 1120 1028 Albano
1155 990 1300 1027 emissa
1325 993 1395 1028 est.
1442 989 1550 1038 Quid
1569 991 1593 1027 7

98 1061 186 1100 haec
217 1063 378 1100 tandem
409 1063 522 1100 urbis
555 1066 703 1100 nostrae
735 1063 869 1100 clades
901 1061 1034 1100 nova‘?
1065 1075 1159 1099 num
1193 1066 1284 1099 ante
1317 1065 1456 1100 exorta
1481 1066 1552 1105 est,

101 1148 220 1185 quam
267 1138 402 1185 spreta
442 1148 520 1172 vox
562 1135 660 1172 caelo
699 1135 844 1172 emissa
875 1134 923 1172 de
955 1134 1132 1172 adventu
1164 1133 1388 1181 Gallorum,
1434 1147 1552 1184 quam

99 1207 282 1256 gentium
315 1207 377 1244 ius
408 1207 457 1244 ab
489 1207 635 1256 legatis
666 1207 814 1245 nostris
840 1205 1048 1252 violatum,
1080 1219 1197 1256 quam
1227 1205 1396 1253 anobis,
1430 1219 1552 1255 quum

99 1278 299 1316 vindicari
331 1278 507 1325 deberet,
552 1279 690 1316 eadem
730 1279 982 1327 negligentia
1015 1279 1180 1316 deorum
1213 1278 1554 1328 praetermissum?

54 1366 57 1368 ·
99 1350 234 1400 Igitur
264 1350 362 1388 victi
394 1352 582 1400 captique
609 1364 653 1388 ac
683 1351 882 1401 redempti
915 1355 1073 1388 tantum
1106 1364 1314 1400 poenarum
1348 1350 1408 1388 dis
1425 1351 1548 1388 homi·
1568 1351 1594 1387 8

100 1423 301 1472 nibusque
333 1422 527 1469 dedimus,
559 1426 604 1460 ut
634 1427 832 1460 terrarum
862 1423 949 1460 orbi
977 1423 1215 1461 documento
1235 1435 1418 1460 essemus
1466 1422 1551 1460 Ad-

98 1507 226 1532 versae
265 1494 408 1531 deinde
447 1508 510 1532 res
552 1495 845 1533 admonuerunt
885 1495 1144 1543 religionum.
1205 1494 1467 1544 Confugimus
1508 1495 1593 1532 1119

101 1565 346 1616 Capitolium
379 1568 429 1605 ad
462 1567 570 1613 deos,
602 1567 652 1604 ad
683 1567 816 1605 sedem
849 1566 957 1604 Iovis
989 1567 1132 1617 optimi
1163 1567 1347 1613 maximi,
1380 1580 1495 1604 sacra
1511 1567 1552 1604 in

99 1639 216 1676 ruina
256 1651 389 1676 rerum
430 1643 658 1677 nostrarum
690 1639 771 1677 alia
803 1642 911 1677 terra
943 1639 1173 1686 celavimus,
1222 1639 1301 1676 alia
1341 1642 1480 1677 avecta
1511 1639 1552 1676 in

99 1710 291 1748 finitimas
322 1711 444 1748 urbes
477 1712 697 1750 amovimus
730 1712 779 1749 ab
811 1711 986 1749 hostium
1015 1711 1161 1757 oculis;
1193 1710 1359 1748 deorum
1385 1711 1552 1757 cultum,

99 1782 248 1820 deserti
280 1783 329 1820 ab
361 1783 422 1821 dis
455 1783 776 1834 hominibusque,
807 1787 940 1821 tamen
973 1796 1052 1820 non
1088 1783 1389 1821 intermisimus.
1444 1783 1550 1821 Red—
1573 1783 1625 1820 10

99 1853 242 1892 didere
281 1855 409 1904 igitur
448 1855 620 1905 patriam
659 1861 700 1893 et
740 1856 953 1894 victoriam
986 1859 1025 1893 et
1056 1855 1266 1904 antiquum
1299 1855 1398 1893 belli
1431 1856 1552 1893 decus

102 1926 300 1971 amissum,
333 1929 373 1963 et
404 1927 444 1963 in
475 1928 622 1974 hostes,
653 1928 722 1978 qui
755 1929 849 1966 caeci
885 1927 1059 1965 avaritia
1091 1927 1132 1963 in
1165 1926 1341 1977 pondere
1369 1927 1457 1965 auri
1481 1927 1551 1965 foe-

102 1996 176 2034 dus
209 2010 254 2034 ac
285 1996 404 2034 fidem
436 1998 678 2045 fefellerunt,
711 2003 923 2037 verterunt
952 2003 1147 2036 terrorem
1174 1998 1390 2049 fugamque
1414 2004 1453 2037 et
1479 2012 1548 2037 cae-

102 2069 203 2106 dem.
250 2069 350 2106 Haec
382 2069 480 2107 culti
511 2071 765 2121 neglectique
796 2071 971 2108 numinis
1002 2073 1116 2108 tanta
1147 2074 1346 2108 momenta
1371 2072 1412 2109 in
1429 2072 1548 2109 rebus
1623 2069 1677 2115 52

100 2141 284 2178 humanis
317 2145 522 2179 cernentes
554 2142 700 2192 ecquid
732 2143 904 2188 sentitis,
936 2142 1129 2190 Quirites,
1163 2146 1358 2192 quantum
1383 2143 1550 2182 vixdum

101 2227 121 2250 e
145 2213 370 2262 naufragiis
394 2214 543 2263 prioris
569 2215 699 2264 culpae
716 2214 923 2264 cladisque
941 2219 1190 2263 emergentes
1207 2227 1392 2265 paremus
1410 2214 1552 2253 nefas?

100 2284 255 2323 Urbem
301 2286 508 2335 auspicato
555 2287 875 2336 inauguratoque
917 2287 1118 2324 conditam
1151 2286 1364 2333 habemus;
1413 2287 1592 2324 nullus2

99 2357 212 2395 locus
244 2358 285 2394 in
317 2370 362 2395 ea
393 2371 471 2395 non
503 2358 742 2408 religionum
776 2358 1022 2409 deorumque
1055 2361 1115 2396 est
1142 2358 1307 2408 plenus;
1339 2357 1549 2396 sacrificiis

99 2429 362 2467 sollemnibus
393 2443 475 2468 non
506 2429 590 2468 dies
623 2431 752 2479 magis
783 2432 878 2469 stati
912 2444 1030 2481 quam
1063 2430 1152 2467 loca
1183 2433 1286 2476 sunt,
1327 2430 1367 2466 in
1400 2429 1546 2479 quibus

97 2501 208 2539 fiant.
256 2501 343 2540 Hos
374 2513 510 2539 omnes
541 2500 636 2539 deos
667 2503 851 2551 publicos
884 2503 1154 2552 privatosque,
1188 2500 1383 2548 Quirites,
1416 2500 1546 2538 deser·
1566 2501 1590 2538 3

97 2573 181 2610 turi
215 2572 338 2611 estis?
383 2571 511 2620 Quam
543 2586 616 2622 par
641 2577 814 2611 vestrum
832 2574 980 2611 factum
999 2575 1037 2612 εἰ
1055 2578 1124 2620 est,
1156 2572 1262 2623 quod
1281 2573 1320 2609 in
1339 2571 1546 2610 obsidione

88 2657 228 2694 nuper
258 2646 300 2682 in
331 2645 493 2694 egregio
526 2643 791 2692 adolescente,
832 2645 873 2683 C.
906 2645 1046 2692 Fabio,
1078 2659 1156 2682 non
1188 2644 1342 2681 minore
1373 2643 1545 2681 hostium

98 2715 365 2755 admiratione
397 2730 516 2766 quam
548 2719 681 2754 vestra
713 2720 966 2767 conspectum
999 2720 1070 2763 est,
1103 2729 1224 2766 quum
1257 2715 1361 2753 inter
1387 2713 1547 2753 Gallica

1268 2784 1335 2817 20*
