1821 2928
494 119 610 155 Liber
636 120 680 155 V.
732 121 792 166 (A.
820 121 884 156 eh.
910 123 1122 167 402-401.)
1453 127 1534 165 267

91 249 286 287 tributum
319 261 366 286 ex
397 248 596 287 affectare
623 249 811 288 familiari
839 251 1017 300 pendant
1044 264 1201 302 aeraque
1219 252 1424 300 militaria,
1455 254 1537 292 vel-

95 324 140 358 ut
169 321 306 358 fenore
338 321 512 372 accepta,
543 322 787 372 multiplicia
818 323 877 360 rei
909 323 1079 373 publicae
1111 323 1295 361 reddant.

205 394 318 431 Inter
336 394 528 431 dilectum
546 394 824 444 tributumque
858 398 896 433 et
924 398 1138 444 occupatos
1164 396 1318 434 animos
1342 398 1534 436 maiorum
1559 397 1608 434 lO

87 479 219 504 rerum
237 466 539 513 curis,comitiis
555 466 815 504 tribunorum
833 467 964 517 plebis
984 480 1169 505 numerus
1188 469 1345 519 expleri
1362 471 1532 520 nequiit.

89 538 319 587 Pugnatum
346 539 451 586 inde,
485 539 526 576 in
558 539 646 577 loca
673 553 799 577 vacua
823 544 868 577 ut
891 540 1051 590 patricii
1081 545 1374 590 cooptarentur.
1421 543 1536 582 Post·
1559 537 1606 574 ll

89 624 209 660 quam
225 611 398 649 obtineri
415 625 492 650 non
511 615 680 661 poteraty
694 616 826 650 tamen
845 611 1135 649 labefactandae
1155 613 1254 662 legis
1272 614 1536 666 [tribuniciae]

91 696 211 721 causa
243 683 425 722 effectum
457 687 527 731 est,
560 688 604 722 ut
636 687 920 734 cooptarentur
951 684 1105 721 tribuni
1133 685 1263 734 plebis
1283 686 1323 723 O.
1343 687 1535 726 Lacerius

90 761 130 796 et
160 757 215 795 M.
249 757 434 804 Acutius,
465 757 573 794 haud
602 757 721 795 dubie
753 757 1013 807 patriciorum
1042 758 1196 807 opibus.
1228 758 1329 796 Fors
1347 759 1403 797 ita
1420 761 1529 809 tulit,
1618 751 1661 800 11

90 833 137 868 ut
166 843 212 868 eo
245 843 349 867 anno
380 829 567 866 tribunus
600 829 730 879 plebis
773 829 843 867 Cn.
876 828 1102 867 Trebonius
1135 833 1249 878 esset,
1282 832 1351 881 qui
1385 834 1534 871 nomini

90 916 135 940 ac
166 902 326 940 familiae
360 902 536 939 debitum
569 906 759 952 praestare
786 902 990 939 videretur
1004 902 1219 940 Treboniae
1246 903 1345 952 legis
1364 905 1535 954 patroci-

90 975 210 1013 nium.
286 975 348 1022 Is,
381 975 488 1025 quod
528 975 727 1025 petissent
770 979 906 1024 patres
949 975 1149 1024 quondam
1196 976 1328 1026 primo
1376 973 1577 1028 incepto?

94 1048 258 1098 repulsi,
290 1048 451 1085 tandem
469 1047 655 1085 tribunos
674 1047 844 1084 militum
864 1061 1127 1097 expugnasse,
1155 1048 1390 1096 vociferans⁷
1408 1050 1537 1100 legem

90 1119 331 1158 Treboniam
349 1120 548 1158 sublatam
577 1123 616 1157 et
639 1123 848 1170 cooptatos
875 1121 1059 1158 tribunos
1084 1121 1215 1171 plebis
1233 1135 1312 1158 non
1337 1122 1538 1172 suffragiis

90 1193 243 1244 populi,
274 1192 343 1230 sed
360 1193 528 1243 imperio
546 1193 825 1243 patriciorum3
860 1207 904 1230 eo
932 1194 1085 1230 revolvi
1103 1207 1199 1242 rem,
1227 1198 1272 1231 ut
1289 1198 1357 1231 aut
1374 1195 1538 1244 patricii

90 1270 159 1304 aut
173 1266 434 1316 patriciorum
453 1265 639 1303 asseculae
650 1264 829 1303 habendi
845 1266 997 1303 tribuni
1014 1266 1143 1315 plebis
1162 1266 1264 1313 sint;
1283 1267 1385 1316 eripi
1404 1281 1534 1305 sacra·
1555 1265 1578 1302 3

90 1341 151 1376 tas
183 1339 305 1388 leges,
339 1338 570 1388 extorqueri
586 1338 846 1375 tribuniciam
874 1342 1135 1387 potestatem3
1168 1338 1208 1375 id
1242 1339 1379 1376 fraude
1411 1340 1535 1390 patri-

87 1412 252 1460 ciorum,
300 1411 450 1449 scelere
497 1424 540 1447 ac
587 1410 819 1460 proditioue
866 1411 1112 1461 collegarum
1159 1412 1308 1448 factum
1354 1425 1535 1460 arguere.

91 1484 224 1531 Quum
256 1484 445 1521 arderent
477 1482 630 1521 invidia
660 1497 741 1520 non
772 1487 907 1533 patres
943 1482 1073 1530 modo,
1118 1480 1186 1518 sed
1227 1484 1347 1521 etiam
1379 1482 1579 1522 tribuni4

89 1556 233 1607 plebis,
267 1556 443 1606 cooptati
475 1557 628 1606 pariter
661 1559 700 1593 et
731 1556 800 1606 qui
842 1556 1138 1606 cooptaverant,
1169 1558 1253 1592 tum
1286 1570 1333 1594 ex
1366 1557 1538 1606 collegio

90 1632 183 1676 tres,
215 1628 260 1666 P.
281 1628 481 1679 Curatius,
515 1628 571 1666 M.
599 1628 794 1676 Metilius,
826 1629 881 1666 M.
908 1629 1121 1676 Minucius,
1138 1628 1289 1679 trepidi
1314 1640 1447 1664 rerum
1474 1639 1536 1664 su-

91 1715 215 1748 arum,
233 1701 273 1738 in
293 1700 480 1751 Sergium
492 1701 827 1751 Verginiumque,
849 1701 998 1751 prioris
1016 1701 1109 1738 anni
1125 1700 1309 1738 tribunos
1328 1699 1536 1748 militares,

88 1774 320 1822 incurrunt3
352 1774 393 1811 in
412 1788 476 1812 eos
495 1775 542 1811 ab
569 1787 609 1811 se
642 1774 739 1811 iram
768 1774 899 1824 plebis
928 1773 1201 1823 invidiamque
1219 1773 1282 1810 die
1301 1772 1409 1809 dicta
1426 1785 1536 1810 aver-

86 1849 189 1884 tunt.
222 1846 377 1894 Quibus
410 1847 595 1897 dilectus3
629 1847 775 1897 quibus
799 1847 1005 1893 tributum,
1038 1846 1185 1896 quibus
1212 1845 1369 1883 diutina
1386 1844 1572 1884 militia5

91 1920 453 1970 longinquitasque
485 1920 582 1957 belli
614 1920 667 1957 sit
697 1919 842 1968 gravis,
886 1919 954 1969 qui
986 1918 1098 1955 clade
1131 1921 1295 1968 accepta
1327 1917 1376 1954 ad
1407 1916 1534 1955 Veios

94 1991 268 2037 doleant,
300 1993 370 2042 qui
403 1992 558 2030 amissis
605 1992 758 2040 liberis,
807 1992 1013 2040 fratribus,
1060 1991 1313 2041 propinquis,
1347 1989 1535 2027 affinibus

88 2065 279 2114 lugubres
312 2065 448 2102 domos
480 2064 664 2109 habeant,
700 2064 750 2101 iis
783 2064 937 2113 publici
976 2063 1206 2114 privatique
1239 2062 1390 2100 doloris
1423 2075 1530 2100 exse-

88 2138 237 2188 quendi
269 2138 330 2174 ius
360 2140 677 2187 potestatemque
724 2149 771 2172 ex
812 2136 966 2173 duobus
1005 2136 1137 2173 noxiis
1169 2135 1369 2186 capitibus
1401 2134 1534 2172 datam

87 2210 137 2248 ab
169 2224 210 2248 se
241 2212 475 2248 memorant.
538 2207 725 2246 Omnium
757 2222 927 2258 namque
959 2208 1152 2246 malorum
1185 2208 1226 2245 in
1259 2207 1400 2256 Sergio
1428 2205 1572 2244 Ver-6

87 2283 279 2333 ginioque
312 2295 450 2320 causas
482 2295 588 2328 esse;
620 2295 692 2319 nec
720 2281 759 2318 id
793 2284 1041 2318 accusatores
1068 2280 1195 2329 magis
1220 2293 1388 2329 arguere
1413 2292 1532 2329 quam

88 2356 208 2394 fateri
241 2369 341 2402 reos,
375 2355 444 2404 qui
477 2353 588 2392 noxii
607 2353 724 2391 ambo
744 2354 843 2391 alter
868 2354 906 2391 in
933 2354 1105 2391 alterum
1130 2366 1288 2391 causam
1313 2352 1531 2397 conferant,

88 2427 222 2477 fugam
241 2426 621 2476 SergiiVerginius,
640 2425 806 2476 Sergius
824 2427 1093 2476 proditionem
1112 2426 1321 2474 increpans
1332 2423 1533 2472 Verginii.

89 2498 268 2547 Quorum
287 2500 385 2537 adeo
405 2499 682 2537 incredibilem
701 2499 913 2536 amentiam
932 2499 1065 2544 fuisse,
1096 2501 1141 2535 ut
1167 2497 1291 2535 multo
1316 2495 1402 2533 veri
1420 2494 1528 2532 simi-
1551 2495 1572 2531 7

87 2572 166 2609 lius
199 2573 262 2620 sit⁷
295 2576 500 2622 compecto
533 2585 619 2609 eam
667 2585 748 2608 rem
788 2576 827 2609 et
865 2571 1063 2608 communi
1095 2569 1236 2606 fraude
1267 2567 1531 2618 patriciorum

89 2647 230 2684 actam.
293 2644 360 2683 Ab
391 2645 453 2682 his
486 2648 525 2682 et
555 2644 668 2694 prius
699 2643 835 2681 datum
877 2644 1008 2681 locum
1042 2641 1283 2680 Veientibus
1315 2639 1366 2676 ad
1398 2639 1530 2677 incen:
1549 2638 1574 2677 8

90 2716 220 2754 denda
251 2730 374 2767 opera
403 2717 502 2755 belli
519 2715 707 2754 trahendi
723 2729 855 2762 causa,
889 2720 928 2753 et
951 2728 1056 2752 nunc
1079 2713 1281 2764 proditum
1301 2711 1533 2758 exercitum,
