1821 2928
533 51 649 87 Liber
673 51 742 87 1v.
791 52 852 97 (A.
879 51 944 87 ch.
969 53 1063 96 437.)
1440 58 1520 94 215

84 182 292 232 pauciores
323 184 447 228 erant,
487 181 582 230 fuga
622 193 701 218 non
739 180 870 219 minus
901 180 1061 231 trepida
1092 194 1210 231 quam
1243 182 1282 219 in
1314 183 1401 220 acie
1432 183 1523 220 fuit.

85 253 281 292 Omnibus
306 253 405 292 locis
429 266 471 291 re
497 252 598 290 bene
615 255 741 302 gesta,
770 252 944 291 dictator
960 257 1120 292 senatus
1138 253 1318 292 consulto
1334 254 1524 304 iussuque
1602 252 1657 297 '20

83 325 225 377 populi
254 326 508 376 triumphans
541 325 582 363 in
604 325 744 363 urbem
767 324 898 362 rediit.
943 325 1083 375 Longe
1101 327 1312 364 maximum
1328 326 1521 377 triumphi
1539 328 1562 363 2

84 398 355 449 spectaculum
386 398 465 436 fuit
490 397 647 445 Cossus,
678 397 808 447 spolia
838 397 970 447 opima
1002 398 1108 448 regis
1135 398 1334 436 interfecti
1360 411 1523 448 gerens;

84 471 124 508 in
142 483 231 509 eum
249 470 397 509 milites
415 470 593 508 carmina
609 469 830 516 incondita,
847 472 1051 519 aequantes
1068 483 1155 508 eum
1166 471 1352 517 Romulo,
1371 484 1523 509 canere.

84 541 226 594 Spolia
256 543 297 580 in
322 542 404 581 aede
427 542 539 581 Iovis
564 542 741 580 Feretrii
763 555 890 592 prope
905 540 1070 579 Romuli
1095 542 1234 592 spolia,
1265 556 1363 592 quae,
1394 543 1522 594 prima
1539 544 1562 579 3

86 615 220 666 opima
249 614 465 665 appellata,
497 614 582 653 sola
613 628 659 653 ea
689 616 925 664 tempestate
951 617 1076 660 erant,
1109 627 1195 651 cum
1213 615 1393 652 sollemni
1413 614 1522 653 dedi-

86 687 240 726 catione
272 687 376 725 dono
407 687 512 734 fixit;
543 690 824 737 averteratque
846 688 888 724 in
912 699 953 724 se
976 700 999 724 a
1017 699 1135 724 curru
1152 686 1361 724 dictatoris
1378 687 1522 725 civium

85 772 156 798 ora
187 762 227 797 et
258 759 504 798 celebritatis
536 759 620 797 eius
652 759 734 797 diei
760 759 932 796 fructum
949 772 1073 809 prope
1090 759 1198 797 solus
1213 759 1376 797 tulerat.
1423 759 1562 797 Dic-4

84 834 192 870 tator
223 845 410 870 coronam
442 844 616 879 auream,
647 831 795 869 libram
827 831 972 882 pondo,
1003 844 1051 868 ex
1080 831 1244 881 publica
1266 832 1435 882 pecunia
1455 845 1523 883 po-

85 904 170 954 puli
201 904 313 942 iussu
344 905 386 942 in
419 903 624 955 Capitolio
656 903 747 942 Iovi
778 903 925 942 donum
955 903 1100 953 posuit.

199 975 346 1014 Omnes
376 979 469 1015 ante
499 990 560 1014 me
591 979 773 1014 auctores
804 978 974 1022 secutus,
1010 974 1061 1014 A.
1093 975 1325 1014 Cornelium
1358 975 1563 1014 Cossum5

86 1048 290 1086 tribunum
322 1049 494 1086 militum
523 1048 698 1087 secunda
729 1048 856 1099 spolia
888 1048 1022 1099 opima
1047 1048 1157 1087 Iovis
1175 1049 1352 1087 Feretrii
1377 1049 1523 1099 templo

85 1121 283 1168 intulisse,
315 1122 498 1171 exposui;
538 1123 727 1167 ceterum,
768 1123 1035 1171 praeterquam
1067 1122 1174 1171 quod
1206 1135 1251 1159 ea
1280 1121 1358 1158 rite
1390 1121 1564 1172 opimass

84 1193 214 1243 spolia
244 1193 453 1241 habentur,
486 1206 574 1244 quae
607 1194 688 1231 dux
719 1193 813 1231 duci
846 1192 1034 1240 detraxit,
1067 1206 1140 1231 nec
1166 1194 1306 1231 ducem
1330 1193 1523 1240 novimus,

84 1265 163 1303 nisi
181 1265 292 1303 cuius
309 1266 489 1316 auspicio
508 1265 658 1303 bellum
675 1264 843 1315 geritur,
867 1265 1012 1302 titulus
1038 1264 1123 1315 ipse
1150 1265 1290 1315 spoliis
1307 1265 1523 1316 inscriptus

85 1337 177 1375 illos
216 1350 357 1388 meque
398 1338 542 1386 arguit,
582 1337 783 1376 consulem
822 1350 868 1375 ea
900 1335 1065 1375 Cossum
1106 1337 1268 1387 cepisse.
1330 1337 1416 1375 Hoc
1448 1338 1562 1388 ego7

85 1422 208 1459 quum
226 1409 458 1459 Augustum
476 1409 684 1456 Caesarem,
715 1409 958 1459 templorum
981 1409 1158 1447 omnium
1183 1409 1430 1448 conditorem
1457 1415 1525 1448 aut

88 1481 373 1528 restitutorem,
407 1482 632 1532 ingressum
665 1481 788 1519 aedem
819 1480 995 1519 Feretrii
1020 1480 1143 1527 Iovis,
1176 1494 1294 1532 quam
1325 1485 1525 1521 vetustate
1567 1515 1571 1517 .

87 1552 283 1604 dilapsam
314 1555 464 1602 refecit,
495 1567 537 1592 se
569 1554 700 1605 ipsum
731 1554 773 1591 in
803 1553 966 1592 thorace
997 1553 1122 1591 linteo
1154 1554 1348 1605 scriptum
1380 1555 1525 1605 legisse

87 1625 296 1673 audissem,
321 1639 447 1677 prope
473 1626 729 1676 sacrilegium
752 1629 863 1664 ratus
880 1638 967 1664 sum
985 1625 1109 1664 Cosso
1126 1627 1346 1677 spoliorum
1365 1640 1525 1666 suorum

88 1696 296 1746 Caesarem,
320 1698 447 1749 ipsius
463 1698 605 1749 templi
622 1701 836 1746 auctorem,
861 1697 1097 1737 subtrahere
1119 1702 1274 1738 testem.
1306 1699 1406 1747 Quis
1423 1700 1525 1737 eain
1543 1698 1568 1735 8

85 1782 128 1807 re
159 1769 213 1807 sit
243 1783 366 1819 error,
398 1770 507 1821 quod
537 1775 619 1809 tam
649 1774 805 1809 veteres
825 1771 988 1808 annales
1015 1771 1203 1822 quodque
1220 1772 1524 1822 magistratuum

85 1841 191 1889 libri,
223 1856 322 1893 quos
343 1843 489 1881 linteos
506 1843 547 1881 in
565 1843 648 1881 aede
665 1843 863 1894 repositos
880 1842 1055 1881 Monetae
1072 1842 1212 1882 Macer
1228 1843 1412 1882 Licinius
1429 1844 1526 1882 citat

87 1914 304 1953 identidem
323 1918 516 1963 auctores,
534 1915 704 1966 septimo
719 1913 751 1965 1)
769 1918 860 1966 post
877 1915 1032 1953 demum
1049 1928 1153 1954 anno
1171 1929 1260 1954 cum
1276 1915 1321 1954 T.
1333 1916 1524 1964 Quinctio

86 1985 226 2025 Penno
257 1986 310 2025 A.
342 1986 573 2026 Cornelium
606 1986 771 2026 Cossum
812 1987 1013 2026 consulem
1051 1987 1240 2035 habeant,
1281 1988 1524 2026 existimatio

87 2060 307 2098 communis
353 2059 537 2098 omnibus
583 2063 652 2097 est.
713 2059 815 2098 Nam
857 2060 976 2098 etiam
1016 2060 1119 2098 illud
1159 2060 1325 2106 accedit,
1364 2073 1412 2098 ne
1442 2064 1523 2098 tam
1543 2063 1565 2095 9

86 2132 194 2170 clara
237 2145 373 2182 pugna
414 2132 455 2170 in
497 2145 585 2170 eum
623 2145 771 2170 annum
802 2132 1012 2170 transferri
1043 2132 1183 2183 possit,
1230 2131 1336 2183 quod
1368 2132 1527 2169 imbelle

86 2204 304 2242 triennium
335 2204 460 2242 ferme
491 2203 725 2254 pestilentia
756 2204 974 2255 inopiaque
1000 2204 1159 2254 frugum
1186 2205 1293 2243 circa
1309 2205 1360 2242 A.
1380 2203 1526 2242 Corne·

87 2275 184 2313 lium
216 2276 419 2314 consulem
452 2275 540 2323 fuit,
571 2275 669 2314 adeo
701 2279 747 2314 ut
773 2276 936 2327 quidam
953 2277 1114 2315 annales
1131 2277 1244 2315 velut
1259 2276 1407 2314 funesti
1424 2275 1526 2313 nihil

87 2351 233 2397 praeter
258 2348 420 2386 nomina
437 2348 643 2386 consulum
660 2351 889 2398 suggerant.
937 2348 1100 2387 Tertius
1117 2349 1167 2387 ab
1184 2349 1394 2387 consulatu
1412 2347 1522 2385 Cossi
1545 2347 1594 2383 10

87 2433 215 2458 annus
245 2420 452 2458 tribunum
485 2434 573 2458 eum
600 2421 773 2459 militum
792 2421 994 2459 consulari
1011 2424 1208 2471 potestate
1224 2420 1355 2466 habet,
1387 2418 1526 2457 eodem

88 2504 191 2530 anno
223 2492 457 2542 magistrum
489 2493 686 2543 equitum;
727 2507 805 2544 quo
844 2493 887 2531 in
928 2493 1097 2544 imperio
1129 2492 1296 2531 alteram
1328 2491 1525 2540 insignem

90 2562 218 2601 edidit
247 2577 422 2614 pugnam
454 2568 690 2615 equestrem.
750 2565 811 2604 Ea
842 2565 972 2604 libera
1003 2565 1236 2604 coniectura
1267 2567 1336 2608 est,
1369 2561 1451 2609 sed,
1482 2567 1527 2600 ut
1549 2564 1593 2599 11

90 2647 164 2683 ego
195 2635 379 2683 arbitror,
411 2650 530 2683 vana;
562 2637 739 2675 aversari
765 2638 871 2676 enim
889 2650 1022 2675 omnes
1040 2635 1249 2686 opiniones
1266 2634 1373 2682 licet,
1406 2646 1526 2684 quum

151 2727 173 2758 1)
190 2729 297 2755 Livius
317 2729 337 2755 d
345 2737 360 2755 e
368 2736 383 2756 c
391 2729 437 2755 im
446 2737 463 2756 o
482 2730 612 2757 seribere
633 2729 746 2756 debuit.
