1821 2928
203 1484 228 1531 Ut·

235 1484 260 1530 N)

402 199 481 236 130
837 210 925 235 Liber
943 209 1027 234 vm.
1064 211 1112 238 (A.
1131 219 1159 236 u.
1180 219 1204 237 e.
1223 213 1294 242 429.)

343 339 419 362 non
452 326 580 363 manci
612 329 762 367 milites
793 330 954 376 fuerint,
987 326 1094 378 quod
1113 340 1152 363 se
1171 325 1216 372 Q.
1235 327 1386 365 Fabius
1410 329 1646 377 magistrum
1662 332 1771 382 equi-

302 394 424 431 5tum
458 395 616 432 duxerit
647 411 691 435 ae
723 411 803 436 non
834 409 1041 435 accensum
1080 394 1301 432 dictatoris.
1362 396 1471 443 Quid
1504 397 1617 434 illum
1646 398 1770 436 factu-

342 475 425 498 rum
458 462 589 509 fuisse,
621 465 666 511 si,
698 465 804 516 quod
831 466 927 502 belli
946 477 1059 502 casus
1083 463 1216 500 serunt
1231 462 1420 513 Marsque
1443 465 1672 513 communis,
1703 467 1770 504 ad-

343 543 454 568 versa
486 544 619 580 pugna
651 534 858 580 evenisset,
890 533 959 582 qui
992 531 1080 577 sibi,
1113 531 1280 567 devictis
1311 531 1505 579 hostibus,
1535 547 1578 571 re
1608 534 1771 584 publica

341 598 441 635 bene
472 603 593 647 gesta,
626 600 680 638 ita
710 605 755 638 ut-
778 615 859 638 non
883 601 932 639 ab
958 601 1028 638 illo
1051 599 1170 637 unico
1194 599 1291 636 (luce
1315 600 1455 637 melius
1478 601 1564 649 geri
1581 603 1770 652 potuerit,

301 668 322 703 ⁴3
342 666 584 716 ¹supplicium
617 669 808 717 magistro
841 669 1020 719 equitum
1047 667 1248 705 minetur?
1278 667 1416 717 Neque
1439 668 1554 706 illum
1577 670 1769 718 magistro

339 735 517 783 equitum
535 735 783 774 infestiorem
801 751 919 786 quam
935 736 1111 774 tribunis
1124 735 1309 782 militum,
1325 749 1443 785 quam
1455 737 1769 786 centurionibus,

339 816 455 852 quam
488 804 687 841 militibus
720 819 813 842 esse.
875 803 919 842 Si
952 807 1096 854 posset,
1128 803 1170 840 in
1202 817 1336 840 omnes
1367 804 1597 842 saeviturum
1629 805 1767 853 fuisse3

301 875 321 909 7
340 871 435 921 quia
467 871 509 908 id
540 876 727 921 nequeat,
768 873 808 909 in
847 886 969 909 unum
1000 872 1155 917 saeviress.
1201 873 1322 909 etiam
1355 873 1548 910 invidiam
1578 876 1766 924 tanquam

340 940 470 988 ignem
502 953 653 978 summa
684 944 838 990 petere:
870 941 912 977 in
944 944 1063 990 eaput
1095 940 1266 987 consilii,
1299 940 1340 977 in
1372 940 1511 978 ducem
1542 941 1766 989 incurrere3

337 1009 369 1045 si
402 1022 441 1045 se
474 1009 591 1046 simul
624 1023 711 1046 eum
742 1009 873 1058 gloria
903 1008 962 1045 rei
995 1012 1115 1057 gestie
1147 1009 1415 1056 exstinxisset,
1444 1012 1539 1047 tunc
1564 1009 1766 1057 victorem,

336 1077 445 1114 velut
477 1077 518 1113 in
549 1080 666 1127 capto
700 1077 875 1115 exercitu
902 1077 1184 1123 dominantem,
1217 1077 1407 1126 quicquid
1433 1077 1597 1114 licuerit
1622 1078 1664 1115 in
1687 1091 1765 1116 ma-

296 1150 320 1183 ὅ
338 1146 464 1194 gistro
498 1146 686 1194 equitum,
724 1145 766 1182 in
796 1145 998 1182 militibus
1029 1158 1226 1182 ausurum.
1299 1145 1479 1183 Proinde
1509 1145 1693 1183 adessent
1723 1146 1766 1184 in

336 1227 405 1251 sua
437 1227 554 1251 causa
585 1214 762 1251 omnium
792 1213 983 1250 libertati.
1044 1211 1089 1250 Si
1113 1225 1345 1251 consensum
1371 1213 1571 1251 exercitus
1588 1214 1766 1262 eundem,

336 1283 404 1332 qui
437 1282 477 1319 in
508 1282 652 1331 proelio
684 1282 822 1328 fuerit,
869 1282 911 1318 in
947 1280 1097 1318 tuenda
1126 1272 1299 1318 victoria
1329 1281 1482 1328 videat,
1529 1284 1567 1318 et
1597 1282 1765 1319 salutem

335 1351 452 1388 unius
485 1351 667 1388 omnibus
699 1363 801 1387 curae
833 1363 927 1397 esse,
958 1349 1243 1386 inclinaturum
1274 1349 1325 1386 ad
1357 1349 1654 1388 clementiorem
1679 1364 1763 1388 sen-

296 1419 504 1457 9tentiam
536 1419 722 1456 animum.
795 1417 1005 1455 Postremo
1037 1430 1077 1453 se
1108 1417 1232 1454 vitam
1262 1417 1521 1467 fortunasque
1552 1431 1643 1455 suas
1674 1418 1763 1456 illo-

335 1501 422 1524 rum
454 1487 547 1524 fidei
563 1487 786 1536 virtutique
810 1486 1051 1536 permittere.
1098 1484 1257 1523 Clamor
1280 1500 1299 1523 e
1322 1489 1410 1523 tota
1432 1485 1618 1524 contione
1641 1489 1762 1534 ortus,

333 1556 393 1593 uti
424 1556 571 1593 bonum
603 1555 776 1592 animum
808 1555 984 1592 haberet:
1016 1553 1213 1590 neminem
1234 1555 1295 1591 illi
1312 1555 1392 1591 vim
1409 1555 1624 1592 allaturum
1640 1555 1762 1592 salvis

334 1623 563 1672 legionibus
587 1623 791 1659 Romanis.
851 1621 973 1660 Haud
996 1622 1120 1658 multo
1145 1625 1235 1671 post
1260 1621 1434 1660 dictator
1457 1622 1632 1669 advenit,
1663 1623 1762 1667 clas-

292 1693 315 1729 2
334 1692 494 1740 sicoque
525 1691 725 1739 extemplo
750 1689 800 1726 ad
819 1690 1042 1727 contionem
1062 1690 1284 1727 advocavit.
1344 1691 1445 1728 Tum
1469 1690 1629 1728 silent-io
1643 1691 1761 1737 facto,

331 1772 461 1809 pra-co
494 1758 540 1806 Q.
571 1758 742 1795 Fabium
776 1758 1010 1805 magistrum
1043 1758 1222 1806 equitum
1261 1758 1421 1804 citavit3
1468 1759 1535 1807 qui
1567 1758 1684 1795 simul
1716 1772 1762 1796 ex

295 1829 317 1866 3
336 1827 524 1865 inferiore
555 1827 641 1864 loco
674 1827 725 1864 ad
755 1825 937 1863 tribunal
968 1826 1145 1873 accessit,
1174 1830 1259 1863 tum
1277 1826 1452 1864 dictator
1471 1826 1667 1874 „Quaer0“
1702 1826 1760 1864 in-

332 1896 419 1945 quit
455 1895 528 1941 ⁷.de
559 1898 608 1941 te,
641 1894 686 1942 Q.
712 1894 828 1941 Fabi,
859 1907 979 1943 quum
1011 1908 1203 1931 summum
1228 1895 1438 1944 imperium
1463 1894 1673 1932 dictatoris
1697 1894 1760 1941 sit,

330 1968 574 2013 pareantque
597 1963 633 1999 ei
658 1962 850 2008 consules,
880 1962 993 2011 regia
1016 1966 1204 2012 potestas,
1233 1966 1435 2013 praetores,
1466 1962 1611 2000 iisdem
1627 1963 1759 2012 auspi-

331 2032 415 2069 ciis.
447 2032 592 2081 quibus
609 2031 799 2077 consules,
831 2031 966 2077 creati,
998 2044 1153 2080 aequum
1171 2044 1333 2068 censeas
1356 2043 1491 2078 necne,
1521 2030 1757 2079 magistrum

288 2101 312 2137 4
329 2099 509 2148 equitum
541 2099 648 2135 dicto
673 2098 902 2135 audientem
927 2113 1027 2145 esse}
1059 2100 1234 2149 itemque
1260 2098 1363 2136 illud
1388 2098 1605 2147 interrogo,
1636 2111 1757 2148 quum

330 2182 390 2205 me
423 2167 585 2205 incertis
617 2167 805 2216 auspiciis
836 2167 1057 2216 profectum
1089 2168 1138 2204 ab
1170 2167 1286 2204 domo
1318 2167 1470 2213 scirem,
1499 2170 1634 2204 utrum
1657 2166 1758 2204 mihi

327 2236 500 2274 turbatis
545 2235 814 2283 religionibus
850 2248 913 2272 res
950 2235 1114 2284 publica
1151 2235 1191 2272 in
1229 2235 1444 2272 discrimen
1475 2234 1757 2272 committenda

289 2304 311 2341 5
328 2305 461 2351 fuerit,
492 2317 541 2341 an
559 2302 738 2352 auspicia
753 2303 982 2351 repetenda,
1012 2317 1061 2340 ne
1084 2303 1181 2353 quid
1199 2303 1333 2341 dubiis
1351 2302 1412 2340 dis
1429 2315 1605 2351 agerem3
1636 2302 1755 2340 simul

328 2372 442 2418 illud,
489 2383 576 2420 quae
614 2370 807 2408 dictatori
845 2371 988 2420 religio
1028 2370 1314 2420 impedimento
1346 2371 1396 2408 ad
1427 2384 1510 2408 rem
1541 2369 1755 2420 gerendam

326 2440 457 2486 fuerit,
502 2452 596 2476 num
635 2451 681 2476 ea
721 2439 911 2487 magister
949 2439 1128 2488 equit-um
1175 2439 1327 2477 solutus
1366 2452 1409 2477 ac
1442 2439 1544 2476 liber
1575 2437 1756 2488 potuerit

327 2522 420 2546 esse.
480 2506 560 2545 Sed
591 2506 690 2556 quid
723 2519 795 2555 ego
833 2507 916 2543 hac
958 2506 1190 2555 interrogo?
1250 2507 1399 2554 Quum,
1437 2507 1472 2544 si
1504 2518 1576 2555 ego
1605 2506 1754 2544 tacitus

325 2576 507 2621 abissem,
537 2578 669 2612 tamen
698 2574 777 2611 tibi
809 2574 858 2611 ad
888 2574 1109 2612 voluntatis
1141 2574 1512 2624 interpretationem
1535 2586 1630 2611 meae
1654 2573 1753 2611 diri-

286 2646 307 2682 6
326 2644 455 2694 genda
485 2647 555 2680 tua
586 2642 784 2680 sententia
815 2642 948 2688 fuerit,
981 2642 1076 2691 quin
1107 2646 1151 2679 tu
1181 2642 1407 2692 respondes,
1439 2642 1683 2680 vetuerimne
1712 2644 1752 2679 te
