1821 2928
398 201 481 239 204
850 211 941 237 Liber
958 212 996 237 X.
1031 212 1081 240 (A.
1099 220 1127 238 u.
1147 220 1172 239 c.
1191 215 1262 243 454.)

339 325 446 374 ipsos
476 326 650 373 visuros,
689 339 738 363 ne
768 339 879 363 sacra
908 340 979 365 sua
1008 327 1256 377 polluantur;
1293 328 1334 366 id
1371 342 1411 366 se
1441 333 1578 379 optare
1605 330 1774 377 tantum,

272 394 319 430 11
340 407 389 430 ne
420 407 499 443 qua
529 394 570 430 in
599 407 683 431 rem
713 394 918 444 publicam
949 395 1080 433 clades
1116 397 1260 434 veniat.
1319 396 1454 434 Minus
1485 401 1617 435 autem
1645 399 1771 434 teten-

341 461 445 508 dere,
476 463 624 499 assueti
656 463 734 499 iam
765 463 839 500 tali
869 477 1011 512 genere
1043 465 1302 502 certaminum
1331 466 1457 512 vinci3
1489 470 1529 503 et
1559 465 1774 503 cernebant

340 530 591 568 adversarios
630 543 729 577 non,
775 530 817 567 id
855 532 962 580 quod
1000 532 1095 569 olim
1134 532 1203 569 vix
1233 534 1498 583 speraverint,
1543 532 1772 570 affectantes

339 611 502 646 magnos
541 598 729 646 honores,
774 599 842 636 sed
881 601 1014 638 omnia
1050 601 1147 647 iam,
1193 602 1234 638 in
1272 615 1440 651 quorum
1471 614 1581 652 spem
1611 600 1773 639 dubiam

339 670 425 704 erat
456 670 659 714 certatum,
689 668 867 717 adeptos,
905 668 1150 718 multiplices
1182 671 1409 707 consulatus
1439 683 1704 719 censurasque
1733 673 1774 707 et.

337 735 573 785 triumphos
648 735 853 773 Certatum
892 741 1023 773 tamen
1064 737 1265 775 suadenda
1303 738 1649 788 dissuadendaque
1685 738 1772 786 lege

337 803 442 840 inter
481 802 591 852 App.
632 803 843 842 Claudium
887 804 1057 842 maxime
1101 806 1234 843 ferunt
1279 810 1317 844 et
1359 807 1464 844 inter
1506 806 1554 844 P.
1597 805 1771 844 Decium

299 871 321 907 2
340 870 506 908 Murem.
568 871 648 919 Qui
679 886 798 921 quum
831 874 967 910 eadem
1007 873 1128 910 ferme
1168 875 1215 911 de
1247 875 1333 912 iure
1363 879 1522 924 patrum
1553 887 1599 912 ac
1629 872 1772 924 plebis,

338 951 426 988 quae
462 953 536 989 pro
575 940 663 989 lege
700 940 858 978 Licinia
896 942 1097 991 quondam
1134 946 1350 992 contraque
1388 955 1473 980 eam
1510 942 1618 980 dicta
1648 944 1772 987 erant,

297 1007 461 1056 3quun1
490 1007 661 1057 plebeiis
698 1009 926 1046 consulatus
962 1010 1196 1058 rogabatur,
1234 1011 1533 1057 disseruissent,
1569 1008 1771 1046 rettulisse

338 1074 486 1112 dicitur
511 1075 663 1113 Decius
687 1078 863 1127 parentis
888 1078 949 1115 sui
974 1079 1155 1127 speciem,
1186 1079 1344 1128 qualem
1368 1092 1456 1116 eum
1479 1077 1607 1124 multi,
1636 1076 1707 1127 qui
1729 1076 1770 1113 in

337 1144 520 1181 contione
551 1148 673 1191 erant,
702 1146 899 1192 viderant,
928 1147 1145 1184 incinctum
1169 1145 1327 1185 Gabino
1359 1147 1471 1184 cultu
1500 1159 1618 1196 super
1645 1145 1770 1182 telum

336 1214 525 1259 stantem,
571 1226 649 1262 quo
689 1227 729 1251 se
767 1214 910 1251 habitu
950 1229 1022 1265 pro
1059 1215 1208 1265 populo
1246 1229 1291 1253 ac
1322 1215 1548 1264 legionibus
1577 1212 1770 1251 Romanis

296 1279 576 1319 4devovisset:
621 1285 707 1318 tum
745 1282 791 1320 P.
830 1282 1002 1320 Decium
1040 1284 1240 1321 consulem
1277 1297 1421 1333 purum
1457 1282 1648 1333 piumque
1685 1280 1770 1318 deis

336 1347 629 1387 immortalibus
660 1350 801 1397 visum,
832 1364 944 1400 aeque
974 1365 1020 1389 ac
1057 1352 1091 1389 si
1123 1351 1168 1389 Τ.
1198 1351 1375 1389 Manlius
1406 1350 1560 1399 collega
1589 1349 1674 1387 eius
1703 1347 1768 1385 de-

293 1416 559 1464 5voveretur;
591 1419 759 1456 eundem
789 1418 836 1456 P.
867 1419 1049 1468 Decium,
1088 1421 1156 1470 qui
1186 1433 1298 1458 sacra
1327 1419 1489 1469 publica
1518 1416 1657 1468 populi
1685 1416 1765 1455 Ro-

331 1486 438 1523 mani
466 1486 626 1532 faceret,
658 1487 740 1536 legi
771 1487 847 1524 rite
878 1502 958 1525 non
987 1488 1192 1538 potuisse‘.>
1251 1488 1301 1525 ld
1340 1500 1423 1525 esse
1451 1486 1686 1537 periculum,
1715 1498 1764 1522 ne

331 1566 421 1590 suas
450 1567 589 1603 preces
620 1556 749 1592 minus
780 1556 970 1594 audirent
1004 1556 1045 1593 di
1086 1571 1204 1606 quam
1233 1557 1342 1606 App.
1374 1554 1561 1593 Claudii?
1606 1553 1764 1592 Castius

331 1633 416 1658 eum
450 1635 563 1659 sacra
593 1623 750 1672 privata
780 1625 910 1661 facere
941 1628 980 1661 et
1010 1625 1242 1674 religiosius
1273 1626 1368 1662 deos
1399 1625 1529 1661 colore
1552 1635 1670 1672 quam
1693 1613 1762 1659 se?

290 1690 312 1726 6
331 1688 459 1735 Quem
489 1691 680 1739 paenitere
709 1696 911 1738 votorum,
952 1706 1039 1742 quae
1070 1706 1141 1742 pro
1172 1707 1215 1730 re
1251 1693 1416 1742 publica
1444 1690 1763 1740 nuncupaverint

327 1760 390 1793 tot
419 1759 598 1796 consules
630 1759 794 1809 plebeii,
833 1764 893 1797 tot
924 1760 1157 1807 dictatores,
1199 1765 1267 1797 aut
1303 1760 1352 1797 ad
1390 1760 1587 1797 exercitus
1625 1761 1760 1795 euntes

288 1826 396 1862 7aut
425 1825 530 1863 inter
559 1827 646 1876 ipsa
677 1827 813 1864 bella?
873 1828 1188 1866 Numerarentur
1227 1828 1346 1865 duces
1384 1841 1518 1865 eorum
1554 1839 1758 1872 annorum,

327 1892 475 1941 quibus
514 1894 763 1944 plebeiorum
801 1896 922 1933 duct-u
959 1899 997 1934 et
1037 1897 1215 1946 auspicio
1260 1910 1322 1934 res
1363 1896 1450 1945 geri
1485 1898 1625 1944 coeptae
1661 1895 1758 1940 sint3

326 1967 631 2000 numerarentur
667 1964 882 2014 triumphi:
922 1965 1000 2002 iam
1041 1979 1089 2002 ne
1120 1965 1344 2002 nobilitatis
1375 1963 1536 2013 quidem
1565 1975 1645 2000 suae
1675 1962 1756 2012 ple-

279 2029 430 2066 Sbeios
469 2031 670 2079 paenitere.
737 2032 819 2070 Pro
862 2037 969 2070 certo
1009 2034 1171 2080 habere,
1217 2034 1251 2071 si
1293 2032 1399 2083 quod
1435 2044 1578 2081 repens
1607 2029 1756 2068 bellum

325 2097 494 2143 oriatur,
540 2112 618 2136 non
658 2100 748 2149 plus
787 2101 871 2150 spei
910 2101 995 2139 fore
1035 2102 1189 2139 senatui
1228 2102 1454 2151 populoque
1493 2099 1676 2137 Romano
1713 2097 1756 2135 in

284 2164 307 2200 9
324 2165 506 2214 patriciis
538 2179 655 2214 quam
686 2168 727 2205 in
757 2169 929 2218 plebeiis
960 2169 1142 2207 ducibus.
1190 2170 1334 2217 „Quod
1351 2182 1473 2218 quum
1494 2167 1553 2205 ita
1575 2179 1616 2204 se
1637 2166 1754 2204 habe-

323 2235 381 2279 at,
424 2233 487 2269 cui
527 2233 689 2272 deorum
729 2236 980 2275 hominumve
1021 2238 1231 2287 indignum
1261 2238 1393 2275 videri
1422 2239 1577 2287 potest“
1609 2234 1754 2284 inqustr

326 2314 417 2338 ..eos
446 2301 570 2348 viros,
609 2316 707 2352 quos
737 2317 806 2341 vos
838 2305 947 2342 sellis
985 2307 1210 2353 curulibus,
1245 2311 1340 2355 toga
1369 2308 1580 2355 praetexta,
1615 2302 1754 2340 tunica

321 2369 498 2417 palmata
529 2373 569 2406 et
597 2374 694 2419 toga
724 2372 833 2420 picta
865 2377 903 2409 et
927 2387 1072 2411 corona
1091 2374 1325 2424 triumphali
1351 2374 1564 2422 laureaque
1584 2371 1751 2408 honora-

320 2436 422 2482 ritis,
455 2451 623 2486 quorum
647 2438 784 2476 domos
808 2441 948 2489 spoliis
971 2442 1147 2480 hostium
1170 2443 1299 2480 affixis
1324 2442 1498 2491 insignes
1520 2441 1625 2477 inter
1649 2438 1750 2476 alias

252 2504 303 2540 10
320 2503 506 2550 feceritis,
539 2507 788 2555 pontificalia
811 2512 931 2557 atque
956 2511 1164 2558 auguralia
1188 2510 1363 2558 insignia
1386 2509 1568 2555 adiicere,
1597 2507 1656 2553 ut,
1680 2506 1749 2555 qui

319 2570 427 2608 Iovis
451 2573 592 2621 optimi
616 2574 775 2611 maximi
798 2579 941 2613 ornatu
966 2578 1188 2626 decoratus,
1212 2592 1330 2616 curru
1353 2581 1491 2616 aurato
1515 2589 1586 2626 per
1608 2576 1748 2613 urbem

318 2643 454 2676 vectus
484 2640 528 2677 in
560 2630 802 2691 Capitolium
835 2643 1097 2691 adscenderit,
1128 2646 1161 2682 is
1191 2646 1458 2695 conspiciatur
1488 2657 1575 2682 cum
1606 2642 1747 2694 capide
