1821 2928
324 175 405 212 148
702 169 816 205 Liber
839 168 913 205 111.
961 171 1021 214 (A.
1048 181 1084 204 u.
1110 180 1140 204 c.
1166 170 1375 213 295—296.)

322 305 366 338 ut
413 299 589 338 actiones
634 298 862 335 tribuniciae
909 298 950 336 in
995 297 1211 336 adventum
1251 297 1457 336 consulum
1487 295 1759 339 differrentur.

283 372 307 410 3
325 372 425 410 Erat
466 375 507 409 et
536 383 637 408 nova
671 374 811 408 exorta
843 383 961 409 causa
991 374 1131 408 motus.
1193 370 1244 408 A.
1276 368 1486 408 Cornelius
1516 372 1557 407 et
1586 368 1634 417 Q.
1664 367 1756 408 Ser·

322 444 439 481 vilius
479 446 695 493 quaestores
725 442 782 480 M.
816 441 993 487 Volscio,
1041 441 1148 491 quod
1185 441 1310 479 falsus
1351 440 1466 479 haud·
1487 440 1611 479 dubie
1639 441 1757 480 testis

285 517 308 553 4
327 516 368 553 in
386 514 588 553 Caesonem
611 513 841 561 exstitisset,
871 513 976 551 diem
1004 514 1201 551 dixerant.
1245 512 1390 550 Multis
1418 512 1522 551 enim
1546 513 1758 552 emanabat

322 587 495 633 indiciis,
525 598 652 635 neque
682 585 848 623 fratrem
865 585 1033 629 Volscii,
1069 598 1115 622 ex
1148 598 1226 634 quo
1253 584 1375 622 semel
1397 584 1521 622 fuerit
1536 597 1653 634 aeger,
1681 598 1754 624 un·

322 672 439 709 quam
471 671 549 696 non
579 657 696 696 modo
726 658 855 696 visum
889 658 929 695 in
955 657 1129 707 publico,
1160 656 1229 694 sed
1245 669 1294 694 ne
1311 656 1576 695 assurrexisse
1591 656 1755 708 quidem

281 730 304 769 5
324 744 371 769 ex
402 731 551 776 morbo,
581 730 876 779 multorumque
906 729 999 767 tabe
1031 741 1208 766 mensum
1239 731 1451 775 mortuum,
1482 741 1555 766 nec
1581 729 1632 767 iis
1654 731 1753 767 tem-

319 804 495 854 poribus,
541 802 581 839 in
627 814 714 852 quae
759 802 871 839 testis
910 802 1060 838 crimen
1092 800 1335 846 coniecisset,
1380 799 1585 839 Caesonem
1613 799 1756 839 Romae

320 875 461 913 visum.
507 873 810 912 affirmantibus.
860 874 929 923 qui
973 886 1053 910 una
1099 876 1337 919 meruerant,
1381 885 1512 910 secum
1550 885 1638 911 eum
1667 875 1753 911 tum

320 947 565 996 frequentem
612 945 661 982 ad
708 946 824 994 signa
868 946 952 982 sine
998 945 1081 982 ullo
1128 948 1347 982 commeatu
1382 944 1516 982 fuisse.
1577 943 1666 983 Nisi
1696 945 1754 983 ita

280 1018 435 1064 6esset,
479 1017 595 1054 multi
642 1018 828 1067 privatim
868 1017 1049 1055 ferebant
1079 1015 1245 1054 Volscio
1286 1016 1470 1054 iudicem.
1530 1015 1663 1064 Quum
1701 1016 1752 1054 ad

319 1090 512 1128 iudicium
544 1089 603 1127 ire
634 1103 712 1128 non
745 1089 919 1135 auderet,
951 1102 1085 1127 omnes
1117 1102 1171 1126 eae
1202 1089 1328 1127 resin
1350 1101 1472 1127 unum
1489 1091 1755 1139 congruentes

317 1161 426 1201 haud
471 1162 597 1210 magis
643 1161 804 1199 dubiam
851 1161 1146 1199 damnationem
1191 1160 1366 1209 Volscii,
1412 1173 1531 1211 quam
1575 1159 1753 1199 Caesonis

278 1235 299 1270 7
319 1233 484 1273 Volscio
514 1237 615 1271 teste
646 1233 787 1280 fuerat,
827 1233 1037 1272 faciebant.
1097 1233 1147 1270 In
1179 1246 1290 1271 mora
1319 1232 1477 1270 tribuni
1508 1235 1634 1282 erant,
1681 1232 1752 1282 qui

318 1306 481 1344 comitia
523 1308 738 1355 quaestores
775 1305 921 1343 habere
961 1305 1008 1343 de
1040 1319 1119 1352 reo,
1164 1304 1244 1342 nisi
1274 1305 1384 1355 prius
1414 1303 1552 1343 habita
1583 1304 1632 1342 de
1660 1304 1753 1353 lege

318 1382 458 1425 essent.
507 1389 691 1428 passuros
722 1378 932 1426 negabant.
992 1376 1057 1415 Ita
1089 1380 1267 1414 extracta
1295 1381 1465 1427 utraque
1494 1389 1557 1414 res
1588 1376 1629 1414 in
1660 1389 1751 1414 con-

275 1448 300 1486 8
318 1449 448 1488 sulum
481 1449 693 1487 adventum
725 1452 794 1487 est.
847 1449 927 1496 Qui
958 1448 1029 1486 ubi
1058 1449 1354 1498 triumphantes
1383 1449 1538 1486 victore
1568 1460 1656 1486 cum
1686 1461 1752 1486 ex-

317 1523 443 1559 ercitu
474 1521 614 1559 urbem
645 1521 831 1567 inierunt,
864 1521 961 1571 quia
992 1521 1192 1559 silentium
1223 1520 1273 1558 de
1304 1520 1392 1570 lege
1416 1523 1514 1567 erat,
1539 1517 1749 1571 *perculsos

276 1593 299 1630 9
318 1607 462 1642 magna
491 1606 583 1643 pars
614 1593 828 1630 credebant
858 1592 1059 1631 tribunos:
1093 1595 1134 1630 at
1157 1592 1220 1630 illi
1236 1592 1399 1642 (etenim
1415 1595 1638 1630 extremum
1654 1590 1750 1629 anni

315 1665 394 1704 iam
425 1666 538 1715 erat),
571 1668 756 1713 quartum
787 1664 1016 1702 affectantes
1046 1664 1308 1710 tribunatum,
1339 1663 1651 1702 incomitiorum
1667 1662 1745 1701 dis-

316 1737 581 1788 ceptationem
613 1735 663 1774 ab
695 1736 783 1785 lege
815 1740 1013 1773 certamen
1045 1738 1282 1773 averterant.
1329 1734 1383 1772 Et
1412 1747 1535 1784 quum
1566 1734 1749 1772 consules

314 1809 443 1846 nihilo
473 1809 604 1846 minus
636 1807 825 1846 adversus
857 1808 1195 1845 continuationem
1224 1806 1467 1857 tribunatus,
1500 1819 1618 1857 quam
1633 1806 1668 1844 si
1682 1806 1749 1844 lex

314 1879 541 1918 minuendae
573 1892 652 1917 suae
685 1880 901 1917 maiestatis
933 1892 1051 1917 causa
1076 1878 1327 1929 promulgata
1342 1878 1526 1925 ferretur,
1556 1877 1748 1916 tetendis-

316 1956 413 1997 sent,
444 1951 613 1989 victoria
644 1952 870 1989 certaminis
902 1965 1021 2002 penes
1052 1951 1236 1989 tribunos
1267 1951 1355 1988 fuit.

246 2024 298 2061 10
427 2022 579 2061 Eodem
625 2036 729 2061 anno
760 2022 905 2073 AEquis
945 2037 1024 2074 pax
1067 2026 1127 2061 est
1157 2022 1388 2072 petentibus
1418 2021 1523 2061 data.
1583 2021 1749 2068 censue,

314 2108 378 2133 res
408 2096 542 2145 priore
573 2108 675 2133 anno
707 2095 903 2143 inchoata,
933 2094 1148 2146 perficitur,
1179 2095 1302 2144 idque
1325 2094 1496 2132 lustrum
1520 2093 1570 2132 ab
1588 2092 1748 2143 origine

314 2166 429 2204 urbis
461 2168 656 2205 decimum
687 2167 891 2205 conditum
922 2167 1065 2205 ferunt.
1111 2165 1240 2205 Censa
1265 2166 1414 2204 civium
1439 2165 1573 2215 capita
1587 2166 1747 2203 centum

245 2239 294 2275 11
314 2238 581 2288 septendecim
625 2231 768 2276 millia'
798 2242 979 2277 trecenta
1022 2238 1288 2287 undeviginti.
1349 2237 1568 2275 Consulum
1603 2248 1748 2285 magna

315 2310 423 2348 domi
452 2309 629 2359 bellique
661 2323 707 2348 eo
738 2323 842 2348 anno
872 2311 1002 2359 gloria
1032 2310 1121 2357 fuit,
1151 2309 1258 2360 quod
1290 2312 1330 2347 et
1354 2309 1451 2347 foris
1473 2321 1612 2359 pacem
1626 2319 1747 2358 pepe-

313 2394 413 2428 rere,
461 2386 500 2418 et
545 2380 664 2427 domi,
711 2383 785 2420 etsi
830 2395 910 2420 non
952 2395 1129 2431 concors,
1175 2382 1305 2420 minus
1334 2384 1467 2419 tamen
1498 2391 1616 2430 quam
1647 2377 1749 2416 alias

313 2453 460 2491 infesta
491 2452 631 2491 civitas
662 2453 750 2490 fuit.

186 2521 245 2570 25
430 2524 477 2562 L.
494 2523 698 2562 Minucius
729 2524 821 2561 inde
852 2530 892 2563 et
916 2525 958 2563 C.
981 2525 1153 2563 Nautius
1184 2524 1366 2563 consules
1394 2522 1492 2562 facti
1521 2521 1620 2560 duas
1649 2520 1748 2558 resi-

108 2594 219 2668 ῒῖζ·
236 2596 296 2666 ᾗ·
317 2595 415 2634 duas
451 2596 546 2634 anni
575 2595 725 2646 prioris
757 2608 893 2633 causas
924 2598 1176 2645 exceperunt.
1236 2595 1388 2633 Eodem
1416 2593 1534 2632 modo
1564 2591 1747 2631 consules

313 2668 452 2717 legem,
480 2667 637 2706 tribuni
666 2666 860 2705 iudicium
891 2667 941 2705 de
958 2666 1123 2705 Volscio
1154 2665 1447 2716 impediebant;
1476 2664 1546 2704 sed
1569 2665 1612 2702 in
1638 2675 1746 2715 quae-

274 2741 299 2776 2
317 2739 491 2778 storibus
535 2739 649 2778 novis
693 2739 819 2778 maior
862 2739 935 2785 vis,
980 2738 1110 2776 maior
1148 2737 1365 2776 auctoritas
1403 2740 1499 2775 erat.
1557 2735 1659 2775 Cum
1687 2733 1745 2773 M.
