1821 2928
476 98 592 133 Liber
616 98 686 135 IV.
735 99 796 144 (A.
823 98 887 134 Ch.
912 101 1120 142 440--439.)
1432 103 1514 141 209

75 240 138 265 res
176 226 227 265 ad
263 227 475 265 levandam
507 226 669 277 publica
700 239 795 264 cura
827 240 1023 266 annonam
1056 227 1343 278 impedimento
1375 229 1514 276 fuerat,

74 299 308 350 largitiones
339 299 529 338 frumenti
561 298 691 336 facere
722 299 922 346 instituit3
969 300 1207 350 plebemque
1245 300 1320 339 hoc
1353 315 1514 339 munere
1534 302 1556 336 3

73 371 304 419 delenitam,
349 384 587 422 quacunque
628 371 841 416 incederet,
888 376 1123 422 conspectus
1157 372 1363 423 elatusque
1395 386 1517 423 supra

76 445 237 482 modum
253 444 427 483 hominis
444 443 609 494 privati,
625 457 758 481 secum
775 444 946 492 trahere,
962 445 1068 482 haud
1087 445 1253 483 dubium
1267 445 1515 484 consulatum

74 518 210 554 favore
242 530 286 555 ac
317 529 386 567 spe
424 516 746 566 despondentem.
807 516 912 566 Ipse,
958 520 1003 554 ut
1044 522 1103 554 est
1134 517 1330 556 humanus
1361 519 1515 556 animus
1534 518 1559 554 4

78 588 321 627 insatiabilis
353 601 410 636 eo,
442 588 549 638 quod
579 588 742 626 fortuna
773 589 955 639 spondet,
991 588 1041 626 ad
1073 589 1218 627 altiora
1249 592 1288 627 et
1318 603 1397 627 non
1428 603 1518 628 con-

75 674 187 700 cessa
216 661 381 699 tendere
413 665 462 708 et,
495 661 683 711 quoniam
716 661 946 699 consulatus
979 674 1137 712 quoque
1169 661 1401 712 eripiendus
1420 663 1519 700 invi-

75 733 129 772 tis
160 734 348 784 patribus
379 737 495 780 esset,
529 734 577 771 de
608 746 731 782 regno
763 733 933 783 agitare:
980 734 1022 771 id
1052 747 1176 772 unum
1209 734 1376 783 dignum
1407 738 1518 772 tanto

76 810 272 857 apparatu
305 806 561 844 consiliorum
594 809 634 844 et
665 806 894 853 certamine,
935 806 1040 856 quod
1073 807 1215 857 ingens
1246 806 1518 844 exsudandum

75 883 190 925 esset,
221 879 428 929 praemium
460 879 556 916 fore.

191 950 278 988 Iam
310 951 472 989 comitia
504 951 730 988 consularia
760 951 965 989 instabant
976 965 984 996 3
1016 964 1104 1001 quae
1135 964 1198 989 res
1230 964 1319 989 eum
1350 951 1517 989 necdum
1536 952 1558 990 5

76 1024 308 1073 compositis
341 1023 557 1061 maturisve
589 1023 685 1060 satis
717 1023 896 1061 consiliis
927 1024 1138 1074 oppressit.
1184 1023 1334 1062 Consul
1364 1024 1560 1062 sextumss

77 1100 234 1134 creatus
252 1095 296 1133 Τ.
309 1095 522 1144 Quinctius
537 1094 803 1145 Capitolinus,
827 1096 990 1134 minime
1008 1100 1258 1147 opportunus
1277 1096 1340 1134 vir
1357 1097 1520 1135 novanti
1541 1095 1647 1166 2³²⁴*
1668 1095 1727 1166 ἓξ·

79 1182 160 1215 1·es;
206 1168 362 1218 collega
402 1168 567 1205 additur
599 1167 637 1205 ei
669 1168 858 1218 Agrippa
889 1168 1110 1215 Menenius,
1154 1169 1217 1206 cui
1248 1168 1403 1206 Lanato
1436 1172 1521 1206 erat
1571 1148 1648 1167 .u.c.
1721 1159 1728 1165 ’

76 1254 314 1290 cognomen;
348 1243 387 1278 et
403 1240 448 1278 L.
465 1240 672 1278 Minucius
704 1241 916 1290 praefectus
949 1254 1114 1279 annonae
1146 1254 1215 1279 seu
1242 1241 1415 1279 refectus
1439 1254 1519 1286 seu,
1539 1242 1560 1278 7
1591 1271 1595 1275 .

78 1313 211 1364 quoad
242 1327 305 1352 res
336 1317 530 1363 posceret,
563 1313 604 1349 in
636 1313 832 1350 incertum
867 1316 1042 1359 creatus3
1083 1313 1187 1350 nihil
1219 1314 1323 1351 enim
1355 1317 1522 1359 constat,

80 1386 159 1424 nisi
191 1386 232 1422 in
264 1386 389 1422 libros
420 1385 568 1422 linteos
601 1390 772 1434 utroque
804 1398 908 1423 anno
940 1385 1109 1422 relatum
1135 1386 1240 1423 inter
1264 1386 1522 1435 magistratus

80 1457 259 1508 praefecti
297 1470 451 1494 nomen.
513 1456 594 1494 Hic
632 1456 833 1494 Minucius
873 1457 1039 1495 eandem
1077 1458 1236 1507 publice
1276 1458 1563 1496 curationemS

80 1543 214 1579 agens,
256 1543 375 1579 quam
407 1529 566 1566 Maelius
596 1529 785 1579 privatim
818 1528 1014 1577 agendam
1046 1533 1288 1580 susceperat,
1328 1544 1449 1581 quum
1483 1531 1522 1568 in

80 1606 249 1652 utraque
274 1602 389 1640 domo
416 1615 540 1651 genus
565 1601 670 1639 idem
689 1601 890 1639 hominum
909 1606 1147 1649 versaretur,
1179 1616 1263 1640 rem
1280 1607 1522 1653 compertam

81 1674 132 1712 ad
170 1678 348 1712 senatum
391 1673 538 1711 defert:
584 1674 666 1711 tela
697 1674 736 1711 in
769 1674 930 1711 domum
961 1674 1090 1712 Maelii
1123 1675 1307 1722 conferri,
1353 1676 1562 1725 eumque9

80 1747 272 1785 coitiones
319 1746 426 1784 domi
473 1746 635 1792 habere,
682 1759 726 1783 ac
772 1759 851 1783 non
898 1746 1020 1784 dubia
1065 1748 1180 1797 regni
1226 1747 1396 1785 consilia
1429 1761 1524 1785 esse.

81 1819 256 1870 Tempus
289 1818 452 1868 agendae
485 1819 544 1856 rei
577 1817 754 1856 nondum
785 1822 908 1865 stare;
942 1823 1075 1856 cetera
1107 1819 1184 1856 iam
1203 1819 1452 1866 convenisse;
1486 1824 1525 1858 et

79 1892 263 1930 tribunos
294 1891 476 1930 mercede
509 1894 662 1941 emptos
694 1891 745 1928 ad
776 1891 1019 1941 prodendam
1051 1891 1281 1929 libertatem
1310 1896 1349 1929 et
1375 1893 1525 1942 partita

83 1964 251 2002 ducibus
282 1964 555 2001 multitudinis
588 1963 813 2000 ministeria
845 1976 940 2000 esse.
1001 1962 1139 2001 Serius
1171 1977 1211 2001 se
1243 1977 1368 2014 paene,
1407 1978 1525 2014 quam

82 2040 211 2074 tutum
245 2036 380 2084 suerit,
411 2050 460 2074 ne
492 2035 604 2073 cuius
633 2035 776 2073 incerti
802 2035 974 2085 vanique
992 2040 1130 2073 auctor
1149 2039 1264 2082 esset,
1297 2050 1342 2074 ea
1358 2036 1526 2074 deferre.

84 2109 183 2156 Quae
214 2114 426 2160 postquam
453 2111 546 2146 sunt
569 2108 720 2154 audita,
751 2121 872 2158 quum
899 2107 1078 2157 undique
1095 2108 1292 2158 primores
1308 2111 1469 2158 patrum
1487 2115 1525 2146 et
1549 2109 1596 2145 10

83 2182 231 2232 prioris
249 2182 343 2219 anni
363 2180 546 2218 consules
563 2180 831 2230 increparent,
857 2179 963 2230 quod
981 2192 1048 2218 eas
1066 2180 1305 2230 largitiones
1323 2185 1528 2230 coetusque

85 2252 216 2303 plebis
234 2253 274 2290 in
292 2253 451 2303 privata
469 2252 585 2290 domo
602 2252 709 2302 passi
727 2255 857 2290 essent
873 2251 973 2298 fieri,
999 2255 1038 2290 et
1059 2266 1182 2291 novos
1200 2252 1398 2300 consules,
1421 2252 1528 2302 quod

85 2328 395 2375 exspectassent,
427 2323 554 2362 donec
586 2337 608 2361 a
639 2325 827 2374 praefecto
860 2337 1026 2362 annonae
1057 2328 1170 2362 tanta
1198 2338 1260 2363 res
1278 2324 1329 2362 ad
1347 2329 1527 2363 senatum

86 2396 323 2443 deferretur,
371 2410 458 2447 quae
506 2397 706 2434 consulem
752 2410 831 2435 non
872 2399 1076 2434 auctorem
1107 2397 1236 2435 solum
1270 2395 1528 2440 desideraret,

87 2469 156 2506 sed
201 2471 320 2507 etiam
366 2469 580 2515 vindicem,
626 2473 710 2506 tum
753 2469 966 2516 Quinctius
1007 2469 1188 2507 consules
1230 2467 1429 2505 immerito
1472 2467 1594 2503 in-ll

87 2540 245 2590 crepari
277 2541 342 2588 ait,
381 2541 451 2591 qui
483 2540 690 2578 constricti
721 2541 878 2590 legibus
910 2541 959 2579 de
990 2540 1274 2591 provocatione
1306 2538 1355 2576 ad
1388 2538 1527 2576 dissol-

89 2613 260 2650 vendum
279 2613 489 2663 imperium
507 2613 612 2659 latis,
630 2626 879 2663 nequaquam
895 2616 1051 2651 tantum
1069 2612 1212 2649 virium
1231 2611 1270 2647 in
1289 2610 1529 2659 magistratu

88 2681 140 2720 ad
157 2696 241 2721 eam
259 2697 342 2722 rem
358 2698 432 2734 pro
450 2685 659 2722 atrocitate
672 2685 965 2732 vindicandam,
982 2687 1174 2733 quantum
1189 2681 1529 2720 animihaberent.

160 2753 265 2779 Livius
285 2761 322 2780 ex
345 2762 404 2781 rec.
423 2755 576 2785 Madvigii.
613 2755 636 2779 1.
1256 2751 1298 2785 14
