1821 2928
295 127 373 164 164
729 123 844 160 Liber
868 126 941 162 III.
989 128 1049 171 (A.
1076 139 1109 163 u.
1136 139 1165 163 c.
1191 127 1284 173 305.)

292 266 398 299 meny.
429 253 613 303 factaque
644 267 714 303 per
732 253 963 292 Cornelium
983 255 1148 293 Valerio
1181 255 1340 292 dicendi
1364 254 1507 304 gratia,
1541 266 1628 304 quae
1645 254 1724 292 vel-

291 324 356 371 let,
389 338 509 374 quum
541 325 706 363 libertas
738 340 817 364 non
848 327 956 365 ultra
972 341 1106 365 vocem
1125 327 1370 373 excessisset,
1401 325 1618 364 decemviri
1632 338 1724 375 pro-

249 398 272 435 5
291 396 465 445 positum
497 401 673 437 tenuere.
737 397 976 437 Consulares
1009 412 1166 449 quoque
1198 412 1242 435 ac
1273 398 1448 436 seniores
1479 398 1528 436 ab
1559 397 1721 436 residuo

288 467 513 505 tribuniciae
545 470 755 518 potestatis
785 471 890 517 odio,
923 471 1033 508 cuius
1058 470 1302 508 desiderium
1324 470 1434 520 plebi
1451 470 1576 507 multo
1593 469 1722 507 acrius

288 553 406 589 quam
439 541 660 580 consularis
692 537 853 592 imperii
885 543 1078 581 rebantur
1102 556 1195 590 esse,
1226 556 1352 593 prope
1369 542 1582 592 malebant,
1614 544 1720 591 post-

287 612 403 649 modo
451 613 559 663 ipsos
606 614 853 652 decemviros
899 615 1103 653 voluntate
1148 614 1259 652 abire
1303 614 1552 663 magistratu,
1603 626 1722 663 quam

248 687 270 723 6
290 684 441 722 invidia
472 699 607 723 eorum
638 700 853 736 exsurgere
884 700 1020 724 rursus
1051 686 1228 737 plebem;
1268 686 1301 723 si
1332 685 1478 723 leniter
1509 684 1629 722 ducta
1658 697 1721 722 res

284 757 370 793 sine
401 758 587 807 populari
618 758 791 808 strepitu
823 759 871 795 ad
903 759 1087 796 consules
1116 758 1298 807 redisset,
1340 760 1409 795 aut
1447 756 1565 794 bellis
1597 756 1718 794 inter-

284 829 427 878 positis
459 832 528 867 aut
558 829 831 867 moderatione
857 830 1061 868 consulum
1086 830 1127 867 in
1156 830 1337 880 imperiis
1355 828 1588 867 exercendis
1603 841 1719 879 posse

285 901 325 937 in
358 901 600 939 oblivionem
630 902 888 939 tribunorum
919 902 1077 951 plebem
1109 902 1268 942 adduci.

247 975 268 1011 7
401 972 569 1011 Silentio
608 978 767 1023 patrum
799 974 971 1011 edicitur
1003 974 1183 1011 dilectus.
1242 973 1438 1023 Iuniores,
1481 985 1603 1022 quum
1634 971 1719 1009 sine

280 1046 563 1094 provocatione
595 1046 806 1096 imperium
838 1050 953 1092 esset,
991 1046 1042 1083 ad
1074 1046 1234 1084 nomina
1264 1045 1517 1095 respondent.
1575 1043 1720 1091 Legio-

279 1117 395 1153 nibus
427 1117 597 1167 scriptis,
644 1118 748 1155 inter
788 1131 828 1155 se
860 1117 1077 1155 decemviri
1110 1118 1403 1167 comparabant,
1447 1129 1545 1166 quos
1577 1115 1636 1152 ire
1666 1114 1718 1152 ad

237 1191 263 1227 8
282 1188 443 1234 bellum,
494 1202 592 1238 quos
623 1202 791 1238 praeesse
824 1191 1065 1227 exercitibus
1097 1193 1310 1240 oporteret.
1369 1187 1583 1238 Principes
1614 1187 1718 1224 inter

280 1260 526 1298 decemviros
583 1264 696 1298 erant
741 1261 790 1308 Q.
838 1261 988 1299 Fabius
1034 1265 1074 1299 et
1120 1262 1229 1312 App.
1278 1260 1482 1299 Claudius.
1558 1259 1717 1296 Bellum

280 1332 386 1369 domi
417 1333 545 1370 maius
577 1346 694 1382 quam
720 1332 817 1370 foris
843 1333 1073 1383 apparebat.
1120 1332 1250 1383 Appii
1271 1333 1503 1370 violentiam
1521 1331 1716 1382 aptiorem

278 1404 357 1441 rati
375 1404 425 1441 ad
444 1405 759 1454 comprimendos
776 1405 950 1442 urbanos
967 1408 1117 1452 motus;
1150 1405 1192 1442 in
1209 1405 1336 1442 Fabio
1355 1406 1498 1452 potius
1514 1404 1644 1441 minus
1675 1403 1715 1440 in

239 1478 262 1514 9
281 1475 384 1513 bono
416 1479 600 1513 constans
633 1490 751 1526 quam
783 1490 930 1515 navum
962 1477 1004 1514 in
1036 1477 1193 1514 malitia
1220 1477 1424 1525 ingenium
1449 1489 1544 1514 esse.
1598 1474 1718 1512 Hunc

277 1548 383 1584 enim
428 1548 571 1597 virum,
620 1549 824 1597 egregium
857 1549 954 1586 olim
988 1549 1095 1587 domi
1126 1549 1378 1599 militiaeque,
1427 1546 1717 1585 decemviratus

277 1619 519 1668 collegaeque
553 1620 608 1657 ita
639 1624 904 1670 mutaverant,
937 1624 982 1658 ut
1009 1620 1139 1670 Appii
1172 1633 1290 1670 quam
1321 1620 1384 1657 sui
1408 1619 1551 1657 similis
1579 1618 1717 1656 mallet

276 1704 374 1730 esse.
436 1691 543 1728 Huic
574 1691 724 1728 bellum
766 1692 807 1728 in
840 1691 1012 1739 Sabinis,
1059 1692 1128 1730 Μ’.
1161 1691 1361 1729 Rabuleio
1393 1694 1432 1728 et
1464 1690 1511 1738 Q.
1544 1689 1716 1727 Poetelio

209 1763 259 1801 10
277 1763 424 1800 additis
456 1763 636 1812 collegis,
669 1764 912 1801 mandatum.
958 1763 1013 1802 M.
1035 1762 1246 1801 Cornelius
1269 1763 1319 1806 jn
1344 1762 1542 1812 Algidum
1572 1762 1715 1799 missus

275 1848 362 1872 cum
394 1834 441 1874 L.
474 1835 658 1872 Minucio
691 1838 731 1872 et
761 1834 808 1872 T.
841 1835 1020 1872 Antonio
1053 1838 1093 1872 et
1123 1835 1176 1872 K.
1208 1834 1370 1872 Duillio
1403 1837 1442 1871 et
1471 1833 1526 1871 M.
1558 1831 1713 1881 Sergio.

275 1906 341 1957 Sp.
376 1906 553 1957 Oppium
591 1906 700 1956 App.
744 1906 911 1944 Claudio
959 1906 1183 1944 adiutorem
1230 1906 1281 1943 ad
1326 1906 1462 1943 urbem
1509 1905 1713 1954 tuendam,

275 1992 387 2028 aequo
420 1979 594 2016 omnium
627 1978 939 2015 decemvirorum
973 1979 1150 2029 imperio,
1185 1978 1417 2016 decernunt.

142 2048 200 2096 42
395 2050 532 2088 Nihilo
559 2049 714 2087 militiae
738 2063 856 2099 quam
884 2050 991 2088 domi
1014 2051 1155 2088 melius
1172 2064 1236 2088 res
1252 2050 1415 2100 publica
1431 2048 1713 2086 administrata

232 2123 255 2159 2
275 2125 345 2159 est.
406 2121 485 2159 Illa
517 2122 632 2159 modo
664 2122 706 2159 in
738 2122 908 2160 ducibus
939 2123 1068 2173 culpa,
1101 2122 1221 2172 quod,
1253 2125 1299 2159 ut
1329 2121 1420 2159 odio
1452 2123 1583 2159 essent
1614 2119 1710 2158 civi-

269 2194 355 2239 bus,
403 2193 599 2240 fecerant3
648 2194 726 2231 alia
758 2195 886 2232 omnis
917 2208 1037 2244 penes
1069 2194 1217 2231 milites
1249 2193 1368 2231 noxia
1399 2196 1496 2240 erat,
1541 2193 1620 2242 qui,
1659 2205 1710 2230 ne

270 2264 369 2315 quid
415 2264 537 2301 ductu
583 2268 703 2314 atque
750 2266 930 2316 auspicio
977 2266 1290 2304 decemvirorum
1321 2278 1510 2316 prospere
1540 2277 1709 2314 usquam

269 2339 491 2386 gereretur,
523 2335 632 2373 vinci
664 2349 705 2374 se
735 2351 807 2386 per
839 2351 954 2376 suum
985 2341 1106 2388 atque
1133 2338 1295 2375 illorum
1313 2337 1484 2374 dedecus
1499 2336 1709 2386 patieban-

234 2409 352 2446 3tur.
398 2407 496 2445 Fusi
527 2410 568 2444 et
598 2407 647 2445 ab
681 2407 844 2446 Sabinis
876 2410 924 2446 ad
955 2409 1120 2447 Eretum
1152 2413 1194 2447 et
1223 2409 1265 2446 in
1297 2408 1451 2458 Algido
1483 2408 1531 2445 ab
1562 2407 1707 2458 AEquis

271 2479 468 2517 exercitus
508 2481 632 2516 erant.
677 2478 745 2516 Ab
777 2480 898 2518 Ereto
929 2494 1002 2530 per
1033 2481 1239 2519 silentium
1270 2481 1398 2518 noctis
1427 2480 1587 2531 profugi
1616 2492 1706 2529 pro-

268 2551 357 2601 pius
389 2551 539 2598 urbem,
571 2551 677 2588 inter
693 2550 871 2588 Fidenas
889 2551 1294 2602 Crustumeriamque,
1326 2553 1413 2589 loco
1441 2551 1549 2589 edito
1574 2554 1706 2589 castra

229 2623 255 2660 4
273 2622 606 2670 communierant3
637 2623 855 2673 persecutis
871 2623 1065 2672 hostibus,
1096 2637 1291 2673 nusquam
1307 2635 1349 2660 se
1366 2635 1479 2673 aequo
1496 2622 1705 2660 certamini

269 2695 558 2732 committentes
605 2697 747 2732 natura
792 2694 870 2732 loci
915 2708 958 2731 ac
1005 2695 1126 2744 vallo,
1174 2707 1252 2731 non
1290 2694 1440 2733 virtute
1480 2698 1550 2732 aut
1579 2694 1703 2734 armis
