1821 2928
450 86 563 121 Liber
587 85 658 121 1v.
707 87 767 129 (A.
795 84 859 119 oh.
884 85 1095 129 422—420.)
1408 89 1487 126 237

51 218 90 252 et
121 214 275 264 aliquot
305 214 527 263 interreges
558 213 843 252 certaminibus
876 216 1055 251 extracta
1096 216 1210 259 esset,
1249 212 1366 251 modo
1398 225 1488 263 pro·
1509 211 1620 282 2³21ss-
1637 213 1700 282 ἓξ

51 286 282 324 bibentibus
312 285 486 324 tribunis
517 285 708 336 patricios
741 286 847 323 coire
879 285 930 323 ad
960 284 1211 335 prodendum
1238 284 1490 334 interregem,
1612 276 1618 283 ’
1691 275 1700 283 ⁸

52 358 167 397 modo
212 359 452 407 interregem
491 357 856 407 interpellantibus,
902 369 950 394 ne
993 360 1152 394 senatus
1185 356 1410 394 consultum
1443 355 1492 394 de

52 430 222 468 comitiis
254 430 530 468 consularibus
559 430 722 479 faceret,
753 432 953 480 postremo
969 429 1015 466 L.
1032 428 1223 478 Papirius
1240 427 1489 477 Mugillanus
1507 428 1530 465 9

50 502 233 552 proditus
264 502 452 548 interrex,
484 501 716 551 castigando
739 514 843 539 nunc
867 505 1013 551 patres,
1044 514 1148 538 nunc
1164 501 1350 539 tribunos
1366 500 1490 551 plebi,

52 575 248 612 desertam
295 574 559 624 omissamque
600 574 649 611 ab
690 573 919 611 hominibus
950 586 1033 611 rem
1064 573 1281 623 publicam,
1328 572 1491 610 deorum

50 646 305 696 providentia
335 658 510 696 curaque
542 650 761 696 exceptam,
793 646 1041 684 memorabat
1057 644 1297 683 Veientibus
1325 644 1492 681 indutiis

51 723 89 756 et
120 719 372 756 cunctatione
389 717 614 767 AEquorum
642 722 758 755 stare.
804 717 923 756 Unde
947 717 981 755 si
997 716 1096 767 quid
1112 717 1293 766 increpet
1307 716 1490 762 terroris,
1510 716 1560 753 10

51 790 137 828 sine
167 789 339 840 patricio
372 790 611 839 magistratu
642 790 800 840 placere
830 803 913 827 rem
944 789 1148 839 publicam
1178 787 1383 839 opprimi?
1413 801 1492 826 non

51 861 283 907 exercitum,
328 875 406 900 non
453 861 593 899 ducem
641 861 852 900 scribendo
884 861 1079 899 exercitui
1111 860 1226 899 esse?
1287 860 1354 898 An
1384 859 1492 898 bello

52 934 242 972 intestino
282 934 432 971 bellum
465 938 674 971 externum
704 933 1039 984 propulsaturos‘?
1100 933 1198 981 Quae
1230 933 1265 970 si
1294 933 1336 970 in
1367 944 1490 970 unum
1510 932 1557 969 11

50 1007 301 1052 conveniant,
340 1005 409 1043 vix
449 1005 613 1044 deorum
645 1006 802 1055 opibus,
843 1006 939 1056 quin
982 1006 1176 1044 obruatur
1205 1005 1389 1043 Romana
1419 1017 1494 1051 reS,

51 1078 185 1116 resisti
216 1091 343 1129 posse.
391 1078 499 1126 Quin
531 1078 609 1125 illi,
640 1078 886 1116 remittendo
918 1078 967 1116 de
998 1091 1149 1115 summa
1181 1077 1353 1128 quisque
1380 1076 1493 1121 iuris,

28 1146 192 1188 'mediis
209 1150 446 1200 copularent
463 1150 728 1196 concordiam,
756 1154 890 1201 patres
908 1150 1098 1201 patiendo
1114 1150 1299 1188 tribunos
1316 1149 1490 1186 militum
1511 1149 1561 1186 12

49 1235 122 1272 pro
151 1221 382 1261 consulibus
407 1222 505 1270 fieri,
535 1222 692 1260 tribuni
709 1223 820 1273 plebi
839 1236 918 1260 non
936 1222 1232 1268 intercedendo,
1265 1234 1344 1271 quo
1362 1221 1493 1258 minus

49 1298 240 1345 quattuor
285 1297 502 1344 quaestores
547 1295 772 1344 promiscue
819 1294 867 1332 de
912 1295 1029 1344 plebe
1070 1308 1115 1332 ac
1147 1293 1331 1344 patribus
1363 1292 1493 1330 libero

49 1366 238 1416 suffragio
270 1366 410 1416 populi
441 1366 611 1404 fierent?
1483 1413 1488 1418 .

163 1438 399 1476 Tribunicia
438 1439 611 1488 primum
645 1439 805 1477 comitia
837 1443 929 1476 sunt
959 1439 1106 1476 habita.
1167 1437 1302 1476 Creati
1332 1437 1488 1474 tribuni
1562 1433 1623 1480 44

50 1511 249 1549 consulari
280 1514 478 1560 potestate
510 1523 645 1549 omnes
685 1511 861 1560 patricii,
907 1510 953 1548 L.
986 1509 1200 1557 Quinctius
1232 1509 1493 1547 Cincinnatus
1549 1514 1552 1518 ’

50 1583 226 1629 tertium,
258 1582 304 1620 L.
336 1582 484 1620 Furius
514 1582 762 1620 Medullinus
795 1583 953 1629 iterum,
985 1581 1040 1619 Μ.
1073 1581 1266 1629 Manlius,
1298 1582 1349 1619 A.
1383 1580 1492 1620 Sem·

51 1655 218 1705 pronius
241 1654 469 1693 Atratinus.
522 1655 612 1692 Hoc
642 1655 807 1693 tribuno
839 1655 1003 1692 comitia
1034 1658 1274 1704 quaestorum
1308 1654 1492 1700 habente,
1512 1655 1535 1691 2

49 1726 357 1778 petentibusque
390 1727 495 1764 inter
527 1727 681 1776 aliquot
698 1727 877 1777 plebeios
893 1727 979 1765 filio
997 1726 1172 1765 Antistii
1187 1726 1343 1764 tribuni
1360 1726 1492 1777 plebis

50 1804 88 1838 et
118 1800 242 1838 fratre
281 1798 450 1837 alterius
490 1799 645 1837 tribuni
677 1800 805 1849 plebis
837 1798 927 1837 Sex.
959 1799 1167 1849 Pompilii,
1214 1812 1285 1836 nec
1316 1802 1493 1849 potestas

50 1885 119 1910 nec
151 1864 386 1920 suffragatio
432 1870 574 1909 horum
612 1871 750 1918 valuit,
796 1872 906 1921 quin,
954 1884 1122 1920 quorum
1153 1875 1288 1921 patres
1319 1883 1492 1920 avosque

49 1944 232 1982 consules
271 1942 469 1989 viderant,
516 1956 582 1980 eos
622 1943 835 1981 nobilitate
866 1944 1113 1993 praeferrent.
1172 1943 1325 1980 Furere
1357 1941 1534 1981 omnes3

49 2016 201 2054 tribuni
248 2015 370 2066 plebi,
417 2017 510 2053 ante
556 2028 691 2053 omnes
730 2015 958 2065 Pompilius
990 2014 1285 2065 Antistiusque,
1330 2015 1492 2066 repulsa

50 2102 208 2126 suorum
240 2087 405 2125 accensi.
467 2087 671 2134 Quidnam
704 2087 745 2124 id
776 2087 834 2125 rei
865 2086 979 2124 esse?
1034 2087 1125 2125 Non
1156 2087 1239 2125 suis
1270 2086 1531 2133 beneficiis,4

49 2174 132 2198 non
158 2164 317 2211 patrum
350 2159 520 2205 iniuriis,
562 2172 641 2196 non
683 2159 856 2209 denique
887 2159 1108 2209 usurpandi
1141 2159 1323 2207 libidine,
1369 2171 1492 2209 quum

51 2233 179 2279 liceat,
212 2232 319 2283 quod
351 2235 443 2269 ante
474 2244 553 2269 non
585 2231 756 2277 licuerit,
789 2231 822 2268 si
854 2244 932 2268 non
957 2231 1166 2270 tribunum
1183 2231 1409 2278 militarem,
1442 2244 1491 2268 ne

50 2308 287 2354 quaestorem
319 2303 479 2354 quidem
513 2316 750 2353 quemquam
783 2317 830 2341 ex
855 2304 971 2353 plebe
995 2305 1160 2342 factum!
1206 2303 1297 2342 Non
1313 2303 1530 2341 valuisse5

52 2376 178 2426 patris
208 2389 282 2426 pro
313 2376 408 2422 filio,
439 2376 575 2413 fratris
607 2389 678 2426 pro
712 2375 835 2413 fratre
865 2388 1016 2425 preces,
1061 2375 1318 2413 tribunorum
1350 2374 1490 2424 plebis,

51 2448 260 2498 potestatis
279 2452 552 2494 sacrosanctae,
583 2448 634 2485 ad
661 2447 853 2484 auxilium
869 2447 1069 2485 libertatis
1087 2452 1242 2486 creatae.
1288 2445 1489 2484 Fraudem

51 2520 230 2570 profecto
262 2520 302 2557 in
333 2533 376 2557 re
409 2533 502 2567 esse,
534 2524 573 2557 et
591 2522 641 2557 A.
661 2518 941 2569 Sempronium
974 2519 1149 2558 comitiis
1181 2519 1271 2569 plus
1300 2518 1398 2555 artis
1422 2516 1489 2555 ad·

52 2590 227 2630 hibuisse
259 2605 377 2642 quam
409 2591 514 2629 fidei.
563 2591 661 2629 Eius
695 2591 847 2629 iniuria
878 2583 1284 2641 queri'suoshonore
1301 2589 1487 2627 deiectos.

52 2662 195 2714 Itaque
226 2677 348 2714 quum
380 2663 420 2700 in
452 2664 593 2713 ipsum,
627 2667 664 2701 et
695 2663 924 2702 innocentia
953 2667 1084 2701 tutum
1110 2666 1147 2700 et
1164 2662 1414 2711 magistratu,
1445 2661 1486 2699 in
1505 2663 1529 2700 6
