1821 2928
757 96 874 134 Liber
896 97 928 132 1.
1545 103 1567 139 7

121 226 229 278 giam
260 227 425 277 stirpem
457 225 565 276 apud
596 239 637 264 se
668 226 850 273 educari;
883 239 975 263 nam
1007 229 1047 264 et
1078 225 1285 277 expositos
1318 225 1428 264 iussu
1459 226 1568 276 regis

122 299 296 338 infantes
336 297 500 346 sciebat,
538 301 579 336 et
618 302 788 349 tempus,
829 311 907 348 quo
939 298 1025 348 ipse
1057 313 1123 337 eos
1154 298 1395 345 sustulisset,
1435 298 1486 337 ad
1525 298 1568 337 id

120 372 254 423 ipsum
285 384 523 421 congruere;
562 370 632 409 sed
672 384 758 409 rem
789 371 1043 408 immaturam
1075 371 1155 410 nisi
1187 374 1258 410 aut
1288 384 1360 422 per
1391 370 1567 408 occasio-

120 458 211 483 nem
242 447 313 483 aut
341 457 413 495 per
443 443 722 482 necessitatem
754 443 906 494 aperiri
936 444 1133 482 noluerat.
1191 443 1422 482 Necessitas
1454 444 1568 494 prior
1586 442 1609 480 6

119 518 250 564 venit3
285 517 342 554 ita
373 519 481 554 metu
512 516 701 555 subactus
731 515 906 554 Romulo
937 529 1021 554 rem
1053 516 1198 567 aperit.
1258 517 1382 555 Forte
1416 520 1455 554 et
1485 516 1567 555 Nu-

121 589 270 639 mitori,
303 603 425 640 quum
450 589 491 626 in
517 589 699 627 custodia
722 588 895 627 Remum
920 588 1088 627 haberet
1112 588 1370 639 audissetque
1387 589 1568 639 geminos

121 675 207 700 esse
238 662 396 711 fratres,
439 662 708 713 comparando
741 665 781 699 et
812 664 970 699 aetatem
1002 675 1138 700 eorum
1171 664 1212 699 et
1242 662 1371 711 ipsam
1404 662 1568 700 minime

120 734 308 773 servilem
341 733 531 781 indolem,
563 734 756 784 tetigerat
788 734 966 772 animum
984 733 1178 771 memoria·
1196 737 1400 784 nepotum,
1432 734 1566 772 scisci-

117 807 322 857 tandoque
355 807 494 845 eodem
524 807 720 857 pervenit,
752 811 796 844 ut
826 806 935 844 haud
965 806 1106 854 procul
1131 809 1246 851 esset,
1281 806 1381 856 quin
1397 805 1569 845 Remum

121 883 370 930 agnosceret.
432 879 498 917 Ita
529 879 709 930 undique
741 880 829 929 regi
861 879 978 918 dolus
1009 878 1198 918 nectitur.
1260 878 1460 917 Romulus
1492 876 1613 917 n0n7

120 965 210 990 cum
242 952 363 1002 globo
397 952 586 990 iuvenum
618 952 707 1005 (nec
739 953 840 991 enim
868 955 956 990 erat
979 951 1028 989 ad
1054 954 1235 1002 apertam
1261 951 1342 989 vim
1366 949 1469 1004 par),
1502 951 1573 989 sed

119 1025 210 1063 aliis
243 1025 322 1063 alio
354 1025 500 1062 itinere
532 1025 652 1063 iussis
678 1028 786 1063 certo
811 1028 992 1075 tempore
1020 1024 1070 1062 ad
1094 1024 1249 1074 regiam
1275 1024 1412 1062 venire
1437 1028 1571 1074 pasto-

119 1097 246 1144 ribus„
292 1097 343 1135 ad
388 1110 523 1146 regem
570 1097 766 1148 impetum
796 1097 906 1147 facit,
955 1100 995 1135 et
1026 1111 1049 1135 a
1081 1096 1199 1135 domo
1231 1095 1458 1135 Numitoris
1490 1097 1571 1135 alia

120 1173 350 1220 comparata
381 1183 501 1207 manu
532 1169 697 1208 adiuvat
719 1169 884 1209 Remus.
931 1169 998 1208 Ita
1023 1182 1159 1219 regem
1185 1169 1440 1208 obtruncant.
1487 1169 1570 1209 Nu·
1653 1159 1680 1206 6

118 1242 240 1280 mitor
271 1242 375 1279 inter
405 1242 578 1292 primum
609 1242 840 1290 tumultum,
885 1243 1021 1280 hostes
1052 1242 1247 1280 invasisse
1277 1243 1417 1280 urbem
1450 1245 1570 1293 atque

119 1313 283 1352 adortos
307 1314 459 1363 regiam
486 1314 689 1362 dictitans,
715 1328 838 1364 quum
862 1315 1010 1364 pubem
1038 1314 1242 1352 Albanam
1259 1315 1300 1352 in
1318 1328 1448 1353 arcem
1467 1328 1568 1365 prae-

120 1385 227 1425 sidio
262 1386 462 1436 armisque
495 1386 754 1424 obtinendam
787 1390 1004 1434 avocasset,
1035 1392 1249 1437 postquam
1282 1387 1448 1425 iuvenes
1480 1401 1569 1437 per-

120 1462 279 1510 petrata
327 1459 434 1496 caede
465 1472 635 1509 pergere
668 1458 716 1496 ad
749 1473 788 1497 se
820 1460 1070 1508 gratulantes
1101 1459 1219 1507 vidit,
1265 1460 1468 1509 extemplo
1500 1459 1568 1497 ad-

120 1534 263 1569 vocato
311 1531 484 1569 concilio
518 1531 646 1569 scelus
678 1531 721 1568 in
767 1545 807 1570 se
841 1532 993 1581 fratris,
1041 1531 1239 1581 originem
1270 1535 1476 1582 nepotum,
1523 1535 1570 1570 ut

118 1603 257 1652 geniti,
288 1606 333 1640 ut
364 1602 534 1650 educati,
565 1606 610 1640 ut
641 1604 793 1653 cogniti
825 1607 968 1652 essent,
1002 1603 1150 1641 caedem
1183 1603 1374 1655 deinceps
1404 1604 1570 1654 tyranni

118 1688 238 1725 seque
267 1675 353 1713 eius
379 1678 582 1713 auctorem
608 1675 798 1714 ostendit.
843 1676 1016 1714 Iuvenes
1047 1690 1118 1727 per
1143 1676 1316 1716 mediam
1340 1678 1568 1715 contionem
1586 1673 1611 1710 2

118 1747 278 1798 agmine
305 1747 479 1797 ingressi
505 1761 627 1799 quum
652 1762 768 1786 avum
792 1762 927 1798 regem
951 1749 1206 1799 salutassent,
1239 1753 1376 1788 secuta
1393 1763 1440 1788 ex
1459 1750 1567 1788 omni

116 1820 381 1858 multitudine
413 1821 668 1859 consentiens
699 1835 777 1859 vox
809 1825 941 1859 ratum
972 1834 1116 1859 nomen
1142 1822 1437 1873 imperiumque
1476 1822 1566 1872 regi

116 1891 252 1932 efficit.

231 1964 297 2002 Ita
328 1964 533 2003 Numitori
564 1965 729 2004 Albana
759 1980 802 2004 re
833 1967 1043 2017 permissa,
1076 1967 1294 2005 Romulum
1311 1967 1607 2018 Remumque3

116 2036 264 2087 cupido
298 2037 407 2086 cepit
438 2037 479 2073 in
511 2037 561 2075 iis
592 2038 702 2086 locis,
750 2038 823 2077 ubi
855 2040 1029 2089 expositi
1060 2040 1213 2090 ubique
1245 2041 1407 2079 educati
1441 2045 1566 2089 erant,

114 2109 228 2147 urbis
261 2109 493 2149 condendae.
540 2110 595 2148 Et
626 2114 835 2161 supererat
866 2111 1084 2150 multitudo
1109 2111 1367 2150 Albanorum
1398 2113 1566 2151 Latino-

113 2194 299 2232 rumque;
333 2181 384 2219 ad
416 2181 457 2219 id
487 2186 668 2233 pastores
701 2197 860 2235 quoque
893 2188 1155 2233 accesserant,
1186 2186 1256 2235 qui
1288 2198 1425 2224 omnes
1449 2187 1567 2224 facile

115 2266 227 2304 spem
275 2254 468 2304 facerent,
514 2269 680 2306 parvam
719 2255 882 2304 Albam,
927 2270 1096 2307 parvum
1134 2257 1352 2296 Lavinium
1394 2272 1478 2309 prae
1521 2272 1567 2296 ea

113 2325 226 2375 urbe,
260 2339 348 2376 quae
381 2327 632 2376 conderetur,
662 2329 761 2368 fore.
822 2329 1050 2368 Intervenit
1081 2330 1230 2368 deinde
1260 2330 1322 2368 his
1355 2327 1610 2380 cogitatio-4

114 2397 235 2436 nibus
274 2399 425 2436 avitum
457 2400 619 2448 malum,
665 2402 780 2451 regni
813 2401 974 2452 cupido,
1018 2406 1140 2453 atque
1172 2403 1266 2440 inde
1297 2404 1448 2442 foedum
1480 2417 1565 2441 cer-

113 2472 261 2520 tamen,
289 2475 468 2510 coortum
495 2486 518 2510 a
543 2473 639 2511 satis
666 2474 756 2511 miti
773 2474 988 2525 principio.
1035 2475 1235 2523 Quoniam
1261 2477 1411 2525 gemini
1436 2480 1569 2514 essent

113 2556 187 2581 nec
218 2543 349 2581 aetatis
380 2545 625 2584 verecundia
658 2545 875 2584 discrimen
906 2548 1036 2586 facere
1070 2552 1217 2598 posset,
1247 2552 1293 2586 ut
1310 2548 1363 2594 di,
1395 2561 1566 2598 quorum

112 2616 250 2654 tutelae
298 2630 344 2654 ea
389 2617 479 2656 loca
525 2621 667 2666 essent,
713 2620 892 2668 auguriis
932 2620 1124 2671 legerent,
1172 2621 1242 2671 qui
1274 2632 1416 2657 nomen
1450 2632 1564 2658 novae

112 2687 207 2726 urbi
241 2688 368 2737 daret,
401 2690 472 2741 qui
505 2691 708 2729 conditam
742 2691 910 2742 imperio
927 2697 1097 2743 regeret,
1130 2692 1334 2730 Palatium
1352 2691 1566 2742 Romulus,
