1821 2928
225 120 274 158 18
851 115 965 152 Liber
989 116 1020 151 Ι.

221 257 296 294 que
328 247 367 281 et
398 244 456 281 ita
486 243 657 293 posteris
687 242 862 289 tradant,
907 242 1037 281 nullas
1069 256 1163 294 opes
1193 244 1386 282 humanas
1416 244 1537 282 armis
1567 243 1654 281 Ro-

221 316 348 354 manis
376 315 562 352 resistere
587 317 738 364 posse.“
791 314 939 364 „Haec“
961 315 1094 365 inquit
1114 315 1294 362 „locutus
1311 315 1491 353 sublimis
1507 314 1647 354 abiit‚“

179 385 203 421 8
221 387 383 435 Mirum,
417 389 608 436 quantum
636 385 698 423 illi
723 385 808 423 viro
834 387 1036 424 nuntianti
1060 387 1143 424 haec
1170 386 1263 424 fidei
1292 386 1426 434 fuerit,
1453 397 1653 436 quamque

220 458 460 496 desiderium
487 456 653 494 Romuli
683 456 789 507 apud
819 457 976 506 plebem
1008 458 1304 508 exercitumque
1333 458 1439 497 facta
1468 457 1548 496 fide
1580 457 1654 494 im·

220 528 478 568 mortalitatis
511 528 679 566 lenitum
711 528 774 565 sit.

83 598 128 645 17
336 600 504 638 Patrum
535 599 695 637 interim
726 599 878 637 animos
910 602 1110 637 certamen
1141 600 1253 648 regni
1284 613 1330 638 ac
1360 599 1505 650 cupido
1521 611 1655 638 versa·

221 673 308 719 bat;
354 671 520 710 necdum
566 671 618 708 ad
649 670 838 719 singulos,
885 670 980 720 quia
1024 684 1138 709 nemo
1179 683 1421 721 magnopere
1452 670 1658 708 eminebat

220 744 261 781 in
276 756 379 781 novo
396 742 558 793 populo,
576 745 833 792 pervenerat;
850 741 1094 780 factionibus
1112 742 1217 780 inter
1234 742 1392 781 ordines
1409 742 1652 781 certabatur.

178 814 200 850 2
222 813 396 853 Oriundi
426 815 475 852 ab
502 812 673 860 Sabinis,
705 827 766 861 ne,
797 814 891 863 quia
922 816 1014 863 post
1029 813 1139 851 Tatii
1170 817 1336 852 mortem
1366 814 1417 852 ab
1441 825 1513 851 sua
1536 815 1653 863 parte

218 900 298 924 non
329 889 414 923 erat
443 888 665 934 regnatum,
695 885 736 922 in
767 884 958 922 societate
990 897 1143 934 aequam
1174 885 1464 935 possessionem
1495 882 1656 934 imperii

220 958 464 1007 amitterent,
492 957 553 994 sui
578 956 756 1006 corporis
784 955 912 993 creari
927 968 1063 1004 regem
1078 955 1285 1003 volebant3
1311 955 1484 994 Romani
1498 958 1654 994 veteres

179 1028 202 1064 3
220 1029 474 1080 peregrinum
506 1040 640 1077 regem
671 1027 1001 1077 aspernabantur.
1047 1026 1097 1064 In
1122 1027 1244 1065 variis
1267 1026 1539 1066 voluntatibus
1562 1038 1650 1075 reg-

219 1101 308 1140 nari
337 1104 471 1138 tamen
502 1111 636 1137 omnes
667 1098 868 1148 volebant,
910 1098 1110 1135 libertatis
1141 1098 1352 1137 dulcedine
1382 1097 1559 1137 nondum
1588 1110 1651 1134 ex·

176 1174 201 1209 4
219 1177 345 1224 perta.
405 1171 543 1209 Timor
587 1169 731 1207 deinde
760 1172 894 1219 patres
925 1169 1101 1215 incessit,
1147 1183 1197 1207 ne
1228 1170 1432 1208 civitatem
1462 1169 1548 1208 sine
1578 1168 1654 1206 im-

218 1244 343 1295 perio,
370 1242 589 1280 exercitum
613 1242 698 1279 sine
724 1240 835 1288 duce,
861 1240 1076 1278 multarum
1101 1241 1207 1279 circa
1238 1242 1460 1280 civitatium
1476 1240 1653 1278 irritatis

218 1315 376 1362 animis,
405 1314 468 1352 vis
498 1313 636 1362 aliqua
667 1315 829 1350 externa
860 1311 1096 1349 adoriretur.
1142 1313 1196 1350 Et
1227 1326 1310 1351 esse
1335 1313 1460 1362 igitur
1484 1309 1653 1362 aliquod

219 1391 338 1438 caput
367 1385 565 1436 placebat,
596 1386 634 1421 et
663 1395 776 1420 nemo
808 1383 927 1420 alteri
958 1382 1173 1420 concedere
1204 1383 1246 1420 in
1277 1384 1454 1421 animum
1489 1382 1653 1421 induce·

178 1454 299 1498 5bat.
358 1457 424 1495 Ita
468 1469 552 1493 rem
583 1455 686 1492 inter
717 1467 757 1491 se
789 1456 946 1491 centum
976 1457 1122 1503 patres,
1164 1455 1301 1493 decem
1332 1455 1505 1492 decuriis
1534 1453 1652 1492 factis

219 1529 466 1579 singulisque
512 1527 552 1563 in
599 1525 775 1574 singulas
807 1524 989 1562 decurias
1020 1525 1176 1574 creatis,
1226 1526 1295 1574 qui
1326 1538 1487 1564 summae
1516 1538 1649 1564 rerum

180 1602 203 1638 6
222 1603 448 1653 praeessent,
481 1597 720 1636 consociant.
758 1595 911 1633 Decem
942 1595 1244 1645 imperitabant;
1275 1610 1378 1635 unus
1408 1609 1497 1634 cum
1526 1595 1652 1644 insig-

218 1673 339 1712 nibus
371 1669 532 1720 imperii
564 1671 603 1706 et
632 1666 842 1705 lictoribus
868 1670 971 1713 erat3
1005 1666 1180 1716 quinque
1205 1667 1359 1705 dierum
1383 1668 1512 1717 spatio
1539 1666 1650 1704 finie-

218 1746 337 1783 batur
367 1740 579 1792 imperium
611 1752 655 1776 ac
684 1751 756 1788 per
787 1751 920 1775 omnes
952 1738 992 1774 in
1019 1738 1155 1775 orbem
1175 1738 1281 1785 ibat;
1312 1751 1564 1788 annuumque
1590 1738 1650 1775 in-

219 1815 430 1854 tervallum
460 1812 575 1861 regni
605 1810 691 1848 fuit.
737 1808 786 1846 Id
818 1809 866 1846 ab
897 1822 951 1855 re,
984 1809 1090 1858 quod
1122 1823 1226 1847 nunc
1258 1822 1416 1859 quoque
1446 1812 1557 1847 tenet
1581 1822 1649 1847 no·

180 1882 201 1918 7
220 1901 320 1936 men,
354 1886 626 1933 interregnum
657 1881 914 1931 appellatum.
962 1879 1149 1917 Fremere
1180 1880 1326 1918 deinde
1356 1880 1481 1931 plebs,
1512 1879 1648 1917 multi-

219 1959 408 2010 plicatam
453 1954 696 1999 servitutem,
742 1954 899 1988 centum
944 1964 1017 2000 pro
1048 1964 1126 1988 uno
1158 1951 1339 1989 dominos
1383 1952 1526 1999 factos;
1575 1964 1650 1989 nec

177 2028 201 2065 8
219 2031 326 2068 ultra
348 2028 428 2066 nisi
452 2039 588 2076 regem
613 2027 654 2062 et
679 2024 728 2061 ab
745 2023 843 2072 ipsis
861 2026 1035 2060 creatum
1051 2021 1292 2060 videbantur
1308 2023 1476 2072 passuri.
1517 2021 1649 2069 Quum

219 2101 436 2139 sensissent
482 2110 528 2135 ea
572 2095 723 2133 moveri
767 2098 912 2144 patres,
958 2092 1202 2131 offerendum
1247 2094 1356 2131 ultro
1402 2094 1492 2140 rati,
1540 2092 1648 2142 quod

219 2171 403 2211 amissuri
435 2171 558 2214 erant,
605 2168 663 2205 ita
694 2166 864 2215 gratiam
896 2165 1044 2211 ineunt,
1090 2177 1242 2202 summa
1270 2167 1470 2214 potestate
1499 2164 1648 2214 populo

178 2242 200 2277 9
218 2243 422 2294 permissa,
454 2244 499 2277 ut
529 2252 608 2277 non
638 2239 727 2288 plus
760 2237 901 2274 darent
930 2236 1028 2273 iuris
1059 2248 1178 2284 quam
1208 2236 1438 2274 retinerent.
1497 2233 1647 2272 Decre-

218 2317 363 2352 verunt
393 2312 509 2357 enim,
539 2313 595 2356 ut,
627 2322 746 2359 quum
779 2307 951 2357 populus
981 2319 1116 2356 regem
1148 2306 1339 2353 iussisset,
1370 2305 1412 2342 id
1437 2305 1493 2343 sic
1515 2308 1648 2343 ratum
1672 2313 1676 2316 ’

220 2389 331 2432 esset,
379 2384 411 2422 si
456 2386 589 2432 patres
631 2383 813 2417 auctores
850 2378 1002 2416 fierent.
1063 2377 1199 2415 Hodie
1230 2390 1388 2427 quoque
1419 2376 1460 2414 in
1490 2376 1648 2425 legibus

219 2455 598 2505 magistratibusque
641 2450 832 2499 rogandis
862 2452 1079 2499 usurpatur
1109 2448 1215 2486 idem
1245 2449 1318 2497 ius,
1364 2448 1406 2485 vi
1437 2447 1644 2496 adempta:

220 2529 454 2578 priusquam
483 2522 654 2574 populus
685 2520 915 2568 suffragium
947 2520 1066 2567 ineat,
1097 2520 1139 2556 in
1171 2520 1368 2557 incertum
1395 2518 1647 2556 comitiorum

152 2600 200 2637 1Ο
219 2602 403 2637 eventum
434 2600 566 2647 patres
598 2597 778 2630 auctores
808 2591 921 2629 fiunt.
969 2590 1071 2627 Tum
1096 2591 1281 2639 interrex,
1315 2589 1500 2626 contione
1526 2587 1645 2626 advo-

221 2675 320 2718 cata,
356 2668 499 2716 „Quod
515 2666 676 2709 bonum,
700 2663 873 2700 faustum
889 2662 1066 2711 felixque
1083 2662 1158 2698 sit“
1179 2660 1322 2710 inquit,
1343 2659 1558 2707 „Quirites,
1585 2673 1644 2697 re-
