1821 2928
568 147 684 183 Liber
707 147 754 183 V.
803 148 866 193 (A.
892 148 957 184 Ob.
982 149 1077 192 390.)
1459 153 1541 190 297

98 277 169 324 les,
201 277 346 316 omissa
376 291 507 315 rerum
539 289 699 315 suarum
732 290 838 324 cura,
869 289 957 327 quae
981 289 1182 314 sacrorum
1206 289 1339 314 secum
1365 275 1540 323 ferenda,

101 362 200 400 quae,
232 350 326 400 quia
356 350 460 388 vires
492 349 543 387 ad
569 349 703 387 omnia
726 349 891 386 ferenda
907 348 1083 396 deerant,
1114 347 1380 398 relinquenda
1398 352 1541 395 essent,

99 421 382 468 consultantes,
413 421 552 471 quisve
584 434 630 459 ea
661 421 771 459 locus
802 420 913 458 fideli
931 422 1207 458 asservaturus
1228 419 1409 458 custodia
1426 423 1542 468 esset,

84 482 293 544 'optimum
333 493 484 531 ducunt
521 493 684 531 condita
723 494 763 530 in
795 493 959 531 doliolis
990 492 1139 530 sacello
1170 492 1354 542 proximo
1386 491 1583 531 aedibus8

97 564 270 603 flaminis
287 564 524 612 Quirinalis,
550 566 620 603 ubi
638 579 743 603 nunc
762 565 904 615 despui
920 564 1065 613 religio
1083 567 1152 609 est,
1172 563 1376 611 defodere3
1411 568 1542 602 cetera

98 636 204 674 inter
234 651 275 674 se
307 651 425 675 onere
455 638 605 688 partito
637 638 772 676 ferunt
801 638 879 684 via,
910 650 998 687 quae
1023 636 1196 674 sublicio
1221 639 1342 686 ponte
1362 637 1474 674 ducit
1490 636 1540 675 ad

96 708 335 747 Ianiculum.
398 710 447 747 In
493 724 538 748 eo
584 710 689 748 clivo
737 723 801 747 eas
849 722 971 759 quum
1003 708 1048 746 L.
1080 708 1284 755 Albinius,
1331 708 1379 746 de
1421 709 1580 759 plebe9

96 780 279 820 Romana
323 782 453 828 homo,
501 782 785 833 conspexisset,
830 782 1012 831 plaustro
1060 780 1269 830 coniugem
1316 794 1360 818 ac
1393 781 1541 820 liberos

98 854 271 892 avehens
304 855 408 892 inter
440 858 612 892 ceteram
643 855 814 901 turbam,
845 866 933 904 quae
962 853 1116 890 inutilis
1132 853 1240 890 bello
1257 853 1357 890 urbe
1376 854 1540 891 excede-

96 926 178 973 bat,
224 927 334 965 salvo
382 927 502 965 etiam
547 930 631 964 tum
675 926 902 964 discrimine
935 925 1163 963 divinarum
1196 926 1541 975 humanarumque
1561 924 1614 962 lO

96 1012 242 1045 rerum,
274 999 508 1048 religiosum
540 1003 663 1046 ratus,
710 998 937 1036 sacerdotes
966 998 1149 1048 publicas
1180 1011 1371 1048 sacraque
1403 999 1542 1048 populi

95 1070 270 1109 Romani
301 1071 471 1121 pedibus
505 1073 562 1109 ire
594 1072 781 1122 ferrique,
813 1084 855 1108 se
888 1084 932 1108 ac
958 1083 1050 1108 suos
1077 1070 1119 1108 in
1145 1069 1333 1108 vehiculo
1348 1071 1541 1126 conspici,

97 1143 340 1181 descendere
385 1157 551 1181 uxorem
598 1158 643 1181 ac
688 1157 833 1194 pueros
879 1143 1007 1190 iussit,
1051 1142 1230 1191 virgines
1270 1156 1462 1193 sacraque
1502 1143 1541 1180 in

97 1215 323 1266 plaustrum
356 1217 547 1266 imposuit
578 1219 618 1253 et
645 1215 768 1263 Caere,
801 1229 879 1266 quo
912 1215 988 1253 iter
1018 1214 1295 1252 sacerdotibus
1327 1218 1421 1261 erat,
1453 1228 1540 1265 per-

95 1287 215 1326 vexit.

211 1359 350 1398 Romae
382 1361 555 1407 interim,
588 1361 684 1398 satis
717 1361 794 1398 iam
828 1359 1025 1406 omnibus,
1055 1363 1100 1396 ut
1130 1359 1171 1396 in
1188 1359 1260 1396 tali
1277 1372 1331 1406 re,
1363 1359 1411 1396 ad
1428 1362 1540 1397 tuen·
1623 1354 1675 1401 41

99 1431 191 1470 dam
237 1446 368 1470 arcem
415 1433 657 1483 compositis,
703 1432 823 1470 turba
863 1432 1063 1469 seniorum
1103 1432 1241 1469 domos
1270 1432 1444 1480 regressi
1476 1431 1542 1469 ad·

97 1507 260 1541 ventum
305 1504 481 1542 hostium
526 1505 727 1542 obstinato
774 1504 824 1541 ad
868 1507 1035 1541 mortem
1081 1504 1214 1542 animo
1247 1503 1544 1553 exspectabant.

99 1573 180 1622 Qui
226 1589 361 1614 eorum
408 1578 567 1615 curules
611 1580 819 1627 gesserant
863 1576 1140 1625 magistratus,
1194 1579 1239 1613 ut
1284 1576 1325 1613 in
1371 1574 1634 1619 fortunae2fl

97 1645 279 1698 pristinae
310 1648 586 1700 honorumque
617 1662 662 1687 ac
691 1649 855 1686 virtutis
886 1648 1111 1697 insignibus
1153 1652 1415 1695 morerentur,
1455 1661 1542 1698 quae

98 1721 382 1770 augustissima
411 1722 533 1760 vestis
565 1725 624 1759 est
653 1725 786 1759 tensas
803 1721 1045 1758 ducentibus
1058 1720 1466 1770 triumphantibusve‚
1497 1733 1544 1758 ea

95 1793 234 1830 vestiti
265 1793 396 1831 medio
420 1793 565 1831 aedium
593 1794 779 1832 eburneis
796 1793 906 1831 sellis
923 1793 1070 1831 sedere.
1117 1791 1230 1839 Sunt,
1261 1793 1331 1842 qui
1348 1792 1402 1830 M.
1421 1793 1540 1831 Folio
1559 1791 1583 1828 3

97 1864 285 1915 pontifice
317 1866 488 1904 maximo
520 1870 725 1917 praeeunte
757 1879 915 1903 carmen
942 1865 1150 1913 devovisse
1176 1878 1242 1902 eos
1259 1878 1299 1902 se
1317 1878 1391 1914 pro
1408 1865 1542 1915 patria

99 1935 413 1988 Quiritibusque
444 1938 638 1976 Romanis
676 1938 850 1976 tradant.
913 1937 1034 1985 Galli,
1080 1940 1120 1974 et
1164 1937 1261 1987 quia
1300 1935 1583 1986 interposita4

97 2012 216 2046 nocte
247 2023 270 2047 a
302 2010 554 2048 contentione
585 2023 730 2061 pugnae
762 2010 1001 2048 remiserant
1032 2010 1183 2048 animos
1215 2013 1253 2047 et
1284 2008 1392 2059 quod
1409 2009 1543 2046 necin

97 2081 181 2118 acie
212 2081 382 2131 ancipiti
413 2095 580 2132 usquam
613 2086 865 2120 certaverant
895 2082 1040 2132 proelio
1073 2095 1144 2120 nec
1174 2084 1258 2119 tum
1291 2081 1447 2132 impetu
1474 2084 1544 2118 aut

97 2153 138 2191 vi
170 2153 386 2203 capiebant
416 2153 567 2201 urbem,
598 2155 682 2192 sine
715 2154 786 2201 ira,
824 2155 910 2192 sine
941 2154 1084 2193 ardore
1114 2155 1337 2193 animorum
1370 2153 1542 2203 ingressi

96 2228 258 2276 postero
291 2225 356 2262 die
388 2226 527 2263 urbem
553 2230 715 2276 patente
733 2226 891 2265 Collina
922 2230 1049 2277 porta,
1081 2227 1124 2264 in
1140 2227 1268 2264 forum
1286 2226 1542 2276 perveniunt,

98 2297 421 2335 circumferentes
459 2298 595 2336 oculos
634 2299 683 2336 ad
715 2299 868 2349 templa
898 2299 1015 2336 deum
1047 2312 1256 2349 arcemque
1289 2299 1414 2336 solam
1445 2298 1542 2336 belli

97 2370 269 2419 speciem
300 2373 512 2408 tenentem.
558 2370 672 2418 Inde,
702 2372 860 2410 modico
892 2372 1033 2409 relicto
1063 2371 1263 2422 praesidio,
1294 2385 1343 2409 ne
1374 2371 1463 2421 quis
1494 2371 1534 2408 in
1558 2367 1583 2405 5

99 2441 318 2492 dissipatos
357 2456 405 2480 ex
446 2456 535 2480 arce
574 2446 644 2481 aut
675 2443 878 2494 Capitolio
918 2444 1092 2494 impetus
1129 2443 1253 2489 fieret,
1300 2443 1449 2493 dilapsi
1491 2441 1542 2479 ad

97 2514 274 2564 praedam
307 2514 444 2552 vacuis
477 2527 645 2553 occursu
674 2515 878 2553 hominum
910 2516 998 2563 viis,
1030 2529 1122 2566 pars
1153 2516 1193 2553 in
1221 2515 1407 2565 proxima
1434 2525 1541 2564 quae·

99 2599 176 2636 que
206 2590 402 2624 tectorum
434 2587 591 2636 agmine
622 2590 755 2634 ruunt,
785 2601 878 2638 pars
908 2588 1062 2634 ultima,
1093 2587 1203 2625 velut
1235 2600 1282 2624 ea
1307 2586 1464 2623 demum
1481 2585 1539 2623 in-

96 2660 206 2696 tacta
243 2662 284 2696 et
319 2659 467 2696 referta
506 2659 654 2709 praeda,
701 2662 859 2710 petunt3
905 2659 999 2697 inde
1029 2672 1167 2696 rursus
1199 2658 1287 2708 ipsa
1316 2657 1582 2695 solitudiness

98 2729 318 2777 absterriti,
363 2744 412 2769 ne
458 2744 537 2781 qua
574 2731 683 2768 fraus
723 2731 882 2769 hostilis
914 2744 1036 2780 vagos
1077 2730 1291 2779 exciperet,
1338 2729 1378 2767 in
1410 2729 1539 2767 forum
