1821 2928
560 155 676 192 Liber
701 155 747 191 v.
798 157 858 201 (A.
885 156 950 192 eh.
976 156 1070 200 390.)
1454 160 1534 199 309

88 288 241 327 flamini
270 285 386 326 Diali
432 287 588 323 noctem
633 297 754 322 unam
792 297 951 322 manere
992 290 1103 324 extra
1141 285 1281 324 urbem
1321 284 1432 322 nefas
1465 289 1534 322 est.

91 360 178 400 Hos
202 359 392 398 Veientes
423 370 496 408 pro
527 356 722 394 Romanis
753 356 900 394 facturi
932 357 1028 395 estis
1054 358 1292 404 sacerdotes,
1323 359 1364 394 et
1387 354 1530 395 Vesta·
1553 357 1604 393 14

91 433 149 471 les
179 435 257 470 tuae
288 434 328 469 te
369 429 563 476 deserent,
609 427 746 475 Vesta,
787 431 827 466 et
866 427 1010 466 flamen
1040 441 1208 480 peregre
1239 428 1459 466 habitando
1492 429 1535 466 in

90 503 268 553 singulas
299 505 436 541 noctes
466 503 622 539 tantum
654 501 735 538 sibi
765 501 903 551 reique
928 501 1102 551 publicae
1128 500 1280 551 piaculi
1298 499 1534 538 contrahet?

91 575 199 623 Quid
231 574 322 622 alia,
353 586 441 624 quae
473 573 678 624 auspicato
711 573 865 622 agimus
897 561 1029 611 omnia
1055 572 1136 610 fere
1164 573 1269 610 intra
1285 573 1532 623 pomoerium,
1554 570 1603 608 15

91 647 156 685 cui
181 646 379 686 oblivioni
406 648 475 683 aut
491 645 556 682 cui
572 644 829 694 negligentiae
847 643 1018 682 damus?
1064 643 1240 682 Comitia
1258 645 1420 691 curiata,
1446 657 1533 694 quae
1555 643 1603 680 16

91 732 173 757 rem
205 719 419 757 militarem
451 717 666 764 continent,
706 717 871 755 comitia
902 716 1137 763 centuriata,
1177 716 1321 766 quibus
1354 716 1535 754 consules

89 791 355 841 tribunosque
385 790 583 828 militares
616 790 772 836 creatis,
803 789 874 827 ubi
905 789 1123 839 auspicato,
1153 788 1234 826 nisi
1261 788 1331 826 ubi
1348 788 1533 834 assolent,

89 862 178 900 fieri
194 861 390 913 possunt?
436 861 613 900 Veiosne
631 862 714 899 haec
731 860 1046 899 transferemus?
1078 874 1128 898 an
1145 860 1397 898 comitiorum
1415 873 1534 898 causa
1554 861 1602 898 17

87 935 264 985 populus
302 937 415 973 tanto
456 934 707 972 incommodo
745 935 787 971 in
827 933 1025 971 desertam
1055 932 1158 971 hanc
1189 933 1238 970 ab
1272 932 1334 970 dis
1365 932 1535 970 homini-

90 1006 245 1057 busque
275 1007 413 1045 urbem
446 1005 708 1044 conveniet‘?“

210 1078 295 1126 „At
327 1079 430 1116 enim
462 1082 629 1129 apparet
660 1078 824 1128 quidem
848 1078 992 1126 pollui
1015 1077 1146 1115 omnia
1163 1090 1235 1115 nec
1251 1076 1346 1114 ullis
1362 1075 1533 1127 piaculis

88 1150 246 1201 expiari
262 1164 396 1200 posse;
414 1150 483 1189 sed
500 1164 563 1188 res
582 1151 669 1201 ipsa
685 1150 794 1198 cogit
810 1153 963 1188 vastam
981 1149 1181 1187 incendiis
1192 1148 1401 1199 ruinisque
1413 1148 1534 1186 relin-

92 1235 215 1272 quere
239 1223 378 1260 urbem
404 1226 443 1260 et
468 1221 519 1260 ad
544 1222 705 1272 integra
728 1222 863 1260 omnia
887 1221 1011 1260 Veios
1035 1222 1208 1272 migrare
1231 1234 1304 1259 nec
1329 1221 1396 1258 hic
1414 1220 1534 1258 aedifi-

90 1293 220 1332 cando
237 1294 395 1344 inopem
413 1294 573 1344 plebem
590 1307 747 1333 vexare.
787 1294 905 1332 Hanc
923 1298 1055 1332 autem
1072 1294 1215 1331 iactari
1231 1293 1358 1342 magis
1376 1293 1575 1339 0811881112

43 1372 46 1375 ’
90 1379 210 1416 quam
240 1379 375 1404 veram
407 1380 503 1414 esse,
533 1370 580 1404 ut
603 1379 677 1415 ego
704 1379 783 1404 non
802 1365 941 1412 dicam,
974 1379 1170 1416 apparere
1186 1365 1313 1412 vobis,
1345 1363 1536 1412 Quirites,

89 1441 200 1488 puto,
242 1439 312 1488 qui
343 1439 594 1485 meministis,
634 1441 725 1475 ante
759 1436 969 1476 Gallorum
1001 1437 1228 1484 adventum,
1268 1437 1388 1476 salvis
1418 1438 1535 1474 tectis

90 1510 268 1560 publicis
298 1510 563 1561 privatisque,
594 1513 724 1548 stante
755 1510 946 1548 incolumi
979 1509 1091 1556 urbe,
1124 1510 1225 1547 hanc
1257 1509 1422 1547 eandem
1452 1522 1536 1547 rem

91 1586 221 1621 actam
253 1596 348 1630 esse,
387 1587 433 1620 ut
465 1582 587 1621 Veios
618 1583 1009 1632 transmigraremus.
1069 1581 1123 1619 Et
1152 1581 1300 1629 videte,
1341 1584 1534 1631 quantum
1553 1582 1576 1620 3

92 1656 198 1693 inter
244 1668 369 1693 meam
415 1655 655 1692 sententiam
701 1658 953 1705 vestramque
991 1654 1161 1700 intersit,
1208 1653 1377 1691 tribuni.
1439 1653 1535 1701 Vos,

90 1727 249 1766 etiamsi
294 1730 390 1765 tunc
435 1727 660 1765 faciendum
703 1741 783 1766 11011
823 1727 955 1774 fuerit,
1001 1739 1105 1764 nunc
1136 1726 1276 1776 utique
1309 1725 1534 1764 faciendum

90 1800 261 1849 putatis;
294 1813 368 1849 ego
401 1803 540 1838 contra
559 1801 647 1848 (nec
678 1799 720 1836 id
752 1799 888 1837 mirati
914 1799 1015 1846 sitis,
1046 1798 1293 1849 priusquam,
1327 1798 1445 1848 quale
1470 1798 1535 1844 sit,

89 1871 332 1922 audieritis),
364 1872 522 1910 etiamsi
553 1876 637 1909 tum
670 1871 921 1921 migrandum
946 1871 1089 1909 fuisset
1116 1870 1307 1908 incolumi
1322 1873 1407 1907 tota
1423 1870 1533 1915 urbe,

92 1956 196 1981 nunc
240 1943 312 1981 1188
358 1944 494 1982 ruinas
540 1944 824 1994 relinquendas
865 1957 944 1984 non
984 1955 1197 1982 censerem.
1258 1941 1418 1993 Quippe
1448 1942 1574 1980 tum4

93 2027 211 2053 causa
242 2014 359 2053 nobis
390 2015 432 2052 in
465 2016 603 2054 urbem
636 2020 792 2066 captam
810 2015 1011 2065 migrandi
1027 2015 1197 2052 victoria
1213 2017 1327 2061 esset,
1359 2014 1535 2063 gloriosa

92 2087 207 2125 nobis
238 2100 282 2124 80
313 2087 485 2137 posteris
516 2088 683 2134 nostris;
716 2101 821 2125 nunc
851 2088 937 2126 haec
968 2087 1158 2137 migratio
1186 2086 1302 2125 nobis
1328 2086 1473 2124 misera
1490 2099 1534 2124 80

90 2158 237 2209 turpis,
269 2157 399 2197 Gallis
429 2159 607 2208 gloriosa
638 2163 708 2197 est.
755 2160 845 2198 Non
879 2160 982 2197 enim
1013 2159 1222 2210 reliquisse
1247 2159 1433 2206 victores,
1464 2158 1574 2197 sed5

91 2231 271 2269 amisisse
308 2231 406 2268 victi
446 2231 618 2281 patriam
658 2231 904 2270 videbimur:
947 2232 1022 2270 hoc
1053 2231 1103 2269 ad
1135 2230 1276 2269 Aliam
1307 2231 1414 2280 fuga,
1460 2231 1535 2269 hoc

91 2305 209 2353 capta
248 2303 355 2350 urbs,
394 2303 468 2341 hoc
509 2303 811 2342 circumsessum
846 2303 1092 2354 Capitolium
1125 2303 1377 2341 necessitatis
1409 2303 1533 2353 impo-

91 2374 228 2422 suisse,
264 2378 309 2412 ut
340 2375 610 2413 desereremus
641 2380 805 2426 penates
836 2380 994 2414 nostros
1025 2375 1292 2425 exsiliumque
1323 2389 1369 2413 ac
1400 2376 1534 2424 fugam

93 2446 208 2484 nobis
246 2460 295 2485 ex
327 2460 372 2485 eo
404 2446 492 2485 loco
523 2448 868 2495 conscisceremus,
911 2461 1027 2498 quem
1067 2447 1175 2485 tueri
1208 2461 1288 2485 non
1319 2459 1534 2496 possemus.

94 2517 145 2555 Et
178 2517 289 2557 Galli
322 2521 500 2557 evertere
531 2523 749 2569 potuerunt
779 2519 964 2567 Romam,
1002 2519 1177 2558 Romani
1209 2519 1422 2557 restituere
1455 2531 1533 2555 non

93 2589 339 2629 videbuntur
368 2590 576 2640 potuisse?
622 2590 731 2638 Quid
762 2595 887 2629 restat
918 2592 997 2630 nisi
1028 2595 1084 2639 ut,
1116 2592 1147 2629 si
1176 2591 1252 2629 iam
1275 2590 1387 2628 novis
1405 2588 1531 2639 copiis
1549 2589 1573 2626 6

92 2662 258 2699 veniant
289 2663 464 2711 (constat
496 2662 611 2709 enim,
652 2663 719 2700 vix
760 2663 990 2701 credibilem
1030 2662 1328 2700 multitudinem
1360 2661 1462 2709 esse)
1496 2665 1536 2698 et

92 2731 276 2772 habitare
321 2734 362 2772 in
408 2737 525 2784 capta
571 2733 621 2771 ab
662 2747 713 2782 se,
760 2734 917 2773 deserta
958 2749 981 2773 a
1011 2734 1125 2772 vobis
1157 2734 1232 2771 hac
1263 2732 1363 2770 urbe
1393 2732 1534 2780 velint,

1607 1073 1663 1122 53
