1821 2928
389 186 467 223 144
844 194 931 219 Liber
949 195 1001 220 ix.
1039 194 1086 224 (A.
1105 201 1134 219 u.
1153 201 1178 219 c.
1197 196 1267 221 433.)

328 311 491 360 accepit,
521 310 571 347 ad
608 309 802 347 Furculas
829 308 1032 346 Caudinas
1069 309 1170 345 inter
1203 308 1300 346 duos
1336 309 1460 346 saltus
1495 308 1649 346 clausos
1679 321 1762 347 esse

330 379 527 416 exercitus
557 377 771 422 Romanos,
817 376 1019 414 consultus
1050 375 1100 413 ab
1133 376 1272 414 nuntio
1304 376 1379 414 filii
1412 377 1583 423 censuit,
1629 390 1762 414 omnes

292 448 312 482 7
332 447 425 484 inde
457 459 575 495 quam
606 445 779 495 primum
813 445 1027 482 inviolatos
1059 443 1331 482 dimittendos.
1392 444 1489 491 Quae
1529 444 1599 482 ubi
1630 448 1762 495 spreta

330 514 527 552 sententia
560 516 629 558 est,
662 513 885 563 iterumque
916 512 1054 550 eodem
1085 516 1286 549 remeante
1312 513 1452 550 nuntio
1471 512 1764 558 consulebatur,

288 583 312 618 8
331 583 494 628 censuit,
525 581 575 619 ad
605 595 727 618 unum
759 595 893 620 omnes
923 579 1232 618 interficiendos.
1291 581 1388 628 Quae
1414 581 1483 618 ubi
1507 583 1589 618 tam
1615 579 1764 618 discor-

332 653 397 689 dia
445 651 548 687 inter
595 663 635 687 se
665 650 774 687 velut
820 664 867 687 ex
911 649 1079 698 ancipiti
1125 648 1286 686 oraculo
1317 662 1506 698 responsa
1537 648 1631 686 data
1661 650 1764 694 sunt,

332 732 559 769 quanquam
604 718 712 756 filius
758 718 842 767 ipse
883 718 925 755 in
955 717 1098 767 primis
1131 717 1207 754 iam
1239 716 1417 753 animum
1448 729 1606 766 quoque
1637 715 1764 765 patris

334 787 582 825 consenuisse
616 787 656 823 in
688 786 826 824 affecto
845 799 1010 836 corpore
1026 785 1199 831 rebatur,
1229 788 1362 822 tamen
1379 797 1570 822 consensu
1588 784 1763 822 omnium

294 855 462 893 Qvictns
501 859 571 896 est,
616 859 659 892 ut
707 855 834 904 ipsum
880 854 920 891 in
961 853 1170 891 censilium
1216 853 1374 891 acciret.
1448 851 1531 890 Nec
1576 855 1764 901 gravatus

331 937 449 961 senex
479 924 656 973 plaustro
689 922 730 959 in
762 924 891 959 castra
923 922 1072 958 dicitur
1104 921 1304 968 advectus,
1335 923 1577 970 vocatusque
1610 920 1650 957 in
1675 932 1765 957 con-

333 991 469 1028 silium
502 992 555 1028 ita
589 991 710 1028 ferme
743 990 899 1027 locutus
930 1004 1024 1036 esse,
1055 993 1101 1026 ut
1129 990 1236 1027 nihil
1262 989 1471 1027 sententiae
1488 1001 1567 1026 suae
1585 990 1767 1033 mutaret,

266 1059 315 1095 10
332 1073 469 1097 causas
498 1062 655 1096 tantum
685 1058 897 1095 adiiceret:
942 1058 1078 1107 priore
1117 1071 1158 1095 se
1199 1057 1380 1105 consilio,
1424 1057 1531 1107 quod
1571 1056 1766 1106 optimum

332 1128 504 1173 duceret,
536 1140 624 1164 cum
653 1126 932 1176 potentissimo
963 1126 1114 1176 populo
1146 1139 1216 1176 per
1246 1126 1385 1174 ingens
1414 1124 1651 1163 beneficium
1680 1137 1767 1174 per-

332 1199 492 1245 petuam
523 1194 681 1232 firmare
711 1208 849 1244 pacem
880 1194 1196 1244 amicitiamque;
1227 1194 1354 1232 altero
1382 1193 1549 1231 consilio
1567 1192 1608 1230 in
1623 1192 1767 1230 multas

333 1267 481 1309 aetates,
507 1263 665 1312 quibus,
683 1263 838 1300 amissis
856 1262 1011 1300 duobus
1029 1263 1284 1309 exercitibus,
1303 1261 1411 1298 haud
1427 1261 1544 1298 facile
1559 1263 1769 1310 receptura

334 1332 439 1369 vires
468 1332 652 1369 Romana
683 1345 744 1369 res
777 1332 892 1370 esset.
922 1331 1072 1368 bellum
1104 1329 1286 1377 differre,
1315 1329 1481 1367 tertium
1506 1328 1660 1366 nullum
1677 1341 1767 1365 con-

268 1400 313 1435 11
334 1400 467 1437 silium
499 1414 593 1437 esse.
653 1400 784 1446 Quum
814 1399 920 1437 filius
951 1399 1102 1449 aliique
1128 1399 1331 1449 principes
1362 1396 1634 1448 percontando
1661 1409 1768 1434 exse-

332 1472 559 1518 querentur,
590 1468 700 1517 quid,
730 1468 764 1505 si
795 1467 928 1506 media
943 1467 1008 1505 via
1035 1467 1193 1504 consilii
1217 1469 1436 1516 caperetur,
1466 1468 1511 1503 ut
1536 1468 1576 1503 et
1591 1464 1768 1503 dimitte-

333 1539 469 1573 rentur
500 1536 720 1573 incolumes
751 1540 791 1572 et
830 1536 937 1584 leges
978 1536 1030 1573 iis
1061 1536 1147 1573 iure
1177 1535 1278 1573 belli
1307 1535 1427 1572 victis
1458 1534 1769 1584 imponerentur,

266 1605 314 1640 12
337 1604 446 1649 „Ista
477 1604 640 1653 quidem
671 1604 892 1641 sententia“
927 1604 1059 1654 inquit
1092 1617 1163 1651 ⁷.ea
1203 1606 1281 1650 est,
1327 1616 1414 1653 quae
1454 1616 1582 1652 neque
1619 1601 1770 1639 amicos

333 1676 446 1722 parat
494 1685 564 1709 nec
610 1671 793 1708 inimicos
831 1672 953 1709 tollit.
1028 1671 1192 1710 Servate
1232 1672 1372 1718 modo,
1419 1684 1518 1721 quos
1548 1669 1769 1719 ignominia

335 1739 611 1785 irritaveritis3
643 1752 687 1777 ea
719 1743 777 1776 est
808 1739 990 1777 Romana
1013 1753 1119 1787 gens,
1150 1753 1238 1789 quae
1254 1739 1362 1777 victa
1386 1739 1589 1789 quiescere
1605 1737 1768 1776 nesciat.

267 1808 316 1845 13
335 1808 459 1845 Vivet
489 1821 643 1857 semper
673 1808 714 1845 in
745 1808 975 1857 pectoribus
1006 1808 1179 1854 illorum,
1218 1807 1412 1858 quicquid
1453 1806 1555 1843 istuc
1595 1818 1769 1856 praesens

336 1876 551 1914 necessitas
583 1875 784 1923 inusserit,
815 1890 886 1913 nec
917 1889 982 1914 eos
1013 1879 1104 1914 ante
1135 1875 1381 1925 multiplices
1411 1888 1549 1924 poenas
1573 1873 1770 1924 expetitas

341 1959 362 1982 a
393 1944 507 1982 vobis
540 1944 742 1993 quiescere
772 1945 913 1982 sinet.“
1070 1943 1073 1946 ’

450 2012 601 2049 Neutra
633 2013 831 2050 sententia
861 2015 1036 2061 accepta,
1065 2011 1297 2049 Herennius
1322 2011 1482 2048 domum
1499 2024 1519 2048 e
1546 2010 1686 2048 castris
1711 2014 1769 2047 est

336 2083 512 2125 avectus3
560 2083 596 2116 et
638 2080 680 2116 in
721 2080 860 2118 castris
890 2081 1084 2119 Romanis
1125 2094 1247 2131 quum
1278 2080 1426 2117 frustra
1456 2078 1572 2117 multi
1605 2081 1769 2116 conatus

334 2147 384 2184 ad
429 2147 717 2196 erumpendum
763 2148 871 2198 capti
916 2152 1043 2187 essent
1084 2152 1123 2186 et
1153 2148 1232 2186 iam
1264 2147 1440 2184 omnium
1469 2159 1602 2184 rerum
1632 2146 1770 2196 inopia

294 2216 448 2261 2esset,
492 2214 591 2251 victi
637 2216 872 2254 necessitate
913 2217 1066 2265 legatos
1111 2217 1285 2262 mittunt,
1331 2215 1401 2265 qui
1430 2215 1602 2264 primum
1632 2228 1769 2265 pacem

337 2295 490 2331 aequam
521 2285 722 2331 peterent;
768 2283 801 2320 si
832 2298 969 2333 pacem
1002 2300 1079 2323 non
1112 2285 1383 2333 impetrarent,
1413 2282 1473 2320 uti
1505 2286 1770 2332 provocarent

297 2351 389 2388 3ad
433 2362 619 2399 pugnam.
692 2350 793 2388 Tum
826 2352 996 2390 Pontius
1041 2352 1284 2390 debellatum
1329 2364 1412 2388 esse
1456 2350 1675 2400 respondit,
1719 2353 1769 2397 et,

335 2418 525 2467 quoniam
555 2431 604 2455 ne
635 2418 734 2455 victi
775 2419 936 2467 quidem
976 2434 1021 2457 ac
1063 2419 1171 2469 capti
1211 2420 1408 2457 fortunam
1451 2418 1568 2456 fateri
1609 2418 1770 2463 scirent,

336 2485 503 2523 inermes
535 2499 621 2523 cum
653 2485 821 2534 singulis
852 2488 1099 2525 vestimentis
1130 2488 1202 2525 sub
1235 2488 1373 2536 iugum
1404 2487 1636 2531 missuru1n;
1669 2486 1768 2523 alias

295 2553 591 2591 4contliciones
622 2554 732 2604 pacis
771 2567 904 2604 aequas
944 2555 1061 2592 victis
1102 2569 1147 2592 ac
1186 2555 1409 2592 victoribus
1447 2554 1550 2591 fore:
1596 2554 1631 2590 si
1672 2566 1767 2602 agro

336 2619 574 2658 Samnitium
591 2621 860 2672 decederetur,
886 2622 1054 2659 coloniae
1071 2622 1377 2667 abducerent-ur,
1403 2621 1485 2658 suis
1504 2621 1595 2658 inde
1612 2621 1767 2670 legibus
