1821 2928
380 174 459 212 108
769 183 858 209 Liber
877 184 962 208 vm.
1000 183 1047 211 (Α.
1067 191 1095 209 u.
1115 190 1139 209 e.
1159 184 1315 214 414-415.)

320 310 419 342 rum,
450 310 570 346 quum
597 297 799 334 conversis
821 297 946 345 signis
969 301 1076 335 retro
1094 297 1135 334 in
1150 296 1288 334 urbem
1305 297 1514 344 rediretur,
1544 301 1753 347 praetorem

321 378 457 401 eorum
488 364 646 401 nomine
677 364 912 402 Milionium
944 365 1091 402 dixisse
1114 364 1257 411 ferunt,
1287 378 1359 415 pro
1385 365 1550 414 paulula
1565 365 1632 403 via
1648 378 1756 414 mag-

320 446 411 469 uam
442 432 661 469 mercedem
693 446 776 470 esse
807 433 999 470 Romanis
1031 433 1271 470 solvendam.

279 501 302 536 ἶ)
435 500 514 546 Qui
530 500 767 538 Latinorum
794 514 937 550 pugnae
961 501 1248 550 superfuerant,
1279 500 1415 537 multis
1439 499 1652 538 itineribus
1676 501 1756 539 dis-

321 567 443 616 sipati
488 581 609 616 quum
655 581 693 605 se
740 569 780 605 in
833 582 954 605 unum
1001 568 1323 616 conglobassent,
1370 567 1516 605 Vescia
1559 567 1656 605 urbs
1701 568 1757 605 eis

280 638 302 669 ii
322 635 617 683 receptaculum
649 637 736 673 fuit.
797 637 862 673 Ibi
896 637 937 673 in
969 636 1150 673 conciliis
1167 636 1369 673 Numisius
1386 635 1605 684 imperator
1622 648 1756 673 eorum

320 700 403 751 ssss¹)
459 702 714 750 affirmando,
759 717 1004 741 communem
1059 717 1150 740 vere
1194 703 1364 741 Martem
1406 703 1501 740 belli
1546 707 1757 753 utramque

321 770 446 807 aciem
476 771 563 820 pari
596 771 702 808 caede
724 773 1000 820 prostravisse,
1029 771 1286 819 victoriaeque
1309 784 1452 808 nomen
1466 774 1621 807 tantum
1637 784 1759 820 penes

320 838 522 876 Romanos
555 852 648 884 esse,
694 845 864 876 ceteram
910 854 983 889 pro
1028 839 1146 876 victis
1176 839 1373 875 fortunam
1413 842 1452 875 et
1482 838 1572 875 illos
1603 850 1758 886 gerere,

283 909 303 943 7
321 906 477 943 funesta
494 906 572 944 duo
589 907 795 944 consulum
811 908 1012 956 praetoria,
1044 908 1212 944 alterum
1234 906 1455 955 parricidio
1472 906 1557 951 filii,
1588 906 1756 942 alterum

322 975 497 1012 consulis
535 975 670 1011 devoti
709 974 832 1012 caede:
876 976 1121 1012 trucidatum
1163 974 1378 1010 exercitum
1417 986 1590 1019 omnem,
1636 985 1757 1010 caesos

321 1043 498 1080 hastatos
543 1043 834 1092 principesque,
880 1048 1052 1090 stragem
1098 1046 1137 1078 et
1181 1046 1271 1078 ante
1309 1042 1425 1088 signa
1455 1044 1495 1077 et
1523 1044 1613 1089 post
1644 1040 1759 1088 signa

281 1112 486 1147 Sfactam:
530 1111 692 1148 triarios
737 1115 938 1159 postremo
983 1122 1065 1145 rem
1103 1108 1339 1145 restituisse.
1413 1108 1650 1144 Latinorum
1683 1108 1758 1145 etsi

321 1178 472 1226 pariter
503 1178 642 1213 accisae
675 1177 799 1226 copiae.
832 1177 924 1222 sint,
954 1180 1086 1213 tamen
1111 1176 1386 1225 supplemento
1409 1176 1473 1212 vel
1489 1175 1650 1213 Latium
1667 1189 1758 1225 pro·

283 1248 304 1278 §l
323 1245 413 1293 pius
444 1258 526 1281 esse
555 1245 618 1281 vel
650 1245 818 1282 Volscos
850 1257 967 1294 quam
998 1244 1177 1280 Romam.
1238 1244 1379 1292 Itaque
1410 1244 1444 1280 si
1475 1243 1660 1281 videatur
1691 1243 1759 1289 eis,

322 1325 373 1357 se,
404 1326 452 1349 ex
484 1312 642 1349 Latinis
675 1317 713 1349 et
744 1327 790 1350 ex
824 1312 982 1349 Volscis
1013 1311 1172 1361 populis
1202 1312 1408 1348 iuventute
1434 1324 1602 1360 propere
1619 1310 1759 1356 excita,

322 1379 548 1416 rediturum
580 1380 724 1417 infesto
771 1381 947 1417 exercitu
979 1379 1156 1428 Capuam
1201 1392 1295 1425 esse,
1339 1379 1619 1428 Romanosque
1656 1378 1759 1415 nihil

320 1453 405 1484 tum
436 1448 567 1484 minus
614 1461 732 1496 quam
777 1448 961 1496 proeliurn
1001 1451 1271 1496 exspectantes
1317 1446 1555 1496 necopinato
1585 1445 1760 1483 adventu

256 1516 304 1550 10
321 1515 606 1563 perculsurum.
659 1515 891 1553 Fallacibus
922 1515 1069 1552 litteris
1100 1515 1206 1552 circa
1229 1514 1394 1552 Latium
1423 1527 1645 1563 nomenque
1662 1513 1759 1552 Vol-

321 1595 429 1618 scum
461 1583 603 1629 missis,
635 1583 740 1632 quia,
771 1583 841 1632 qui
871 1596 950 1620 non
976 1583 1240 1620 interfuerant
1264 1593 1420 1631 pugnae,
1451 1582 1501 1619 ad
1519 1581 1759 1619 credendum

320 1657 468 1687 temere
498 1651 701 1688 faciliores
733 1655 856 1696 erant,
888 1651 1175 1688 tumultuarius
1205 1649 1382 1698 undique
1400 1650 1595 1686 exercitus
1610 1649 1758 1699 raptim

255 1719 301 1753 ll
322 1718 570 1767 conscriptus
602 1718 798 1755 convenit.
858 1718 965 1754 Huic
997 1718 1149 1766 agmini
1181 1716 1407 1765 Torquatus
1439 1717 1575 1754 consul
1601 1717 1651 1754 ad
1669 1717 1757 1754 Tri-

319 1786 453 1822 fanum
499 1786 620 1833 (inter
652 1784 877 1822 Sinuessam
910 1785 1217 1833 Minturnasque
1257 1784 1290 1821 is
1322 1784 1432 1822 locus
1463 1787 1537 1833 est)
1569 1785 1756 1822 occurrit.

319 1852 562 1902 Priusquam
586 1853 724 1890 castris
748 1853 856 1890 locus
875 1856 1092 1901 caperetur,
1124 1851 1290 1888 sarcinis
1306 1851 1496 1900 utrinque
1514 1852 1554 1888 in
1571 1866 1755 1890 acervum

255 1921 302 1956 12
322 1920 523 1966 coniectis,
553 1924 773 1970 pugnatum
805 1921 1123 1969 debellatumque
1156 1923 1230 1965 est3
1262 1920 1360 1956 adeo
1393 1920 1497 1956 enim
1527 1920 1664 1957 accisae
1694 1933 1757 1958 res
1783 1961 1787 1966 ,

320 1991 422 2034 sunt,
467 1994 511 2024 ut
556 1989 711 2025 consuli
756 1988 946 2025 victorem
979 1989 1194 2026 exercitum
1225 1990 1276 2027 ad
1309 1988 1609 2038 depopulandos
1639 2001 1756 2037 agros

321 2069 454 2092 eorum
486 2056 647 2093 ducenti
679 2057 872 2094 dederent
903 2070 942 2093 se
974 2069 1108 2094 omnes
1131 2057 1283 2103 Latini,
1315 2057 1638 2105 deditionemque
1670 2069 1755 2093 eam

254 2124 302 2159 13
321 2123 516 2172 Campani
547 2129 815 2172 sequerentur.
875 2124 1035 2161 Latium
1054 2124 1272 2174 Capuaque
1301 2138 1397 2174 agro
1429 2124 1599 2162 multati.
1644 2123 1755 2161 Lati-

320 2204 392 2228 nus
424 2204 528 2239 ager,
573 2191 805 2229 Privernati
854 2192 990 2229 addito
1033 2205 1147 2241 agrO,
1193 2197 1232 2230 et
1262 2193 1468 2238 Falernus,
1514 2192 1583 2241 qui
1615 2190 1753 2240 populi

320 2258 514 2308 Campani
546 2259 687 2305 fuerat,
733 2273 856 2309 usque
888 2260 939 2296 ad
972 2259 1216 2297 Vulturnum
1246 2261 1391 2298 flumen
1422 2259 1532 2309 plebi
1563 2258 1753 2296 Romanae

253 2326 304 2362 14
321 2326 527 2365 dividitur.
600 2326 705 2363 Bina
751 2327 790 2363 in
821 2327 967 2365 Latino
1000 2328 1156 2375 iugera,
1196 2328 1252 2364 ita
1282 2331 1327 2364 ut
1357 2327 1553 2365 dodrante
1584 2339 1632 2364 ex
1662 2325 1754 2362 Pri-

318 2395 474 2432 vernati
490 2394 746 2443 complerent,
778 2394 882 2440 data,
911 2399 1026 2432 terna
1050 2396 1090 2431 in
1108 2395 1290 2441 Falerno,
1322 2394 1615 2444 quadrantibus
1633 2393 1753 2430 etiam

252 2461 301 2497 15
320 2475 391 2510 pro
438 2461 734 2511 longinquitate
779 2462 959 2498 adiectis.
1035 2463 1160 2499 Extra
1188 2476 1346 2511 poenam
1376 2464 1485 2499 fuere
1515 2461 1749 2498 Latinorum

318 2529 540 2566 Laurentes
585 2528 956 2578 Campanorumque
1002 2530 1172 2578 equites,
1224 2530 1318 2578 quia
1360 2543 1440 2567 non
1485 2528 1750 2574 desciverant3

347 2616 370 2659 ¹)
398 2614 594 2649 Excidisse
620 2616 796 2650 videntur
821 2617 935 2650 verba
962 2620 1134 2650 conatum
1160 2615 1320 2650 Numisii
1346 2615 1605 2660 significantia.
