1821 2928
350 233 431 270 222
768 241 860 266 Liber
880 241 917 267 x.
955 240 1003 269 (A.
1023 248 1052 266 u.
1074 247 1098 265 0.
1118 242 1277 271 458—459.)

293 346 466 407 quentiae
499 357 720 403 consultos,
759 356 890 405 qualis
922 355 1030 405 App.
1063 355 1255 392 Claudius
1287 358 1407 402 esset,
1447 356 1541 394 urbi
1572 369 1617 394 ac
1647 356 1732 394 foro

291 425 480 477 praesides
525 425 731 462 habendos
777 428 1047 474 praetoresque
1093 423 1143 460 ad
1181 424 1386 461 reddenda
1426 424 1514 461 iura
1544 425 1734 463 creandos

251 494 387 532 Sesse.
453 494 531 531 His
564 492 729 542 agendis
770 492 854 530 dies
894 496 952 530 est
984 495 1249 541 consumptus.
1316 492 1522 530 Postridie
1553 492 1603 530 ad
1633 505 1733 542 prae-

291 563 483 612 scriptum
525 562 699 599 consulis
738 565 777 598 et
819 561 1043 598 consularia
1086 564 1124 597 et
1162 561 1352 610 praetoria
1393 561 1555 598 comitia
1585 561 1733 598 habita.

251 632 273 669 9
295 631 486 669 Consules
512 631 637 668 creati
664 630 708 677 Q.
735 630 887 667 Fabius
912 633 950 666 et
974 629 1019 666 P.
1043 629 1206 675 Decius,
1230 628 1338 678 App.
1366 628 1558 667 Claudius
1574 632 1734 679 praetor,

292 713 426 737 omnes
457 699 662 746 absentes3
693 702 731 736 et
762 698 808 735 L.
839 697 1057 736 Volumnio
1091 711 1136 734 ex
1168 701 1326 735 senatus
1358 698 1538 736 consulto
1570 701 1611 735 et
1633 698 1731 736 scito

290 768 422 818 plebis
452 770 712 818 prorogatum
743 767 784 804 in
816 780 962 804 annum
993 766 1206 816 imperium
1237 768 1305 803 est.

157 832 215 880 23
405 837 465 875 Eo
489 849 593 875 anno
621 835 807 885 prodigia
830 835 955 872 multa
971 835 1142 880 fuerunt,
1160 848 1328 883 quorum
1344 835 1734 872 averruncandorum

250 906 413 943 2causa
458 905 773 955 supplicationes
828 903 869 940 111
915 902 1083 939 biduum
1129 906 1287 940 senatus
1334 902 1528 950 decrevit3
1572 902 1734 953 publice

290 973 428 1011 vinum
470 987 515 1011 ac
554 978 619 1010 tus
661 971 896 1022 praebitum3
942 971 1211 1020 supplicatum
1258 970 1340 1008 iere
1385 971 1611 1021 frequentes
1654 970 1732 1009 viri

251 1044 274 1080 3
291 1042 538 1091 feminaeque.
582 1041 789 1090 Insignem
821 1039 1155 1090 supplicationem
1178 1039 1275 1076 fecit
1297 1042 1497 1077 certamen
1520 1039 1563 1076 in
1585 1039 1732 1077 sacello

290 1109 506 1148 Pudicitiae
532 1109 734 1155 Patriciae,
768 1108 874 1159 quod
907 1109 949 1145 in
979 1108 1065 1145 foro
1098 1107 1238 1145 boario
1272 1112 1331 1145 est
1360 1108 1410 1145 ad
1442 1108 1566 1145 aedem
1595 1110 1732 1145 rotun-

250 1178 384 1216 4dam
416 1178 616 1225 Herculis,
649 1178 755 1215 inter
786 1180 985 1214 matronas
1017 1180 1158 1213 ortum.
1205 1175 1443 1225 Verginiam
1473 1175 1575 1213 Auli
1598 1175 1733 1224 filiam,

288 1247 502 1297 patriciam
529 1247 687 1296 plebeio
715 1249 890 1296 nuptam,
907 1245 952 1282 L.
971 1245 1190 1282 Volumnio
1208 1244 1373 1291 consuli,
1395 1248 1598 1291 matronae,
1625 1244 1733 1294 quod

290 1329 309 1352 e
354 1315 539 1365 patribus
586 1315 825 1365 enupsisset,
871 1313 994 1351 sacris
1040 1316 1261 1351 arcuerant.
1335 1312 1479 1351 Brevis
1524 1312 1732 1350 altercatio

290 1383 383 1421 inde
425 1398 473 1421 ex
511 1384 721 1421 iracundia
760 1381 951 1420 muliebri
989 1382 1030 1418 in
1071 1381 1365 1419 contentionem
1405 1381 1628 1418 animorum
1670 1395 1733 1418 ex-

251 1453 273 1491 5
292 1452 401 1499 arsit,
435 1466 555 1502 quum
587 1466 626 1490 se
651 1451 848 1500 Verginia
880 1454 919 1488 et
948 1450 1159 1500 patriciam
1192 1452 1231 1486 et
1261 1449 1449 1499 pudicam
1480 1449 1521 1486 in
1544 1448 1734 1486 Patriciae

290 1520 508 1558 Pudicitiae
538 1521 733 1570 templum
757 1520 976 1568 ingressam
1008 1522 1047 1555 et
1076 1518 1147 1555 uni
1179 1521 1357 1567 nuptam,
1389 1517 1440 1555 ad
1473 1530 1590 1567 quem
1618 1517 1733 1566 virgo

290 1589 464 1626 deducta
495 1589 569 1635 sit,
607 1602 677 1626 nec
719 1602 760 1625 se
790 1587 871 1625 viri
902 1587 1144 1624 honorumve
1177 1586 1260 1623 eius
1292 1599 1337 1623 ac
1367 1599 1500 1623 rerum
1531 1588 1734 1634 gestarum

251 1658 494 1707 sspaenitere,
540 1671 634 1695 vero
668 1656 921 1705 gloriaretur.
976 1655 1101 1692 Facto
1141 1654 1289 1691 deinde
1329 1655 1488 1703 egregio
1526 1654 1738 1703 magnifica

288 1725 411 1763 verba
458 1725 635 1762 adauxit.
706 1725 755 1761 In
800 1724 890 1760 vico
936 1722 1098 1770 Longo,
1145 1722 1215 1758 ubi
1252 1722 1484 1770 habitabat,
1530 1736 1577 1760 ex
1621 1725 1734 1772 parte

289 1794 453 1841 aedium,
496 1794 602 1843 quod
634 1794 730 1830 satis
763 1795 864 1829 esset-
902 1790 981 1827 loci
1012 1790 1168 1827 modico
1201 1790 1366 1837 sacello,
1408 1790 1577 1828 exclusit
1606 1804 1732 1828 aram-

289 1876 365 1911 que
398 1862 455 1899 ibi
488 1861 635 1912 posuit,
667 1864 706 1898 et
738 1859 965 1897 convocatis
995 1858 1164 1908 plebeiis
1190 1859 1396 1905 matronis,
1429 1861 1645 1908 conquesta
1675 1858 1733 1895 in-

250 1933 272 1967 7
290 1930 435 1968 iuriam
451 1930 722 1980 patriciarum,
742 1927 884 1975 „Hane
903 1940 973 1975 ego
992 1929 1125 1963 013111ιι
1147 1926 1281 1975 inquit
1301 1926 1543 1976 „Pudicitiae
1554 1925 1733 1964 Plebeiae

288 1998 446 2044 dedico;
487 2011 636 2047 vosque
674 1997 832 2043 hortor,
872 1999 937 2043 ut,
976 1994 1083 2044 quod
1123 1999 1321 2032 certamen
1359 1994 1520 2033 virtutis
1549 1995 1659 2032 viros
1690 1994 1732 2032 in

247 2067 364 2104 Shac
397 2066 560 2103 civitate
591 2069 712 2112 tenet,
742 2065 818 2102 hoc
849 2063 1056 2113 pudicitiae
1086 2063 1192 2100 inter
1222 2067 1425 2101 matronas
1455 2063 1519 2110 sit,
1551 2063 1733 2112 detisque

287 2147 463 2183 operam,
503 2137 548 2170 ut
578 2134 662 2170 haec
694 2147 763 2170 ara
793 2146 911 2183 quam
944 2132 1025 2178 illa,
1058 2131 1091 2169 si
1124 2131 1222 2181 quid
1254 2134 1397 2181 potest,
1435 2131 1611 2169 sanctius
1642 2133 1681 2168 et
1709 2144 1733 2168 a

246 2205 269 2240 9
289 2202 528 2240 castioribus
560 2202 637 2239 coli
668 2202 862 2239 dicatur.“
911 2200 1061 2238 Eodem
1092 2200 1215 2237 ferme
1245 2200 1327 2236 ritu
1360 2202 1399 2236 et
1426 2199 1510 2237 haec
1541 2213 1622 2246 ara,
1654 2212 1731 2249 quo

289 2271 361 2307 illa
394 2270 613 2320 antiquior,
646 2271 752 2307 culta
774 2273 844 2316 est,
874 2273 920 2306 ut
939 2270 1050 2306 nulla
1081 2268 1162 2306 nisi
1196 2271 1384 2318 spectatae
1415 2267 1622 2317 pudicitiae
1652 2280 1732 2304 ma-

288 2343 418 2385 trona,
453 2342 492 2376 et
523 2352 610 2388 quae
642 2339 712 2375 uni
742 2339 829 2376 viro
861 2342 987 2388 nupta
1009 2338 1163 2384 fuisset,
1195 2336 1255 2373 ius
1280 2335 1532 2374 sacrificandi
1549 2335 1731 2382 haberet3

223 2409 274 2445 10
290 2408 455 2456 vulgata
497 2408 588 2445 dein
624 2406 769 2454 religio
811 2406 862 2456 [a]
905 2406 1088 2455 pollutis,
1135 2418 1207 2441 nec
1245 2404 1439 2441 matronis
1469 2403 1617 2451 solum,
1662 2402 1732 2440 sed

290 2477 415 2513 omnis
447 2475 603 2513 ordinis
633 2474 803 2521 feminis,
834 2477 1033 2524 postremo
1066 2474 1107 2510 in
1139 2472 1381 2510 oblivionem
1411 2472 1530 2510 venit.

221 2545 269 2581 11
404 2544 557 2581 Eodem
600 2556 702 2581 anno
747 2541 816 2579 Cn.
859 2545 897 2579 et
935 2542 981 2589 Q.
1025 2540 1190 2590 Ogulnii
1222 2541 1358 2578 aediles
1390 2540 1546 2577 curules
1578 2539 1732 2588 aliquot

223 2613 271 2649 12
291 2612 584 2649 feneratoribus
618 2611 724 2648 diem
756 2610 964 2656 dixerunt3
1006 2623 1174 2659 quorum
1205 2609 1323 2647 bonis
1354 2607 1554 2654 multatis,
1595 2620 1642 2644 ex
1673 2620 1729 2652 eo,

289 2680 396 2729 quod
428 2681 469 2716 in
500 2674 707 2729 publicum
737 2677 941 2715 redactum
974 2682 1044 2726 est,
1076 2691 1197 2715 aenea
1229 2677 1271 2714 in
1296 2675 1496 2725 Capitolio
1522 2675 1662 2712 limina
1691 2678 1730 2712 et
