1821 2928
362 161 410 197 72
763 170 852 195 Liber
870 170 939 194 vn.
977 169 1024 197 (A.
1043 177 1072 194 u.
1091 176 1116 194 c.
1135 171 1290 199 404—405.)

264 286 285 321 5
304 286 407 322 cium
425 299 471 322 ex
497 285 608 322 hoste
633 284 774 322 facias:
807 285 848 321 in
872 284 1009 320 beluas
1027 283 1262 320 strinximus
1286 284 1451 330 ferru1n3
1482 283 1731 321 hauriendus

303 358 369 391 aut
404 353 556 390 dandus
597 357 655 389 est
695 353 868 400 sanguis.
928 352 1173 401 Propulistis
1205 366 1227 389 a
1257 352 1409 398 castris,
1450 352 1593 402 supina
1622 352 1727 389 valle

306 421 532 471 praecipites
551 421 702 469 egistis,
735 421 870 458 stratis
888 420 1123 469 corporibus
1140 420 1313 457 hostium
1342 420 1594 469 superstatis3
1625 433 1729 457 com-

263 490 408 539 &plete
450 489 585 526 eadem
627 492 758 537 strage
801 502 977 538 campos,
1018 502 1096 537 qua
1136 492 1288 526 montes
1327 487 1524 537 replestis.
1591 487 1728 525 Nolite

304 562 543 606 exspectare,
574 557 667 593 dum
699 561 847 593 stantes
879 571 948 594 vos
978 558 1154 605 fugiant,
1186 557 1394 593 inferenda
1425 559 1516 593 sunt
1546 555 1661 604 signa
1691 558 1730 592 et

266 625 529 662 'ivadendum
572 625 611 661 in
652 625 840 662 hostemf
910 625 988 662 His
1029 625 1378 663 adhortationibus
1420 624 1564 661 iterum
1605 623 1730 661 coorti

303 693 459 742 pellunt
496 693 583 730 loco
624 694 774 742 primos
814 693 1039 742 manipulos
1071 692 1295 739 Gallorum,
1336 692 1472 729 cuneis
1513 691 1657 728 deinde
1689 691 1731 728 in

265 761 480 798 Smedium
512 775 651 809 agmen
682 765 954 810 perrumpunt.
1014 761 1113 798 Inde
1152 761 1316 798 barbari
1350 760 1548 810 dissipati,
1586 759 1732 809 quibus

306 843 374 866 nee
408 833 515 866 certa
547 829 714 878 imperia
737 843 806 866 nec
833 829 951 866 duces
976 833 1114 877 essent,
1144 833 1304 866 vertunt
1329 829 1519 878 impetum
1551 828 1593 865 in
1624 841 1731 873 suos;

306 897 461 947 fusique.
494 911 564 946 per
595 911 753 947 campos
786 902 823 934 et
853 903 997 947 praeter
1029 901 1158 935 castra
1190 897 1310 934 etiam
1341 910 1410 934 sua
1440 896 1534 944 fuga
1564 895 1735 945 praelati,

307 966 413 1014 quod
455 966 720 1003 editissimum
764 966 866 1003 inter
899 966 1070 1015 aequales
1108 966 1281 1002 tumulos
1322 964 1556 1002 occurrebat
1595 963 1736 1009 oculis,

285 1048 439 1070 varcein
471 1034 673 1071 Albanam
705 1038 857 1083 petunt.
918 1034 1065 1071 Consul
1106 1047 1184 1071 non
1216 1034 1322 1070 ultra
1353 1036 1482 1070 castra
1522 1033 1735 1077 insecutus,

308 1102 402 1151 quia
443 1106 481 1138 et
521 1102 663 1139 vulnus
704 1103 949 1151 degravabat
989 1106 1027 1139 et
1066 1102 1264 1139 subiicere
1305 1101 1526 1138 exercitum
1568 1099 1736 1137 tumulis

308 1171 356 1207 ab
402 1170 514 1207 hoste
563 1171 766 1220 occupatis
811 1171 984 1217 nolebat,
1029 1169 1164 1220 praeda
1205 1169 1312 1207 omni
1353 1173 1571 1206 castrorum
1612 1167 1735 1204 militi

309 1238 423 1283 data,
482 1238 673 1276 victorem
729 1239 949 1276 exercitum
1005 1239 1314 1289 opulentumque
1369 1236 1541 1274 Gallicis
1595 1235 1738 1285 spoliis

246 1308 293 1343 10
311 1307 479 1344 Romam
518 1307 691 1344 reduxit.
751 1308 905 1344 Moram
945 1307 1150 1356 triumpho
1189 1304 1334 1344 vulnus
1375 1305 1547 1343 consulis
1587 1304 1737 1350 attulit,

310 1375 525 1424 eademque
556 1389 673 1412 causa
706 1376 915 1413 dictatoris
947 1375 1188 1412 desiderium
1220 1375 1375 1412 senatui
1406 1374 1511 1420 fecit,
1551 1377 1595 1410 ut
1625 1375 1738 1418 esset,

247 1445 290 1480 11
314 1444 381 1493 qui
427 1444 544 1492 {egris
586 1444 815 1481 consulibus
855 1444 1018 1481 comitia
1057 1443 1234 1480 haberet.
1293 1443 1483 1480 Dictator
1514 1441 1559 1478 L.
1590 1440 1739 1478 Furius

311 1512 504 1549 Camillus
522 1512 663 1558 dictus,
696 1512 834 1549 addito
858 1513 1049 1561 magistro
1075 1512 1253 1561 equitum
1271 1511 1316 1547 P.
1335 1510 1520 1548 Cornelio
1538 1509 1743 1558 Scipione,

104 1578 215 1638 2:¹¹6ss
232 1581 290 1637 *ἐξῇ
311 1580 491 1639 reddidit
531 1581 714 1629 patribus
755 1581 1042 1630 possessionem
1082 1580 1294 1629 pristinam
1335 1579 1573 1616 consulatus.
1646 1577 1740 1626 Ipse

312 1648 361 1685 ob
394 1648 436 1684 id
468 1648 652 1684 meritum
685 1649 839 1697 ingenti
871 1652 1030 1698 patrum
1054 1648 1187 1685 studio
1213 1651 1367 1684 creatus
1392 1646 1528 1684 consul
1545 1645 1741 1693 collegam

312 1715 419 1765 App.
451 1715 664 1753 Claudium
697 1716 881 1753 Crassum
914 1716 1032 1753 dixit.

181 1781 238 1827 25
426 1783 667 1833 Priusquam
701 1784 850 1820 inirent
880 1784 974 1821 novi
992 1785 1172 1822 consules
1195 1783 1483 1832 magistratum,
1513 1780 1739 1829 triumphus

313 1866 333 1888 a
359 1851 537 1900 Popillio
556 1853 603 1889 de
622 1850 752 1889 Gallis
784 1856 894 1889 actus
926 1866 1068 1901 magno
1101 1852 1234 1889 favore
1265 1850 1412 1900 plebis,
1443 1852 1740 1896 mussantesque

314 1920 416 1956 inter
448 1934 487 1956 se
527 1920 770 1968 rogitabant,
815 1934 908 1957 num
951 1934 1066 1969 quem
1106 1919 1257 1969 plebeii
1300 1918 1473 1956 consulis
1512 1916 1739 1966 paenite1·et;

272 1989 294 2025 2
315 1987 432 2024 simul
464 1987 699 2025 dictatorem
730 1988 1003 2037 increpabant,
1034 1988 1103 2037 qui
1136 1987 1236 2036 legis
1267 1987 1438 2023 Liciniae
1469 1989 1611 2036 spretae
1641 1997 1740 2021 mer-

315 2055 449 2092 cedem
483 2056 771 2106 [consulatum,]
802 2057 961 2105 privata
992 2056 1215 2105 cupiditate
1247 2068 1365 2104 quam
1395 2054 1559 2103 publica
1590 2052 1741 2090 iniuria

315 2123 520 2161 foediorem
566 2125 754 2173 cepisset,
809 2128 853 2161 ut
898 2138 937 2161 se
983 2124 1066 2173 ipse
1112 2124 1314 2160 consulem
1360 2122 1533 2159 dictator
1578 2124 1743 2158 crearet.

276 2194 297 2229 3
316 2191 459 2228 Annus
491 2192 626 2228 multis
658 2193 859 2242 variisque
891 2192 1066 2229 motibus
1097 2191 1174 2228 fuit
1204 2191 1386 2239 insignis.
1447 2189 1557 2227 Galli
1589 2202 1636 2226 ex
1668 2188 1740 2225 Al-

314 2259 428 2296 banis
459 2259 673 2305 montibus,
705 2261 799 2309 quia
823 2260 965 2297 hiemis
982 2260 1060 2296 vim
1084 2259 1170 2309 pati
1194 2259 1467 2308 nequiverant,
1496 2271 1566 2307 per
1584 2269 1741 2305 campos

277 2327 595 2376 41naritimaq11e
627 2327 714 2365 loca
730 2328 822 2375 vagi
853 2328 1169 2377 populabantur,
1200 2341 1306 2364 mare
1339 2327 1523 2363 infestum
1547 2323 1740 2361 classibus

316 2394 544 2432 Graecorum
577 2398 662 2432 erat
693 2408 838 2444 oraque
870 2395 1003 2432 litoris
1020 2395 1202 2432 Antiatis
1234 2394 1491 2443 Laurensque
1520 2395 1672 2429 tractus
1703 2394 1741 2428 et

316 2463 477 2500 Tiberis
519 2463 632 2509 ostia,
674 2467 715 2498 ut
756 2462 961 2511 praedones
1002 2463 1192 2500 maritimi
1238 2476 1323 2499 cum
1363 2460 1619 2498 terrestribus
1650 2472 1741 2496 con-

316 2532 442 2579 gressi
475 2531 644 2581 ancipiti
677 2530 795 2567 semel
825 2531 966 2579 proelio
992 2531 1245 2576 decertarint,
1277 2529 1468 2578 dubiique
1486 2527 1744 2565 discesserint

315 2599 358 2635 in
390 2604 519 2636 castra
551 2598 672 2645 Galli,
712 2598 843 2635 Graeci
874 2603 980 2635 retro
1012 2598 1061 2635 ad
1094 2611 1223 2644 naveS,
1261 2597 1388 2634 victos
1419 2609 1458 2633 se
1490 2609 1539 2633 an
1569 2595 1745 2632 victores
