1821 2928
499 94 614 129 Liber
638 94 707 130 IV.
757 95 816 138 (A.
843 94 908 128 Ch.
933 95 1142 136 411—409.)
1457 98 1537 135 247

101 226 248 264 dixere.
309 223 468 261 Ductus
500 222 698 260 exercitus
731 221 782 260 ad
809 220 1103 260 Carventanam
1134 235 1275 268 arcem,
1308 235 1536 272 quanquam
1555 224 1577 259 9

101 297 250 336 invisus
281 296 528 345 infestusque
561 294 714 332 consuli
747 297 843 341 erat,
874 293 1046 344 impigre
1064 294 1192 344 primo
1210 293 1346 332 statim
1363 294 1538 332 adventu

99 368 275 416 deiectis,
306 367 375 418 qui
407 367 447 404 in
478 366 667 417 praesidio
701 369 826 413 erant,
857 379 987 404 arcem
1019 367 1188 416 recepit;
1219 366 1467 417 praedatores
1491 379 1538 404 ex

100 440 287 492 praesidio
320 453 391 490 per
422 439 710 488 negligentiam
743 438 890 488 dilapsi
922 439 1171 477 occasionem
1197 451 1389 489 aperuere
1414 438 1465 476 ad
1481 438 1539 476 in·

98 512 334 551 vadendum.
383 510 538 548 Praedae
570 523 619 548 ex
651 510 825 548 assiduis
842 510 1188 561 populationibus,
1221 511 1330 560 quod
1347 511 1480 548 omnia
1496 510 1535 548 in
1559 511 1608 547 10

100 586 229 623 locum
259 587 388 622 tutum
423 586 614 634 congesta
647 586 771 630 erant,
801 583 879 620 fuit
908 583 1170 632 aliquantum.
1220 582 1442 621 Venditum
1466 583 1539 620 sub

99 657 213 694 hasta
244 656 382 694 consul
412 657 453 694 in
480 655 666 693 aerarium
694 654 879 704 redigere
896 658 1114 705 quaestores
1133 655 1263 701 iussit,
1294 658 1379 692 tum
1397 654 1540 704 praedi-

98 742 190 767 cans
229 727 467 779 participem
506 727 653 777 praedae
691 727 776 765 fore
814 728 1045 774 exercitum,
1091 740 1212 776 quum
1244 727 1431 764 militiam
1462 739 1541 764 non

99 799 314 839 abnuisset.
376 798 521 838 Auctae
560 799 655 837 inde
695 799 826 850 plebis
868 813 913 837 ac
943 799 1116 837 militum
1149 799 1190 836 in
1222 799 1424 837 consulem
1456 798 1537 837 irae.
1560 799 1606 836 11

98 873 243 923 Itaque
269 885 390 922 quum
407 885 455 909 ex
471 875 633 910 senatus
651 872 833 909 consulto
850 871 987 909 urbem
1005 884 1128 909 ovans
1146 871 1344 918 introiret,
1375 869 1543 908 alternis

99 944 294 982 inconditi
327 957 466 982 versus
493 943 660 981 militari
687 943 851 981 licentia
867 943 1021 991 iactati,
1051 943 1196 993 quibus
1213 942 1351 981 consul
1367 941 1539 992 increpi-
1562 942 1609 978 12

98 1020 174 1064 tus,
218 1016 398 1054 Menenii
437 1016 594 1053 celebre
625 1029 767 1054 nomen
799 1015 987 1053 laudibus
1018 1015 1106 1063 fuit,
1152 1028 1274 1065 quum
1305 1016 1357 1053 ad
1389 1026 1543 1051 omnem

99 1088 340 1127 mentionem
377 1087 531 1125 tribuni
579 1088 693 1126 favor
732 1087 1026 1126 circumstantis
1065 1088 1207 1138 populi
1244 1087 1467 1137 plausuque
1506 1090 1545 1123 et

101 1173 264 1198 assensu
295 1173 384 1198 cum
414 1160 580 1198 vocibus
611 1160 785 1198 militum
817 1163 1000 1198 certaret,
1047 1159 1228 1209 Plusque
1259 1173 1305 1197 ea
1334 1172 1398 1196 res
1423 1171 1542 1208 quam
1562 1157 1612 1194 13

98 1245 222 1283 prope
261 1232 466 1271 sollemnis
507 1232 681 1270 militum
718 1232 886 1270 lascivia
916 1232 956 1269 in
990 1233 1192 1269 consulem
1224 1244 1328 1269 curae
1360 1229 1544 1280 patribus

99 1305 256 1351 iniecit3
289 1308 328 1342 et
357 1309 548 1354 tanquam
580 1304 689 1342 haud
722 1304 869 1342 dubius
901 1304 1006 1342 inter
1022 1303 1210 1341 tribunos
1227 1303 1401 1340 militum
1418 1302 1544 1340 honos

98 1376 293 1423 Menenii,
325 1377 359 1414 si
390 1379 556 1426 peteret,
589 1376 870 1414 consularibus
903 1375 1077 1413 comitiis
1108 1378 1168 1413 est
1199 1376 1396 1413 exclusus.

217 1447 350 1486 Creati
397 1448 578 1486 consules
624 1451 717 1486 sunt
757 1447 828 1487 Cn.
863 1446 1077 1486 Cornelius
1110 1447 1268 1494 Cossus,
1315 1446 1361 1485 L.
1394 1445 1542 1484 Furius
1615 1443 1670 1489 54

101 1519 350 1558 Medullinus
381 1520 537 1559 iterum.
597 1519 689 1559 Non
715 1520 816 1559 alias
847 1520 993 1569 aegrius
1023 1519 1140 1569 plebs
1178 1519 1286 1567 tulit,
1325 1517 1543 1556 tribunicia
1562 1518 1585 1554 2

102 1592 262 1630 comitia
292 1592 370 1630 sibi
402 1605 481 1630 non
513 1593 733 1632 commissa.
780 1592 884 1630 Eum
917 1592 1096 1630 dolorem
1123 1591 1350 1642 quaestoriis
1367 1590 1543 1629 comitiis
1563 1591 1670 1645 ³⁸3⁰-
1689 1591 1749 1614 345·

101 1664 219 1702 simul
251 1663 424 1702 ostendit
454 1668 495 1702 et
524 1665 611 1702 ulta
642 1668 714 1713 est,
744 1669 840 1703 tunc
871 1665 1045 1715 primum
1076 1664 1246 1714 plebeiis
1277 1662 1543 1714 quaestoribus
1562 1639 1598 1660 A*
1618 1635 1668 1661 m
1688 1635 1750 1663 4⁰⁹⁴

101 1736 256 1783 creatis,
303 1736 362 1774 ita
399 1740 444 1774 ut
482 1737 525 1774 in
557 1740 747 1787 quattuor
779 1736 963 1775 creandis
995 1737 1064 1774 uni
1093 1737 1277 1787 patricio,
1325 1737 1380 1774 K.
1412 1735 1542 1774 Fabio
1562 1737 1585 1774 3

102 1807 316 1856 Ambusto,
346 1808 646 1859 relinqueretur
662 1810 785 1857 locus,
817 1813 898 1847 tres
914 1809 1078 1859 plebeii,
1102 1809 1150 1857 Q.
1169 1808 1306 1855 Silius,
1331 1809 1380 1848 P.
1399 1808 1544 1854 AElius,

102 1880 149 1920 P.
177 1880 347 1930 Pupius,
379 1881 693 1920 clarissimarum
723 1881 969 1919 familiarum
1001 1881 1213 1919 iuvenibus
1243 1881 1543 1932 praeferrentur.

102 1953 302 1990 Auctores
333 1952 456 1990 fuisse
485 1956 567 1990 tam
598 1953 722 1991 liberi
753 1953 903 2003 populo
936 1952 1117 2003 suffragii
1133 1953 1273 1991 Icilios
1299 1953 1463 2003 accipio,
1494 1965 1542 1991 ex
1560 1953 1585 1989 4

102 2024 255 2062 familia
285 2024 545 2063 infestissima
570 2025 754 2076 patribus
777 2028 859 2063 tres
884 2025 925 2062 in
942 2038 1031 2063 eum
1048 2038 1195 2063 annum
1211 2025 1398 2064 tribunos
1415 2024 1546 2075 plebis

102 2099 268 2143 creatos,
298 2096 514 2134 multarum
545 2109 859 2147 magnarumque
890 2109 1025 2135 rerum
1055 2098 1201 2135 molem
1232 2097 1464 2136 avidissimo
1495 2095 1546 2134 ad

103 2181 149 2206 ea
178 2168 328 2218 populo
360 2172 618 2217 ostentantes,
651 2182 773 2219 quum
799 2168 1075 2217 affirmassent,
1104 2169 1208 2207 nihil
1233 2183 1274 2208 se
1290 2173 1479 2217 moturos
1509 2168 1543 2206 si
1561 2169 1584 2206 5

103 2253 152 2278 ne
183 2241 410 2291 quaestoriis
442 2240 604 2290 quidem
637 2241 820 2289 comitiis,
853 2254 941 2292 quae
973 2241 1060 2280 sola
1085 2241 1311 2292 promiscua
1326 2241 1461 2292 plebei
1477 2253 1544 2291 pa-

102 2311 314 2362 tribusque
344 2312 574 2363 reliquisset
604 2316 777 2360 senatus,
812 2314 909 2352 satis
940 2314 1063 2352 animi
1093 2314 1245 2365 populo
1277 2317 1380 2353 esset
1411 2313 1461 2351 ad
1492 2311 1546 2359 id,

104 2385 210 2434 quod
239 2387 323 2422 tam
354 2384 424 2422 diu
453 2385 606 2423 vellent
636 2389 675 2423 et
704 2398 776 2436 per
806 2386 915 2435 leges
937 2386 1089 2426 liceret.
1135 2386 1217 2424 Pro
1234 2386 1388 2436 ingenti
1404 2386 1540 2434 itaque
1561 2385 1584 2421 6

103 2456 276 2495 victoria
306 2456 349 2494 id
378 2457 458 2495 fuit
487 2457 610 2508 plebi,
649 2461 972 2509 quaesturamque
1002 2473 1088 2498 eam
1119 2472 1198 2498 non
1228 2458 1391 2496 honoris
1421 2456 1547 2506 ipsius

105 2527 182 2566 fine
214 2529 477 2577 aestimabant,
515 2529 584 2568 sed
623 2531 848 2580 patefactus
880 2530 930 2568 ad
961 2531 1213 2570 consulatum
1245 2543 1290 2568 ac
1319 2527 1546 2578 triumphos

106 2599 215 2639 locus
260 2601 373 2640 novis
417 2602 645 2640 hominibus
689 2603 915 2642 videbatur.
983 2602 1128 2641 Patres
1177 2605 1316 2640 contra
1352 2613 1430 2638 non
1468 2612 1543 2651 pro
1562 2602 1584 2637 7

107 2673 420 2722 communicatis,
449 2674 519 2712 sed
550 2687 624 2725 pro
655 2675 813 2714 amissis
843 2674 1064 2714 honoribus
1095 2674 1279 2720 fremere;
1321 2685 1480 2722 negare,
1511 2672 1545 2711 si
