1821 2928
258 131 276 167 1
284 130 308 169 6
886 126 1002 162 Liber
1026 127 1056 163 I.

252 255 379 292 scuris
425 254 634 291 subsidere
680 254 719 291 in
751 253 907 292 insidiis
939 255 1073 302 iussit,
1120 269 1207 293 cum
1239 259 1354 306 parte
1386 256 1536 294 maiore
1568 259 1691 308 atque·

252 327 358 364 omni
391 327 570 376 equitatu
586 325 800 375 profectus,
831 325 872 363 id
899 326 1004 376 quod
1032 327 1250 377 quaerebat,
1283 328 1527 366 tumultuoso
1552 331 1593 366 et
1617 329 1687 366 mi·

250 399 339 436 naci
385 412 528 446 genere
559 410 715 447 pugnae,
762 397 1034 448 adequitando
1067 398 1164 448 ipsis
1195 412 1320 448 prope
1351 400 1491 449 portis,
1534 400 1687 439 hostem

250 470 410 508 excivit.
450 470 575 519 Fugae
608 482 777 519 quoque,
811 483 898 519 quae
930 469 1156 508 simulanda
1188 473 1284 516 erat,
1317 470 1456 508 eadem
1486 473 1687 522 equestris

205 539 383 591 Spugna
415 555 573 579 causam
606 542 734 579 minus
767 542 991 580 mirabilem
1024 541 1148 580 dedit.
1195 541 1248 579 Et
1279 555 1414 591 quum,
1445 543 1557 580 velut
1581 543 1686 582 inter

247 626 393 663 pugnae
425 615 609 663 fugaeque
642 614 851 651 consilium
882 613 1111 664 trepidante
1143 614 1339 663 equitatu,
1370 614 1495 663 pedes
1525 628 1686 665 quoque

247 685 416 722 referret
445 685 627 733 gradum,
660 686 789 735 plenis
821 688 987 735 repente
1018 685 1147 735 portis
1180 685 1291 723 effusi
1322 685 1469 734 hostes,
1512 686 1685 737 impulsa

246 756 430 794 Romana
453 757 550 804 acie,
581 756 716 794 studio
742 756 920 794 instandi
945 756 1216 806 sequendique
1239 757 1456 795 trahuntur
1481 757 1532 795 ad
1553 759 1684 797 locum

205 825 228 862 9
248 828 498 868 insidiarum.
545 828 646 865 Inde
678 828 812 865 subito
845 827 976 866 exorti
1001 828 1174 866 Romani
1196 833 1464 867 transversam
1490 830 1685 868 invadunt

244 900 417 937 hostium
451 902 596 948 aciem;
628 900 782 938 addunt
811 913 998 950 pavorem
1030 903 1136 937 mota
1167 913 1187 937 e
1220 900 1362 938 castris
1392 901 1508 950 signa
1532 915 1682 948 eorum,

244 972 314 1022 qui
338 973 379 1009 in
403 972 593 1022 praesidio
620 972 753 1010 relicti
778 973 946 1010 fuerant.
991 972 1056 1009 Ita
1080 971 1294 1021 multiplici
1325 975 1479 1011 terrore
1505 974 1682 1024 perculsi

243 1044 460 1082 Fidenates
490 1045 603 1094 prius
649 1057 772 1094 paene,
818 1057 936 1094 quam
967 1043 1179 1093 Romulus,
1227 1044 1376 1094 quique
1407 1058 1496 1082 cum
1527 1058 1573 1082 eo
1602 1046 1680 1084 visi

174 1119 224 1156 10
244 1120 367 1162 erant,
393 1116 710 1165 circumagerent
734 1116 857 1153 frenis
882 1129 1017 1166 equos,
1042 1119 1156 1165 terga
1180 1119 1360 1163 vertunt;
1393 1117 1600 1167 multoque
1624 1119 1681 1155 ef-

240 1188 382 1236 fusius,
431 1188 581 1238 quippe
627 1202 720 1226 vera
761 1189 867 1237 fuga,
912 1188 981 1238 qui
1013 1188 1246 1225 simulantes
1275 1188 1398 1238 paulo
1430 1191 1522 1226 ante
1552 1190 1679 1227 secuti

173 1260 221 1297 11
243 1263 368 1305 erant,
415 1260 607 1310 oppidum
655 1260 905 1310 repetebant.
966 1259 1056 1297 Non
1102 1263 1234 1297 tamen
1267 1260 1450 1310 eripuere
1482 1274 1522 1298 se
1551 1260 1680 1308 hosti3

238 1331 394 1370 haerens
425 1332 465 1369 in
497 1335 612 1381 tergo
637 1331 856 1381 Romanus,
889 1331 1124 1381 priusquam
1155 1332 1260 1369 fores
1291 1336 1497 1381 portarum
1527 1332 1676 1371 obiice-

238 1407 388 1451 rentur,
419 1405 530 1442 velut
561 1404 721 1453 agmine
752 1417 831 1441 uno
865 1403 1066 1453 irrumpit.

98 1475 150 1525 15
353 1475 460 1512 Belli
492 1475 702 1513 Fidenatis
748 1475 985 1525 contagione
1032 1474 1182 1512 irritati
1214 1474 1448 1513 Veientium
1478 1475 1603 1512 animi
1633 1482 1673 1513 et

238 1547 587 1597 consanguinitate
620 1546 728 1600 (nam
760 1547 976 1585 Fidenates
1009 1559 1167 1597 quoque
1196 1546 1360 1584 Etrusci
1388 1544 1586 1600 fuerunt),
1633 1550 1673 1584 et

239 1619 346 1670 quod
379 1619 466 1669 ipsa
497 1619 778 1669 propinquitas
810 1620 898 1666 loci,
931 1619 963 1656 si
979 1619 1161 1656 Romana
1184 1632 1293 1656 arma
1318 1618 1502 1656 omnibus
1529 1619 1674 1657 infesta

237 1691 419 1728 finitimis
451 1693 591 1741 essent,
624 1691 867 1730 stimulabat.
929 1690 979 1727 In
1010 1689 1107 1727 fines
1137 1689 1339 1728 Romanos
1364 1693 1674 1728 excucurrerunt

197 1763 220 1800 2
237 1762 514 1814 populabundi
545 1763 671 1811 magis
702 1776 819 1812 quam
851 1762 946 1799 iusti
972 1775 1078 1798 more
1102 1761 1213 1801 belli.
1260 1761 1405 1811 Itaque
1430 1775 1511 1799 non
1533 1761 1676 1800 castris

237 1834 395 1885 positis,
441 1848 519 1871 non
567 1838 796 1884 exspectato
842 1834 1016 1871 hostium
1062 1834 1254 1881 exercitu,
1298 1837 1453 1885 raptam
1484 1847 1534 1871 ex
1565 1833 1673 1883 agris

237 1906 415 1956 praedam
447 1909 653 1957 portantes
671 1905 795 1944 Veios
826 1906 994 1944 rediere.
1040 1905 1245 1943 Romanus
1277 1908 1427 1955 contra,
1459 1909 1672 1955 postquam

237 1978 392 2016 hostem
426 1979 466 2015 in
491 1978 596 2028 agris
621 1992 701 2017 non
724 1978 889 2025 invenit,
921 1977 1170 2015 dimicationi
1192 1977 1344 2014 ultimae
1368 1977 1589 2014 instructus
1613 1976 1672 2014 in-

197 2053 450 2101 3tentusque
476 2050 654 2088 Tiberim
684 2050 841 2088 transit.
890 2049 1016 2097 Quem
1048 2053 1261 2100 postquam
1292 2051 1424 2087 castra
1454 2061 1603 2098 ponere
1633 2051 1674 2087 et

238 2122 287 2159 ad
318 2123 456 2159 urbem
489 2136 737 2160 accessurum
770 2122 963 2160 Veientes
995 2121 1198 2170 audivere,
1246 2121 1404 2159 obviam
1436 2120 1598 2169 egressi,
1627 2122 1674 2158 ut

236 2194 370 2246 potius
411 2195 494 2232 acie
528 2196 799 2244 decernerent,
847 2207 964 2244 quam
996 2192 1142 2230 inclusi
1173 2192 1222 2229 de
1251 2193 1370 2230 tectis
1401 2192 1676 2242 moenibusque

196 2265 222 2302 4
241 2266 487 2303 dimicarent.
548 2266 614 2304 Ibi
658 2266 814 2304 viribus
845 2265 957 2303 nulla
988 2268 1073 2302 arte
1104 2264 1264 2312 adiutis,
1309 2267 1464 2302 tantum
1495 2264 1674 2302 veterani

237 2337 382 2375 robore
414 2338 613 2375 exercitus
644 2352 714 2375 rex
742 2338 948 2375 Romanus
980 2337 1093 2383 vicit3
1140 2339 1450 2387 persecutusque
1480 2336 1590 2374 fusos
1619 2334 1672 2373 ad

238 2410 382 2447 moenia
406 2408 539 2446 hostes
566 2409 665 2447 urbe
691 2409 828 2448 valida
854 2409 976 2446 muris
1000 2422 1044 2446 ac
1071 2408 1150 2445 situ
1177 2408 1264 2458 ipso
1288 2408 1442 2446 munita
1458 2406 1670 2453 abstinuit3

240 2495 357 2531 agros
387 2481 547 2519 rediens
578 2484 721 2530 vastat,
768 2480 993 2517 ulciscendi
1033 2480 1160 2528 magis
1192 2493 1310 2529 quam
1339 2479 1486 2530 praedae
1517 2477 1671 2526 studi03

197 2553 220 2591 5
239 2566 364 2603 eaque
396 2553 508 2591 clade
538 2552 646 2591 haud
675 2553 805 2589 minus
836 2565 954 2602 quam
986 2551 1154 2589 adversa
1183 2565 1320 2601 pugna
1349 2551 1505 2589 subacti
1524 2549 1668 2589 Veien-

237 2628 296 2663 tes
342 2639 479 2675 pacem
524 2625 695 2675 petitum
741 2628 920 2661 oratores
951 2623 1120 2661 Romam
1167 2623 1344 2660 mittunt.
1401 2620 1510 2671 Agri
1553 2623 1668 2671 parte

239 2697 418 2735 multatis
450 2697 493 2734 in
525 2700 682 2734 centum
713 2709 835 2734 annos
866 2694 1033 2732 indutiae
1066 2694 1180 2732 datae.
