1821 2928
235 138 289 174 40
864 133 978 168 Liber
1003 133 1034 169 Ι.

237 260 420 298 Vulcano
438 264 539 309 erat)
566 259 719 308 ingenti
754 261 910 299 cumulo
937 260 1123 305 accensis,
1154 259 1289 309 pergit
1313 271 1432 308 porro
1459 258 1501 295 in
1527 270 1665 308 agrum

196 333 218 370 6
239 331 430 369 Sabinum
476 331 693 369 exercitum
740 332 947 378 inducerem
995 335 1033 369 et
1071 344 1296 380 quanquam
1328 330 1430 368 male
1461 332 1573 379 gesta
1602 343 1666 368 res

238 408 334 449 erat,
365 417 436 440 nec
467 406 652 451 gesturos
684 403 828 441 melius
859 417 1019 454 sperare
1050 406 1246 452 poterant,
1276 405 1420 451 tamen,
1454 401 1547 450 quia.
1577 414 1667 440 con-

238 474 394 512 sulendi
424 487 486 511 res
509 487 589 511 non
616 474 738 512 dabat
754 475 939 525 spatium,
974 475 1056 511 iere
1074 474 1230 511 obviam
1247 471 1388 510 Sabini
1405 471 1667 510 tumultuario

237 546 382 591 milite;
414 546 638 595 iterumque
670 546 726 583 ibi
756 547 845 594 fusi,
890 546 1058 596 perditis
1091 545 1169 583 iam
1200 557 1324 594 prope
1354 544 1485 590 rebus,
1529 555 1668 593 pacem

101 613 155 662 38
239 618 399 667 petiere.
446 616 622 655 Collatia
646 621 684 655 et
709 618 902 667 quicquid
929 618 1030 655 citra
1047 616 1257 654 Collatiam
1275 615 1363 664 agri
1380 618 1475 662 erat,
1506 612 1672 652 Sabinis

237 688 483 739 ademptum3
517 689 688 738 Egerius
721 690 872 738 (fratris
903 689 970 726 hic
1001 687 1109 725 filius
1141 690 1228 725 erat
1258 685 1380 737 regis)
1412 685 1594 724 Collatiae
1625 685 1669 723 in

236 760 422 810 praesidio
454 760 627 798 relictus.
675 760 927 810 Deditosque
960 759 1183 797 Collatinos
1216 760 1273 796 ita
1303 758 1470 807 accipio,
1504 769 1669 806 eamque

193 831 454 870 2deditionis
485 832 695 869 formulam
727 845 830 869 esse:
890 831 979 869 Rex
1025 830 1306 879 interrogavit:
1369 829 1554 879 „Estisne
1598 841 1669 867 vos

237 904 359 952 legati
394 907 651 953 oratoresque
675 904 824 940 missia
841 903 988 953 populo
1008 902 1221 948 Collatino,
1251 905 1296 938 ut
1310 914 1380 939 vos
1396 901 1668 951 populumque

239 974 481 1012 Collatinum
513 974 767 1012 dederatis?“
791 998 841 1002 —
864 973 1069 1024 „Sumus.“
1089 996 1145 1001 —
1167 972 1316 1020 „Estne
1347 972 1518 1022 populus
1536 971 1670 1009 Colla-

236 1046 346 1084 tinus
379 1047 418 1083 in
451 1059 521 1084 sua
551 1050 748 1096 potestate
762 1046 803 1083 ?“
839 1069 892 1073 —
928 1045 1065 1095 „Est.“
1086 1068 1141 1073 -—
1173 1044 1413 1090 „Deditisne
1443 1056 1512 1081 vos
1544 1055 1668 1092 popu-

240 1118 403 1167 lumque
435 1117 693 1163 Collatinum,
725 1118 875 1163 urbem,
908 1130 1037 1166 agros,
1068 1130 1224 1166 aquam,
1257 1115 1460 1165 terminos,
1493 1114 1671 1162 delubra,

236 1189 434 1235 utensilia,
467 1189 603 1227 divina
618 1189 869 1238 humanaque
887 1189 1032 1232 omnia,
1059 1189 1100 1225 in
1117 1200 1243 1225 meam
1260 1187 1479 1237 populique
1495 1185 1670 1226 Romani

239 1259 490 1297 dicionem‘?“
525 1282 581 1287 —-
615 1259 874 1306 „Dedimus.“
912 1283 961 1287 —
999 1259 1084 1306 „At
1114 1272 1188 1308 ego
1220 1258 1410 1308 recipio.“

198 1332 221 1369 3
352 1331 467 1368 Bello
514 1329 664 1369 Sabino
708 1333 884 1381 perfecto
931 1331 1176 1380 Tarquinius
1220 1330 1472 1379 triumphans
1503 1329 1671 1367 Romam

196 1404 221 1440 4
242 1402 358 1440 redit.
419 1402 521 1440 Inde
552 1403 702 1440 Priscis
734 1403 890 1440 Latinis
935 1403 1084 1440 bellum
1131 1401 1245 1447 fecit3
1291 1401 1362 1438 ubi
1392 1414 1589 1450 nusquam
1619 1400 1670 1438 ad

238 1475 433 1512 universae
478 1474 537 1511 rei
583 1474 879 1511 dimicationem
925 1477 1087 1511 ventum
1121 1476 1196 1519 est3
1243 1472 1292 1510 ad
1331 1472 1492 1521 singula
1523 1472 1671 1522 oppida

241 1545 553 1584 circumferendo
573 1559 682 1582 arma
700 1559 813 1583 omne
830 1558 973 1583 nomen
990 1544 1179 1582 Latinum
1206 1544 1369 1581 domuit.
1402 1543 1670 1590 Corniculum,

240 1618 405 1655 Ficulea
435 1620 561 1665 vetus,
610 1616 801 1662 Cameria,
848 1615 1177 1661 Crustumerium,
1209 1615 1429 1661 Ameriola,
1459 1614 1670 1664 Medullia,

240 1688 493 1737 Nomentum,
526 1688 610 1724 haec
641 1687 689 1724 de
721 1687 875 1724 Priscis
906 1687 1063 1723 Latinis
1094 1690 1162 1724 aut
1193 1686 1264 1736 qui
1296 1687 1347 1723 ad
1364 1686 1531 1723 Latinos
1563 1685 1669 1724 defe-

200 1761 391 1808 5cerant‚
439 1762 556 1808 capta
586 1758 746 1808 oppida.
810 1757 898 1795 Pax
945 1757 1089 1794 deinde
1131 1761 1189 1795 est
1219 1758 1336 1795 facta.
1394 1756 1548 1794 Maiore
1579 1757 1674 1795 inde

246 1831 380 1868 animo
411 1831 521 1880 pacis
547 1843 667 1879 opera
694 1830 889 1875 inchoata,
922 1842 1039 1878 quam
1066 1833 1215 1878 quanta
1240 1829 1344 1866 mole
1360 1831 1537 1877 gesserat
1551 1827 1672 1878 bella,

243 1907 287 1940 ut
332 1915 410 1940 non
457 1901 631 1951 quietior
677 1901 850 1950 populus
896 1900 1003 1937 domi
1051 1904 1155 1937 esset
1187 1913 1303 1949 quam
1333 1900 1493 1937 militiae
1524 1899 1675 1937 fuisset.

202 1976 224 2012 6
243 1973 346 2010 Nam
393 1976 432 2009 et
476 1985 589 2009 muro
621 1971 794 2021 lapideo,
840 1971 951 2008 cuius
983 1971 1190 2008 exordium
1222 1971 1353 2021 operis
1385 1970 1534 2008 Sabino
1564 1970 1675 2008 bello

243 2044 448 2081 turbatum
481 2046 576 2090 erat,
607 2043 759 2090 urbem,
800 2055 878 2092 qua
908 2042 1084 2079 nondum
1114 2043 1327 2089 munierat,
1357 2042 1518 2090 cingere
1548 2044 1676 2091 parat,

244 2119 284 2152 et
314 2114 449 2151 infima
478 2114 590 2152 urbis
621 2115 710 2151 loca
741 2114 846 2151 circa
876 2113 1005 2150 forum
1036 2114 1216 2163 aliasque
1248 2114 1476 2151 interiectas
1507 2113 1678 2151 collibus

247 2186 458 2232 convalles,
505 2186 599 2234 quia
630 2199 678 2222 ex
711 2185 841 2235 planis
872 2185 972 2223 locis
1003 2185 1110 2222 haud
1142 2185 1260 2223 facile
1291 2186 1513 2223 evehebant
1542 2197 1678 2234 aquas,

203 2259 224 2293 7
246 2257 391 2294 cloacis
422 2257 584 2306 fastigio
616 2257 658 2293 in
689 2256 871 2294 Tiberim
904 2256 1033 2293 ductis
1065 2257 1199 2304 siccat,
1240 2259 1278 2294 et
1308 2270 1439 2294 aream
1472 2256 1521 2293 ad
1552 2255 1677 2293 aedem

247 2329 288 2365 in
320 2327 523 2377 Capitolio
555 2328 679 2376 Iovis,
727 2341 844 2377 quam
876 2331 1042 2366 voverat
1072 2328 1178 2365 bello
1211 2326 1376 2376 Sabino,
1421 2328 1499 2365 iam
1530 2340 1676 2376 praesa·

246 2399 381 2448 giente
411 2398 541 2436 animo
573 2399 745 2436 futuram
779 2399 876 2436 olim
909 2399 1213 2449 amplitudinem
1231 2399 1320 2445 loci,
1353 2401 1522 2448 occupat
1536 2398 1679 2436 funda·

247 2470 421 2515 mentis..

110 2539 164 2588 39
365 2540 424 2578 Eo
454 2543 633 2590 tempore
664 2540 704 2577 in
734 2541 845 2588 regia
875 2541 1105 2590 prodigium
1129 2541 1219 2578 visu
1246 2543 1469 2589 eventuque
1493 2539 1679 2577 mirabile

248 2612 336 2649 fuit.
396 2611 529 2649 Puero
562 2611 788 2661 dormienti,
836 2611 899 2648 cui
931 2610 1071 2648 Servio
1103 2610 1238 2649 Tullio
1269 2611 1346 2648 fuit
1376 2623 1529 2656 nomen,
1559 2613 1680 2659 caput

207 2684 231 2719 2
251 2683 392 2720 arsisse
422 2683 556 2720 ferunt
586 2681 801 2720 multorum
835 2682 874 2718 in
899 2684 1130 2731 conspectu,
1161 2681 1332 2731 plurimo
1358 2681 1482 2729 igitur
1509 2681 1681 2721 clamore
