1821 2928
369 202 420 237 68
758 211 846 235 Liber
865 211 933 235 vn.
970 210 1017 238 (A.
1038 218 1065 235 u.
1086 218 1110 235 c.
1130 211 1285 238 «ιω-402.)

272 326 381 370 2set,
422 325 651 370 ce1*11el)ant;
691 325 985 374 paenitebatque
1027 326 1307 374 populationis,
1349 329 1387 362 et
1426 325 1734 374 Tarquinienses

311 393 615 429 exsecrabantur
639 393 874 430 defectionis
900 397 1097 439 auctores,
1128 408 1198 430 nec
1223 407 1331 430 arma
1355 397 1423 430 aut
1453 393 1603 430 bellum
1626 393 1733 442 quis-

312 475 427 510 quam
460 475 663 510 apparare,
694 461 761 498 sed
793 475 865 511 pro
897 475 936 498 se
968 462 1135 511 quisque
1166 462 1317 510 legatos
1348 461 1455 498 mitti
1487 461 1655 498 iubebat
1683 461 1733 498 ad

274 530 295 566 3
313 529 522 579 petendam
555 529 699 566 erroris
730 530 896 566 veniam.
942 529 1085 578 Legati
1115 534 1293 567 senatum
1320 544 1440 579 quum
1465 529 1653 576 adissent,
1683 529 1732 566 ab

313 602 449 634 senatu
489 597 629 634 reiecti
669 598 718 635 ad
759 598 949 647 populum
990 597 1083 634 deos
1123 602 1375 646 rogaverunt,
1416 611 1584 646 quorum
1624 611 1734 635 sacra

313 665 417 702 bello
443 663 599 702 Gallico
632 670 794 715 accepta
825 666 901 702 rite
932 670 1222 715 procurassent,
1252 670 1296 702 ut
1318 666 1520 703 Romanos
1550 665 1736 703 florentes

313 747 357 770 ea
388 733 447 770 sui
478 734 753 771 misericordia
785 738 955 783 caperet,
996 747 1082 783 quae
1115 747 1152 770 se
1195 734 1313 770 rebus
1345 733 1494 771 affectis
1535 733 1734 783 quondam

273 802 452 851 4populi
482 801 654 839 Romani
697 803 880 851 cepisset,
926 802 1184 851 conversique
1216 802 1265 839 ad
1298 802 1464 839 delubra
1494 801 1628 839 Vestae
1666 801 1734 838 ho-

310 869 472 919 spitium
503 870 705 906 flaminum
737 870 1039 920 Vestaliumque
1071 870 1120 907 ab
1153 884 1192 906 se
1225 874 1330 907 caste
1362 884 1406 907 ac
1437 869 1624 918 religiose
1655 870 1733 906 cul-

272 937 394 975 5tum
427 939 680 976 invocabant:
726 939 835 976 Eane
867 939 1028 976 meritos
1060 939 1237 975 crederet
1267 938 1475 987 quisquam
1514 938 1646 974 hostes
1674 951 1734 975 re-

312 1010 428 1055 pente
468 1007 551 1043 sine
592 1021 709 1044 causa
753 1007 907 1044 factos?
952 1011 1031 1052 aut,
1078 1007 1111 1043 si
1153 1007 1249 1055 quid
1295 1005 1495 1043 hostiliter
1538 1006 1736 1052 fecissent,

312 1074 478 1111 consilio
520 1074 562 1111 id
594 1075 720 1123 magis
751 1089 867 1124 quam
906 1075 1039 1112 furore
1080 1075 1211 1124 lapsos
1241 1075 1391 1121 fecisse,
1428 1077 1473 1111 ut
1503 1088 1573 1112 sua
1601 1077 1735 1112 vetera

312 1142 512 1189 beneficia,
535 1143 663 1180 locata
679 1143 898 1192 praesertim
917 1143 1023 1192 apud
1040 1147 1120 1180 tam
1138 1146 1284 1191 gratos,
1308 1142 1420 1179 novis
1439 1146 1733 1191 corrumperent

312 1211 524 1257 maleficiis,
563 1211 845 1261 florentemque
885 1212 1075 1261 populum
1114 1211 1337 1248 Romanum
1378 1224 1422 1248 ac
1461 1210 1735 1247 felicissimum

311 1279 417 1316 bello
435 1279 514 1316 sibi
532 1279 782 1316 desumerent
798 1279 962 1326 hostem,
994 1280 1103 1316 cuius
1122 1280 1261 1316 afflicti
1281 1279 1498 1316 amicitiam
1516 1278 1734 1328 petissent?

313 1347 371 1385 Ne
412 1348 659 1397 appellarent
701 1348 919 1394 consilium,
961 1361 1048 1397 quae
1079 1349 1138 1385 vis
1170 1362 1214 1385 ac
1255 1347 1466 1385 necessitas
1497 1346 1735 1396 appellanda

272 1416 294 1450 6
313 1419 424 1452 esset.
484 1415 748 1453 Transeuntes
779 1417 934 1465 agmine
973 1417 1114 1454 infesto
1147 1430 1218 1466 per
1248 1429 1385 1463 agrum
1424 1428 1536 1451 suum
1566 1414 1735 1464 Tarqui-

311 1483 476 1530 nienses,
507 1497 627 1532 quum
659 1489 802 1534 praeter
832 1485 937 1522 viam
968 1485 1072 1521 nihil
1104 1485 1308 1534 petissent,
1345 1483 1512 1520 traxisse
1543 1482 1734 1532 quosdam

309 1552 523 1599 agrestium
554 1553 826 1601 populationis
858 1554 952 1598 eius,
985 1566 1070 1602 quae
1102 1553 1181 1589 sibi
1214 1552 1373 1589 crimini
1405 1551 1531 1597 detur,
1563 1551 1734 1588 comites.

273 1619 390 1657 7Eos
422 1633 488 1656 seu
521 1620 613 1657 dedi
653 1621 819 1670 placeat,
860 1621 1002 1658 dedere
1035 1635 1073 1657 se
1112 1624 1273 1670 paratos
1305 1633 1398 1666 esse,
1437 1633 1504 1657 seu
1535 1619 1733 1669 supplicio

310 1687 427 1733 affici,
460 1689 622 1724 daturos
654 1702 800 1737 poenas.
861 1689 982 1735 Caere,
1027 1688 1243 1725 sacrarium
1274 1687 1413 1736 populi
1444 1687 1628 1733 Romani,
1669 1687 1733 1724 de-

310 1756 526 1792 versorium
550 1757 799 1793 sacerdotum
824 1770 868 1792 ac
899 1757 1192 1805 receptaculum
1218 1756 1489 1792 Romanorum
1521 1768 1733 1800 sacrorum,

311 1825 502 1861 intactum
534 1824 846 1873 inviolatumque
879 1824 1042 1860 crimine
1081 1825 1177 1861 belli
1208 1824 1381 1873 hospitio
1400 1823 1624 1860 Vestalium
1655 1824 1734 1860 cul-

269 1889 440 1942 Stisque.
471 1893 533 1929 dis
564 1892 716 1929 darent.
774 1892 901 1928 Movit
942 1892 1131 1942 populum
1170 1906 1249 1929 non
1287 1896 1369 1929 tam
1410 1905 1525 1928 causa
1564 1904 1736 1941 praesens

313 1974 429 2010 quam
460 1965 572 1998 vetus
603 1960 797 2006 meritum,
836 1964 880 1996 ut
911 1960 1095 1998 maleficii
1127 1974 1243 2009 quam
1275 1958 1459 1997 beneficii
1500 1958 1633 2008 potius
1665 1959 1734 1996 im-

310 2041 500 2065 memores
532 2032 669 2065 essent.
715 2029 857 2077 ]taque
888 2042 965 2078 pax
995 2029 1142 2078 populo
1176 2028 1313 2065 Caeriti
1343 2028 1448 2074 data,
1480 2026 1735 2077 indutiasque

312 2096 352 2132 in
383 2101 537 2133 centum
570 2110 693 2134 annos
724 2097 848 2133 factas
887 2096 928 2132 in
959 2100 1117 2133 senatus
1149 2096 1371 2133 consultum
1401 2095 1542 2132 referri
1571 2095 1736 2144 placuit.

272 2162 361 2200 9111
406 2164 584 2201 Faliscos
629 2164 766 2201 eodeni
806 2164 948 2201 noxios
990 2164 1153 2201 crimine
1193 2165 1255 2202 vis
1295 2163 1392 2201 belli
1432 2176 1619 2201 conversa
1659 2167 1735 2209 est,

311 2231 379 2268 sed
419 2231 549 2268 hostes
594 2245 786 2280 nusquam
834 2232 997 2269 inventi.
1058 2233 1189 2279 Quum
1231 2231 1489 2282 populatione
1533 2231 1735 2281 peragrati

310 2298 406 2335 fines
447 2302 587 2345 essent,
626 2299 675 2336 ab
718 2300 1017 2349 oppugnatione
1055 2300 1214 2337 urbium
1253 2302 1528 2349 temperatum,
1567 2299 1733 2347 legioni-

311 2367 461 2416 busque
499 2367 669 2404 Romam
707 2368 904 2415 reductis,
944 2368 1140 2417 reliquum
1181 2368 1275 2405 anni
1315 2367 1438 2404 muris
1476 2367 1734 2417 turribusque
1780 2417 1792 2423 ἱ

310 2434 535 2471 reficiendis
567 2439 850 2484 consumptum,
882 2440 920 2473 et
951 2436 1055 2473 aedes
1086 2435 1293 2485 Apollinis
1325 2435 1507 2473 dedicata
1538 2438 1606 2472 est.

425 2502 615 2539 Extremo
647 2516 749 2540 anno
791 2504 950 2541 comitia
991 2503 1216 2541 consularia
1255 2506 1453 2540 certamen
1490 2506 1649 2552 patrum
1689 2516 1733 2540 ac

314 2569 444 2618 plebis
476 2570 647 2617 diremit,
684 2570 860 2607 tribunis
897 2571 1135 2619 negantibus
1172 2584 1357 2620 passuros
1389 2571 1552 2608 comitia
1582 2570 1735 2616 haberi,

311 2637 351 2673 ni
382 2638 595 2675 secundum
627 2638 827 2675 Liciniam
858 2638 985 2687 legem
1015 2639 1269 2685 haberentur,
1307 2638 1502 2675 dictatore
1533 2639 1733 2676 obstinato
