1821 2928
247 110 272 147 6
881 104 992 140 Liber
1017 104 1046 139 I.

247 235 315 270 aut.
345 233 510 282 stirpem
542 245 564 268 a
595 231 833 268 crudelitate
864 231 976 280 regia
1007 231 1233 270 vindicant:
1266 232 1451 271 sacerdos
1476 233 1611 271 vincta
1638 234 1684 272 in-

247 303 466 341 custodiam
514 303 652 348 datum
697 315 842 352 pueros
881 303 921 340 in
951 302 1212 353 profluentem
1244 317 1388 353 aquam
1419 304 1527 343 mitti
1558 305 1680 343 iubet.

207 374 232 410 4
250 375 370 413 Forte
402 374 574 424 quadam
592 386 646 411 cm
672 372 864 412 divinitus
895 387 1014 424 super
1044 375 1151 425 ripas
1169 374 1326 412 Tiberis
1354 375 1497 414 effusus
1520 377 1679 414 lenibus

247 448 396 495 stagnis
437 459 507 483 nec
550 445 651 482 adiri
690 458 856 495 usquam
889 445 939 483 ad
970 446 1064 484 iusti
1096 459 1253 483 cursum
1285 449 1442 496 poterat
1472 448 1597 486 amnis
1629 453 1680 496 et,

245 531 359 568 posse
393 517 572 567 quamvis
605 516 796 566 languida
828 517 954 566 mergi
986 531 1088 567 aqua
1114 518 1297 565 infantes,
1328 531 1436 568 spem
1460 518 1680 558 ferentibus

206 587 228 625 5
248 589 379 627 dabat.
441 588 517 635 Ita,
549 588 661 626 velut
692 588 872 625 defuncti
903 589 1010 638 regis
1042 590 1221 639 imperio,
1254 590 1294 626 in
1327 590 1509 640 proxima
1540 590 1681 639 eluvie,

244 660 316 697 ubi
356 674 459 698 nunc
497 660 594 698 ficus
626 660 851 697 Ruminalis
893 664 952 697 est
990 660 1261 708 (Romularem
1303 664 1482 699 vocatam
1522 662 1681 714 ferunt),

205 733 390 782 sspueros
429 735 641 782 exponunt.
702 730 838 768 Vastae
878 735 963 768 tum
1002 732 1041 769 in
1082 733 1129 770 iis
1160 732 1257 770 locis
1288 733 1525 771 solitudines
1556 737 1679 772 erant.

245 802 371 841 Tenet-
400 803 514 849 fama,
548 816 667 853 quum
694 802 914 840 fluitantem
941 804 1110 850 alveum,
1143 817 1220 854 quo
1239 805 1410 854 expositi
1426 808 1539 842 erant
1554 807 1682 856 pueri,

244 875 377 912 tenuis
410 875 449 912 in
482 875 585 912 sicco
613 888 716 924 aqua
742 875 1000 922 destituisset,
1032 875 1166 925 lupam
1183 875 1384 913 sitientem
1401 889 1450 913 ex
1467 877 1681 925 montibus,

245 947 314 997 qui
339 947 444 984 circa
469 950 571 994 sunt,
602 946 651 984 ad
679 946 874 996 puerilem
901 947 1078 996 vagitum
1098 960 1256 984 cursum
1272 947 1444 994 flexisse;
1478 961 1562 986 eam
1579 962 1680 987 sum-

245 1019 383 1055 missas
425 1018 643 1056 infantibus
677 1018 775 1055 adeo
807 1019 943 1055 mitem
975 1018 1192 1069 praebuisse
1231 1032 1430 1066 mammas,
1468 1023 1513 1057 ut
1543 1021 1680 1070 lingua

244 1090 486 1128 lambentem
518 1103 662 1140 pueros
695 1091 888 1139 magister
919 1091 1021 1140 regii
1054 1091 1209 1141 pecoris
1241 1091 1439 1128 invenerit
1470 1089 1679 1143 (Faustulo

203 1162 225 1196 7
246 1162 367 1199 fuisse
398 1175 539 1199 nomen
571 1161 734 1212 ferunt);
776 1162 824 1198 ab
857 1175 901 1200 eo
934 1161 982 1199 ad
1013 1162 1170 1200 stabula
1200 1162 1403 1200 Larentiae
1434 1163 1552 1201 uxori
1585 1164 1678 1202 edu-

244 1233 388 1271 candos
430 1233 555 1271 datos.
618 1232 731 1280 Sunt,
772 1233 840 1283 qui
874 1233 1106 1271 Larentiam
1146 1234 1307 1283 vulgato
1348 1247 1513 1285 corpore
1544 1235 1679 1286 lupam

245 1306 349 1343 inter
381 1309 559 1355 pastores
590 1308 770 1343 vocatam
802 1307 960 1354 putent3
992 1304 1083 1342 inde
1108 1305 1238 1343 locum
1263 1306 1409 1344 fabulae
1426 1320 1470 1344 ac
1487 1307 1679 1346 miraculo

203 1377 228 1413 8
246 1378 392 1415 datum.
438 1377 504 1414 Ita
535 1376 662 1425 geniti
688 1376 823 1426 itaque
850 1375 1022 1422 educati,
1055 1390 1175 1426 quum
1192 1377 1363 1427 primum
1380 1378 1558 1416 adolevit
1575 1383 1683 1426 aetas,

244 1463 315 1486 nec
340 1449 379 1485 in
405 1449 573 1486 stabulis
596 1461 668 1486 nec
694 1447 744 1486 ad
760 1461 904 1498 pecora
922 1460 1073 1496 segneS,
1104 1448 1285 1486 venando
1308 1462 1524 1499 peragrare
1543 1450 1681 1501 [circa]

204 1521 227 1557 9
246 1521 381 1559 saltus.
442 1520 550 1558 Hinc
591 1520 732 1557 robore
764 1519 998 1569 corporibus
1030 1519 1252 1570 animisque
1284 1524 1453 1571 sumpto,
1494 1521 1571 1558 iam
1601 1535 1681 1560 non

243 1593 346 1630 feras
376 1595 532 1630 tantum
564 1592 793 1637 subsistere,
825 1591 894 1629 sed
920 1592 959 1629 in
985 1592 1159 1629 latrones
1176 1591 1312 1642 praeda
1329 1595 1491 1630 onustos
1507 1592 1680 1643 impetus

244 1665 372 1701 facere
402 1664 710 1714 pastoribusque
740 1666 856 1712 rapta
888 1663 1080 1710 dividere,
1118 1666 1156 1700 et
1187 1675 1275 1699 cum
1306 1663 1377 1709 his,
1411 1668 1608 1702 crescente
1640 1665 1681 1702 in

245 1735 330 1774 dies
361 1749 483 1785 grege
516 1736 714 1782 iuvenum,
745 1733 849 1772 seria
880 1747 924 1771 ac
956 1734 1061 1772 iocos
1093 1733 1306 1771 celebrare.

360 1808 446 1846 Iam
476 1811 560 1845 tum
592 1807 633 1844 in
650 1806 807 1843 Palatio
827 1805 991 1856 [monte]
1013 1805 1212 1855 Lupercal
1239 1805 1312 1842 hoc
1338 1805 1458 1843 fuisse
1484 1805 1680 1845 ludicrum

246 1880 387 1926 ferunt,
406 1883 445 1917 et
461 1894 483 1917 a
499 1879 723 1924 Pallanteo,
741 1878 839 1915 urbe
857 1877 1072 1924 Arcadica,
1089 1877 1348 1924 Pallantium,
1366 1877 1460 1914 dein
1477 1877 1680 1915 Palatium

205 1951 228 1987 2
247 1955 419 1989 montem
436 1950 699 2001 appellatum,
733 1949 790 1986 ibi
806 1949 1049 1996 Euandrum,
1081 1949 1151 1999 qui
1179 1963 1226 1986 ex
1253 1963 1298 1987 eo
1315 1962 1459 1998 genere
1475 1948 1681 1987 Arcadum

245 2023 380 2061 multis
405 2027 495 2060 ante
519 2021 824 2072 tempestatibus
840 2021 1016 2059 tenuerit
1033 2021 1129 2068 loca,
1146 2021 1335 2059 sollemne
1352 2020 1517 2059 allatum
1535 2035 1583 2059 ex
1601 2021 1680 2059 Ar-

245 2095 358 2133 cadia
382 2094 615 2141 instituisse,
640 2097 686 2131 ut
710 2093 807 2131 nudi
833 2094 993 2131 iuvenes
1011 2093 1197 2142 Lycaeum
1214 2093 1327 2131 Pana
1349 2095 1584 2131 venerantes
1607 2106 1683 2143 per

243 2168 372 2204 lusum
399 2169 519 2216 atque
545 2165 751 2204 lasciviam
778 2168 995 2211 currerent,
1028 2177 1145 2214 quem
1162 2165 1336 2203 Romani
1354 2163 1498 2202 deinde
1514 2177 1678 2202 vocave-

208 2239 231 2276 3
249 2242 343 2275 runt
359 2238 515 2275 Inuum.
562 2237 668 2274 Huic
693 2237 837 2275 deditis
863 2235 1028 2283 ludicro,
1060 2249 1181 2285 quum
1207 2237 1398 2274 sollemne
1415 2238 1551 2273 notum
1568 2241 1680 2284 esset,

247 2310 458 2347 insidiatos
489 2309 538 2346 ob
572 2309 669 2345 iram
701 2309 846 2359 praedae
878 2307 1030 2346 amissae
1057 2307 1242 2355 latrones,
1273 2320 1395 2358 quum
1418 2307 1613 2345 Romulus
1639 2308 1679 2345 vi

249 2395 290 2418 se
323 2381 578 2426 defendisset,
608 2380 776 2417 Remum
803 2380 965 2430 cepisse,
997 2382 1154 2430 captum
1177 2379 1265 2429 regi
1281 2378 1447 2416 Amulio
1463 2378 1678 2417 tradidisse

205 2453 354 2490 4ultro
386 2454 625 2490 accusantes.
672 2451 841 2488 Crimini
872 2451 1042 2488 maxime
1074 2450 1235 2498 dabant,
1267 2451 1307 2488 in
1325 2451 1546 2490 Numitoris
1563 2463 1681 2499 agros

249 2525 297 2562 ab
331 2524 380 2561 iis
412 2524 601 2573 impetum
632 2522 738 2567 fieri;
782 2522 875 2559 inde
908 2536 983 2569 eos,
1024 2523 1192 2560 collecta
1221 2523 1407 2561 iuvenum
1439 2535 1568 2568 manu,
1608 2521 1676 2559 ho-

249 2595 380 2633 stilem
412 2595 451 2632 in
483 2594 642 2632 modum
673 2593 826 2643 praedas
858 2607 985 2642 agere.
1032 2592 1099 2630 Sic
1129 2594 1180 2631 ad
1211 2593 1452 2644 supplicium
1474 2591 1677 2631 Numitori

207 2667 233 2702 5
252 2667 400 2704 Remus
432 2666 602 2704 deditur.
649 2665 734 2703 Iam
766 2664 858 2702 inde
891 2665 939 2702 ab
971 2664 1085 2702 initio
1103 2664 1296 2702 Faustulo
1327 2678 1416 2714 spes
1447 2664 1586 2710 fuerat,
1616 2677 1679 2702 re-
