1821 2928
494 76 612 113 Liber
636 76 705 112 IV.
756 78 817 121 (A.
845 77 909 113 Ch.
935 78 1146 121 439—437.)
1460 82 1542 120 213

101 205 275 257 populis,
314 205 363 244 ab
402 219 519 244 causa
560 206 678 243 etiam
716 208 799 244 tam
838 204 1013 244 nefanda
1053 205 1202 244 bellum
1243 205 1396 244 exorsis
1427 209 1542 245 atrox

101 278 306 317 dimicatio
347 278 535 316 instabat.
595 277 753 328 Itaque,
792 277 843 316 ad
881 291 1015 316 curam
1047 291 1210 316 summae
1240 291 1371 317 rerum
1404 279 1540 329 quieta
1560 281 1582 317 7

99 351 216 402 plebe
245 350 502 401 tribunisque
534 350 630 397 eius,
660 350 764 389 nihil
797 350 1079 389 controversiae
1111 350 1199 398 fuit,
1230 351 1326 401 quin
1359 352 1542 390 consules
1560 393 1588 418 A
1607 400 1660 420 me
1687 395 1737 419 317

102 426 332 462 crearentur
372 422 429 461 M.
471 421 675 472 Geganius
720 422 952 461 Macerinus
998 423 1160 461 tertium
1207 426 1247 461 et
1290 423 1336 461 L.
1376 422 1542 474 Sergius
1562 438 1597 465 A.
1617 438 1669 466 eh.
1687 441 1747 466 437.

101 495 292 542 Fidenas3
323 509 346 533 a
375 495 485 534 bello
517 495 648 543 credo,
679 495 787 546 quod
815 494 959 533 deinde
983 495 1119 544 gessit,
1152 495 1411 546 appellatum.
1458 496 1582 536 Hic8

101 568 205 606 enim
236 568 388 619 primus
421 568 477 606 cis
494 567 693 606 Anienem
726 581 814 606 cum
845 581 940 618 rege
959 567 1191 606 Veientium
1209 569 1383 606 secundo
1400 569 1542 620 proelio

100 640 294 688 conflixit,
326 654 398 679 nec
430 641 680 681 incruentam
711 641 922 679 victoriam
949 640 1120 678 rettulit.
1173 639 1308 679 Maior
1332 642 1469 692 itaque
1496 656 1543 680 ex

99 713 255 751 civibus
272 713 428 752 amissis
445 713 562 752 dolor
579 727 697 763 quam
715 713 859 751 laetitia
875 713 976 751 fusis
993 712 1176 751 hostibus
1191 712 1288 760 fuit3
1314 717 1354 751 et
1370 717 1541 763 senatus,

98 790 143 824 ut
172 787 213 824 in
251 785 421 836 trepidis
459 785 591 833 rebus,
637 786 872 824 dictatorem
905 785 986 823 dici
1017 785 1139 823 Mam.
1170 785 1382 823 AEmilium
1412 786 1540 826 iussit.

98 858 140 897 Is
186 858 421 907 magistrum
467 859 649 909 equitum
688 872 735 897 ex
777 858 948 907 collegio
978 858 1126 908 prioris
1159 858 1264 905 anni,
1310 871 1388 908 quo
1420 859 1580 897 simul9

97 931 253 969 tribuni
284 931 457 968 militum
490 931 691 969 consulari
714 934 914 981 potestate
929 931 1102 978 fuerant,
1133 931 1179 969 L.
1197 931 1431 979 Quinctium
1449 931 1541 970 Cin-

99 1004 314 1051 cinnatum,
361 1003 527 1053 dignum
564 1007 730 1054 parente
767 1003 963 1050 iuvenem,
1011 1003 1125 1041 dixit.
1186 1003 1255 1041 Ad
1294 1004 1486 1042 dilectum
1517 1004 1610 1043 alo

98 1075 332 1115 consulibus
363 1075 548 1114 habitum
579 1076 833 1114 centuriones
865 1078 1020 1113 veteres
1052 1075 1150 1114 belli
1180 1076 1305 1127 periti
1333 1077 1480 1115 adiecti
1504 1080 1543 1115 et

97 1161 285 1186 numerus
317 1148 552 1186 amissorum
584 1148 767 1199 proxima
797 1161 934 1198 pugna
961 1148 1156 1198 expletus.
1200 1148 1376 1198 Legatos
1394 1148 1540 1196 Quinc·

97 1222 196 1259 tium
224 1220 498 1271 Capitolinum
532 1224 571 1258 et
601 1220 655 1258 M.
672 1220 843 1258 Fabium
871 1220 1120 1258 Vibulanum
1152 1221 1265 1271 sequi
1296 1234 1336 1258 se
1369 1220 1542 1259 dictator

98 1293 228 1332 iussit.
288 1293 422 1341 Quum
452 1297 629 1344 potestas
660 1292 799 1340 maior,
844 1296 928 1330 tum
959 1293 1024 1331 vir
1055 1306 1213 1343 quoque
1244 1293 1435 1343 potestati
1466 1307 1540 1344 par
1560 1292 1606 1330 11

96 1366 228 1404 hostes
261 1379 311 1403 ex
342 1378 440 1415 agro
465 1365 649 1403 Romano
679 1369 792 1403 trans
810 1365 1011 1403 Anienem
1042 1379 1308 1413 summovere;
1340 1366 1540 1417 collesque

98 1438 205 1476 inter
236 1437 412 1475 Fidenas
444 1441 564 1487 atque
595 1437 791 1476 Anienem
827 1441 1030 1488 ceperunt,
1059 1439 1277 1476 referentes
1294 1442 1438 1485 castra,
1468 1452 1540 1477 nec

98 1514 188 1548 ante
219 1510 261 1547 in
294 1522 454 1559 campos
487 1510 664 1559 degressi
694 1513 797 1557 sunt,
829 1523 948 1560 quam
974 1510 1151 1559 legiones
1168 1510 1420 1548 Faliscorum
1447 1524 1540 1549 aux-

99 1583 171 1620 ilio
202 1586 409 1620 venerunt.
462 1581 565 1620 Tum
597 1582 756 1620 demum
789 1586 919 1620 castra
950 1581 1214 1621 Etruscorum
1245 1596 1318 1633 pro
1342 1583 1538 1622 moenibus
1560 1583 1607 1619 12

97 1654 343 1693 Fidenarum
373 1655 516 1705 posita.
563 1654 617 1692 Et
648 1654 825 1692 dictator
842 1654 1049 1693 Romanus
1079 1654 1187 1693 haud
1213 1656 1355 1706 procul
1379 1655 1473 1694 inde
1489 1655 1542 1695 ad

95 1726 336 1766 confluentes
354 1726 536 1765 consedit
552 1727 592 1764 in
609 1727 819 1778 utriusque
843 1727 945 1778 ripis
971 1727 1111 1774 amnis,
1138 1740 1217 1778 qua
1232 1728 1393 1778 assequi
1409 1728 1538 1766 muni-

97 1803 228 1838 mento
260 1802 432 1850 poterat,
463 1799 571 1838 vallo
602 1800 856 1850 interposita
903 1800 1072 1838 Postero
1106 1800 1170 1838 die
1187 1800 1228 1838 in
1246 1800 1370 1839 aciem
1389 1800 1537 1838 eduxit.

96 1872 209 1911 Inter
240 1873 373 1911 hostes
403 1872 526 1910 variae
557 1872 668 1910 fuere
695 1873 915 1910 sententiae.
962 1872 1156 1919 Faliscus,
1186 1873 1328 1923 procul
1354 1873 1404 1911 ab
1423 1873 1539 1912 domo
1619 1867 1669 1916 18

98 1945 281 1983 milit-iam
313 1957 417 1994 aegre
447 1945 604 1994 patiens
644 1945 819 1994 satisque
849 1944 976 1983 fidens
1015 1944 1106 1992 sibi,
1147 1958 1313 1995 poscere
1344 1958 1539 1996 pugnam3

98 2016 259 2056 Veienti
276 2017 545 2068 Fidenatique
577 2017 667 2068 plus
699 2017 785 2067 spei
815 2017 857 2055 in
886 2016 1083 2055 trahendo
1107 2017 1213 2056 bello
1232 2031 1327 2056 esse.
1372 2017 1535 2056 Tolum·
1554 2016 1577 2052 2

96 2090 198 2137 nius,
230 2103 458 2141 quanquam
490 2103 652 2127 suorum
684 2089 809 2138 magis
839 2089 1056 2140 placebant
1088 2090 1271 2137 consilia,
1303 2103 1353 2128 ne
1382 2090 1539 2139 longin-

98 2175 214 2212 quam
245 2162 433 2200 militiam
464 2175 545 2199 non
575 2166 808 2212 paterentur
833 2162 993 2209 Falisci,
1024 2165 1184 2212 postero
1217 2162 1283 2201 die
1314 2175 1355 2201 se
1386 2175 1539 2213 pugna-

95 2239 227 2273 turum
256 2234 390 2273 edicit.
437 2234 644 2272 Dictatori
662 2247 706 2272 ac
722 2234 926 2281 Romanis,
959 2235 1066 2285 quod
1085 2235 1346 2273 detrectasset
1361 2248 1537 2286 pugnam
1555 2232 1578 2269 3

97 2307 233 2355 hostis,
264 2307 387 2345 animi
419 2320 643 2354 accessere;
684 2310 926 2357 posteroque
959 2307 1035 2355 die,
1068 2308 1144 2346 iam
1177 2308 1374 2346 militibus
1406 2310 1537 2346 castra

97 2379 313 2430 urbemque
345 2392 385 2417 se
417 2382 720 2430 oppugnaturos
751 2379 1023 2427 frementibus,
1062 2380 1103 2418 ni
1134 2381 1249 2431 copia
1278 2392 1424 2431 pugnae
1454 2378 1536 2425 fiat,

98 2452 285 2502 utrinque
317 2452 420 2490 acies
453 2452 558 2489 inter
589 2451 684 2490 bina
715 2455 846 2489 castra
877 2452 916 2489 in
949 2451 1122 2490 medium
1156 2453 1285 2502 campi
1302 2450 1536 2502 procedunt.

97 2522 259 2571 Veiens,
289 2523 549 2562 multitudine
581 2522 801 2571 abundans,
839 2524 909 2574 qui
942 2525 1048 2562 inter
1080 2525 1374 2562 dimicationem
1405 2520 1577 2559 castra4

97 2593 278 2634 Romana
295 2595 626 2646 aggrederentur,
657 2600 748 2646 post
764 2599 918 2635 montes
937 2596 1210 2634 circummisit.
1256 2594 1394 2632 Trium
1412 2607 1537 2645 popu-

96 2666 224 2704 lorum
242 2668 439 2706 exercitus
458 2668 514 2706 ita
531 2668 643 2706 stetit
659 2668 893 2714 instructus,
919 2672 963 2706 ut
988 2668 1173 2706 dextrum
1192 2680 1314 2705 cornu
1332 2666 1537 2713 Veientes,
