1821 2928
324 130 401 166 176
750 125 864 161 Liber
888 125 962 161 ΙΙΙ.
1011 128 1071 171 (A.
1098 139 1132 162 u.
1159 138 1188 162 c.
1215 127 1310 171 305.)

321 254 356 291 ri
383 268 422 292 se
445 254 575 304 primo
595 266 754 303 quoque
784 257 964 304 tempore
992 254 1229 303 magistratu
1253 253 1498 301 abdicarent,
1531 253 1577 302 Q.
1604 254 1750 294 Furius

320 326 502 376 pontifex
529 326 726 363 maximus
750 325 934 362 tribunos
951 326 1079 375 plebis
1097 329 1260 376 crearet,
1293 329 1332 363 et
1363 339 1412 364 ne
1442 326 1507 364 cui
1532 326 1667 364 fraudi
1692 340 1749 366 es-

321 402 381 436 set
413 397 583 435 secessio
616 397 786 434 militum
817 397 1040 447 plebisque.
1746 400 1749 401 ’

281 468 303 504 6
436 469 512 506 His
543 471 702 506 senatus
727 469 919 506 consultis
941 470 1129 519 perfectis
1159 469 1324 507 dimisso
1349 473 1500 520 senatu,
1533 469 1752 508 decemviri
1797 518 1799 520 Ι

320 541 521 592 prodeunt
559 541 600 578 in
642 541 863 578 contionem
903 541 1169 591 abdicantque
1209 554 1249 579 se
1290 541 1549 591 magistratu,
1596 542 1751 592 ingenti

281 609 301 644 7
322 613 523 651 hominum
541 612 696 649 laetitia.
741 612 987 650 Nuntiantur
1003 612 1087 649 haec
1104 613 1225 662 plebi.
1270 612 1454 662 Legatos,
1487 613 1680 664 quicquid
1707 614 1751 652 in

318 686 417 723 urbe
448 684 652 722 hominum
679 687 895 734 supererat,
927 684 1194 734 prosequitur.
1254 685 1359 722 Huic
1385 685 1635 723 multitudini
1659 686 1751 724 laeta

320 757 396 794 alia
422 756 542 794 turba
569 769 616 793 ex
634 756 775 793 castris
793 756 979 794 occurrit.
1042 755 1382 805 Congratulantur
1405 757 1632 795 libertatem
1659 770 1751 795 con-

279 829 303 866 8
322 828 577 878 cordiamque
610 827 767 865 civitati
797 828 1034 867 restitutam.
1099 828 1246 877 Legati
1270 842 1343 878 pro
1368 829 1570 867 contione:
1606 828 1750 877 „Quod

321 901 480 946 bonum,
512 900 684 938 faustum
717 899 895 949 felixque
928 900 982 937 sit
1011 900 1124 938 vobis
1155 900 1293 950 reique
1322 900 1508 950 publicae,
1547 900 1677 938 redite
1708 901 1750 939 in

319 973 489 1023 patriam
523 972 571 1009 ad
603 976 777 1022 penates,
812 972 1000 1020 coniuges
1029 972 1256 1022 liberosque
1282 975 1454 1019 vestros;
1486 972 1566 1019 sed,
1592 986 1671 1023 qua
1685 972 1750 1011 hic

319 1044 514 1082 modestia
536 1043 683 1093 fuistis,
715 1044 785 1081 ubi
817 1044 966 1081 nullius
997 1057 1093 1093 ager
1124 1044 1165 1081 in
1195 1046 1256 1081 tot
1281 1056 1412 1082 rerum
1437 1057 1512 1082 usu
1527 1045 1750 1083 necessario

318 1120 439 1154 tantae
465 1115 713 1153 multitudini
738 1119 797 1153 est
817 1116 1000 1160 violatus,
1032 1130 1115 1153 eam
1139 1115 1374 1154 modestiam
1398 1115 1499 1154 ferte
1530 1117 1571 1155 in
1597 1117 1748 1155 urbem.

278 1185 300 1221 9
320 1188 369 1226 In
401 1187 620 1226 Aventium
638 1187 705 1234 ite,
737 1188 841 1224 unde
869 1188 1039 1238 profecti
1056 1189 1169 1235 estis;
1202 1188 1260 1225 ibi
1276 1188 1384 1226 felici
1402 1188 1502 1236 loco,
1533 1189 1604 1226 ubi
1621 1188 1750 1239 prima

317 1260 436 1298 initia
474 1259 691 1297 inchoastis
733 1259 934 1298 libertatis
972 1263 1126 1308 vestrae,
1173 1260 1356 1297 tribunos
1396 1260 1507 1310 plebi
1547 1260 1749 1300 creabitis,

253 1328 474 1369 JOPraesto
507 1332 583 1369 erit
613 1332 795 1381 pontifex
827 1331 1033 1381 maximus,
1065 1332 1135 1382 qui
1166 1332 1330 1370 comitia
1356 1332 1537 1370 habeat.“
1599 1332 1749 1381 Ingens

316 1417 498 1441 assensus
530 1403 798 1453 alacritasque
831 1407 973 1441 cuncta
1004 1403 1318 1454 approbantium
1348 1403 1436 1441 fuit.
1507 1402 1751 1442 Oonvellunt

316 1477 408 1514 inde
440 1476 568 1525 signa,
609 1475 861 1526 profectique
903 1475 1075 1513 Romam
1117 1479 1271 1513 certant
1309 1489 1395 1513 cum
1429 1475 1557 1513 obviis
1587 1475 1747 1525 gaudio.

250 1543 293 1580 11
317 1547 478 1584 Armati
520 1561 591 1597 per
629 1548 766 1585 urbem
806 1548 968 1586 silentio
1005 1547 1046 1584 in
1077 1546 1326 1587 Aventinum
1356 1547 1605 1598 perveniunt.
1635 1549 1639 1553 ’
1677 1547 1747 1585 Ibi

315 1619 527 1669 extemplo.
561 1619 749 1668 pontifice
782 1619 952 1657 maximo
984 1619 1146 1657 comitia
1177 1619 1359 1668 habente,
1402 1618 1586 1657 tribunos
1616 1618 1746 1669 plebis

314 1694 557 1737 creaverunt,
589 1690 764 1728 omnium
780 1691 951 1740 primum
968 1690 1015 1730 L.
1034 1690 1283 1738 Verginium,
1316 1689 1409 1727 inde
1438 1690 1484 1728 L.
1516 1690 1675 1727 Icilium
1707 1692 1748 1728 et

254 1763 303 1799 12
325 1761 367 1799 P.
386 1761 671 1812 Numitorium,
699 1762 937 1800 avunculum
955 1761 1154 1811 Verginii,
1185 1765 1364 1799 auctores
1382 1761 1629 1813 secessionis,
1660 1765 1745 1800 tum

315 1833 356 1871 C.
388 1833 597 1881 Sicinium,
628 1834 859 1884 progeniem
891 1833 987 1880 eius,
1031 1846 1146 1883 quem
1178 1833 1349 1883 primum
1380 1833 1585 1871 tribunum
1615 1834 1745 1884 plebis

314 1910 490 1943 creatum
506 1906 546 1943 in
565 1904 688 1944 Sacro
704 1910 836 1943 monte
852 1905 1053 1956 proditum
1072 1905 1270 1943 memoriae
1288 1908 1358 1956 est,
1392 1910 1431 1943 et
1454 1905 1511 1944 M.
1528 1904 1742 1953 Duillium,

314 1977 382 2026 qui
410 1977 656 2015 tribunatum
682 1978 876 2027 insignem
904 1980 993 2015 ante
1019 1977 1261 2015 decemviros
1287 1980 1441 2015 creatos
1471 1980 1649 2027 gesserat
1671 1991 1742 2016 nec

247 2049 296 2087 13
316 2048 356 2085 in
391 2050 720 2087 decemviralibus
752 2049 1037 2087 certaminibus
1068 2049 1178 2100 plebi
1210 2049 1401 2087 defuerat.
1476 2047 1557 2099 Spe
1595 2049 1743 2088 deinde

318 2121 445 2169 magis
486 2135 602 2170 quam
642 2121 794 2159 meritis
833 2121 951 2159 electi
981 2121 1037 2160 M.
1070 2120 1259 2170 Titinius,
1307 2120 1364 2160 M.
1396 2120 1654 2170 Pomponius,
1700 2121 1742 2160 C.

248 2191 297 2229 14
315 2190 534 2241 Apronius,
566 2193 614 2232 P.
634 2192 798 2242 Villius,
833 2192 877 2233 C.
904 2192 1070 2243 OppiuS.
1132 2191 1360 2232 Tribunatu
1384 2192 1498 2239 inito,
1528 2192 1576 2232 L.
1601 2191 1742 2232 Icilius

314 2263 511 2312 extemplo
543 2264 701 2313 plebem
731 2265 891 2314 rogavit
922 2268 961 2302 et
989 2264 1106 2315 plebs
1137 2264 1269 2310 scivit,
1301 2277 1350 2301 ne
1382 2264 1445 2301 cui
1474 2264 1608 2302 fraudi
1640 2267 1743 2303 esset

246 2335 296 2373 15
315 2334 481 2371 secessio
500 2334 549 2372 ab
567 2334 803 2373 decemviris
819 2337 934 2374 facta.
996 2335 1212 2373 Confestim
1239 2335 1288 2373 de
1312 2335 1542 2374 oonsulibus
1558 2336 1742 2391 creandis

311 2419 398 2443 cum
422 2407 703 2456 provocatione
728 2407 783 2446 Μ.
802 2407 984 2445 Duillius
1011 2407 1260 2456 rogationem
1277 2407 1458 2457 pertulit.
1519 2407 1580 2445 Ea
1606 2408 1739 2446 omnia

309 2477 350 2514 in
381 2478 508 2527 pratis
539 2477 751 2515 Flaminiis
783 2479 949 2516 concilio
981 2478 1109 2529 plebis
1141 2481 1241 2526 acta,
1281 2491 1397 2528 quem
1439 2492 1543 2516 nunc
1587 2479 1737 2517 circum

311 2549 553 2587 Flaminium
587 2549 805 2600 appellant.

196 2617 249 2665 55
423 2620 502 2658 Per
533 2621 770 2670 interregem
801 2620 944 2658 deinde
976 2621 1158 2658 consules
1190 2621 1311 2659 creati
1352 2621 1399 2660 L.
1433 2619 1635 2670 Valerius,
1680 2621 1736 2660 M.

310 2691 519 2740 Horatius,
549 2692 618 2742 qui
636 2691 835 2742 extemplo
852 2692 1126 2742 magistratum
1144 2694 1391 2742 occeperunt.
1451 2690 1627 2739 Quorum
1644 2706 1736 2731 con·
