1821 2928
824 174 926 210 XIII

155 293 241 335 193)
290 289 419 332 XXII,
472 290 488 324 1
539 290 734 335 (quintum
783 301 850 325 om.
900 289 978 325 edd.
1026 292 1109 325 vett.
1148 292 1184 325 et
1218 290 1356 332 Drak.)
1380 290 1385 334 Ι
1407 299 1599 333 praeroga-

155 349 244 383 tivae
281 346 417 391 (Crev.)
457 349 477 383 5
504 359 617 392 quam
641 357 775 393 prope,
813 359 881 382 om.
909 359 981 393 que
1009 347 1174 393 (Siesbye
1198 347 1280 382 Em.
1307 348 1391 390 193)
1415 347 1421 392 Ι
1442 347 1600 382 Decium

156 405 403 449 Fabiumque,
428 409 470 440 ut
495 417 570 440 uno
599 430 606 438 .
629 431 636 439 .
659 406 910 450 .viverent,*;
945 418 1026 441 esse
1058 410 1247 450 praeterea
1273 405 1372 449 (Uss.
1398 404 1480 440 Em.
1513 404 1598 446 193)

154 460 306 505 XXIII,
333 464 352 497 3
379 474 462 507 quae
488 464 528 497 in
542 463 625 497 foro
641 462 757 506 (codd.
772 474 860 498 recc.
898 463 1067 499 Alterum
1086 464 1208 498 ortum
1220 464 1276 497 est
1292 461 1598 498 accommodando

147 520 370 564 pronomine
395 520 443 555 ad
462 520 649 565 prowima.
699 519 826 565 Lonye
850 521 961 555 aliter
982 521 1085 555 notio
1110 519 1168 554 dei
1194 522 1230 555 et
1250 519 1429 564 imaginis
1443 519 1500 554 dei
1517 530 1600 555 cort-

144 576 359 622 funditur.)
385 579 406 613 5
421 578 543 622 (Fort.
568 589 636 613 εον,
662 589 709 612 ex
732 589 835 621 vero,
862 577 945 613 Em.
967 578 1037 612 193
1050 578 1104 621 n.)
1134 579 1176 612 10
1202 590 1223 612 a
1247 577 1405 621 pollutis
1428 577 1508 612 sine
1533 588 1600 612 un-

153 634 206 670 cis
232 634 396 679 (Duker)
432 634 574 680 XXIV,
612 639 632 672 3
670 635 792 680 (Proh.
826 635 955 670 Listov
981 635 1029 670 ad
1055 638 1200 669 sortem
1224 646 1305 669 rem
1329 636 1544 678 revocaret)
1578 637 1600 670 8

153 703 201 726 ne
226 692 330 736 plebi
357 692 476 737 (codd.
501 693 595 729 mell.
620 705 668 728 ne
693 694 830 738 plebis)
857 691 1000 736 XXVI,
1026 694 1046 727 3
1069 692 1217 736 (mallet
1235 691 1360 726 Weiss.
1376 691 1487 726 MPL
1508 693 1600 728 mal-

152 749 216 792 lit3
241 748 415 784 edebatur
439 752 562 795 malit)
588 754 610 786 4
640 751 680 785 in
705 751 902 786 Samnium
932 751 992 785 vel
1027 749 1106 784 sine
1142 748 1250 784 uncis
1288 748 1380 794 (My.
1410 748 1492 784 Em.
1518 751 1598 795 193)

154 807 198 840 14
224 807 353 851 (quam
380 807 553 843 Romano
577 808 716 843 Duker.
744 807 865 851 Codd.,
891 806 1011 842 Drak.
1038 818 1150 851 quam
1176 807 1356 850 Romani)
1383 805 1546 849 XXVII,
1581 809 1597 841 1

153 864 430 909 (transgressos
439 867 708 911 Appenninum
719 865 832 901 Gron.
843 863 964 908 Oodd.,
975 864 1093 899 Drak.
1103 868 1342 910 transgresso
1352 865 1597 911 Appennino)

153 924 174 957 3
210 922 328 965 (Fort.
352 933 421 957 scr.
445 923 525 957 dies
539 923 628 958 inde
645 924 757 964 dicta,
782 923 865 958 Em.
890 923 960 958 417
973 923 1028 965 η.)
1050 924 1072 957 6
1087 922 1311 957 absentibus
1336 921 1395 956 his
1415 920 1600 965 XXVIH,

152 981 173 1014 3
188 979 310 1023 (Fort.
329 990 398 1014 scr.
422 992 538 1025 quum
560 982 756 1022 sustineri,
777 980 858 1017 Em.
876 981 957 1024 193)
971 982 993 1015 4
1008 991 1075 1014 om.
1091 991 1221 1014 eorum
1236 990 1360 1014 errore
1386 980 1408 1014 8
1429 972 1599 1024 eq'uitum

155 1035 244 1082 (My.
258 1036 340 1072 Em.
366 1038 446 1082 193)
465 1039 504 1072 17
534 1038 656 1081 (Prob.
688 1038 799 1073 Wesb.
822 1049 862 1073 ac
879 1038 1074 1073 Gallorum
1097 1041 1136 1072 et
1151 1037 1393 1079 Samnitium)
1421 1036 1600 1080 XXIX,7

153 1094 248 1129 raris
272 1095 312 1128 in
338 1106 441 1140 corp.
469 1095 604 1139 (Hertz
628 1107 645 1130 e
669 1097 752 1130 vest.
768 1095 847 1129 ML
873 1095 1208 1139 verarisquerutis3
1234 1094 1316 1129 Em.
1338 1095 1398 1139 18)
1426 1093 1552 1137 XXX,
1578 1096 1599 1130 5

152 1151 327 1195 peditum
344 1153 494 1187 deciens
519 1158 679 1188 centena
704 1154 810 1187 milia
835 1163 851 1187 e
875 1152 971 1187 coni.
986 1151 1185 1187 Niebuhr-ii
1209 1151 1471 1196 (Hertzevest.
1486 1151 1600 1195 codd,

153 1208 254 1243 velut
276 1208 322 1243 M
343 1208 599 1245 XCCCXXX.
626 1210 833 1245 Eclebatur:
870 1210 1126 1255 quadraginta
1157 1210 1278 1245 millia
1307 1213 1502 1244 trecentos
1534 1210 1599 1243 tri-

154 1266 289 1311 ginta.)
315 1265 464 1311 XXXI,
489 1268 644 1311 5copiae
672 1279 739 1303 om.
755 1267 849 1312 (My.
868 1267 951 1302 Em.
977 1268 1061 1310 193)
1077 1269 1253 1302 8terram
1281 1267 1335 1312 (Ο.
1365 1266 1407 1301 F.
1434 1266 1601 1302 WMvzl-

150 1322 207 1357 ler
231 1334 318 1358 ann.
337 1324 469 1369 philol.
490 1324 752 1360 LXXXVIII
766 1326 908 1370 p.283)
934 1323 1104 1367 XXXII,
1130 1327 1150 1359 3
1174 1335 1370 1369 regressos
1397 1323 1491 1367 (edd.
1506 1326 1600 1367 vett„

151 1380 235 1416 Em.
250 1382 294 1415 16
309 1382 359 1426 π.)
375 1385 397 1417 4
425 1382 525 1427 (Em.
545 1383 606 1426 16)
622 1381 812 1425 XXXIII,
837 1386 859 1418 4
874 1385 1003 1427 agunt,
1019 1393 1094 1426 quo
1117 1385 1326 1425 coeperunt,
1347 1383 1384 1416 et
1406 1382 1602 1426 expellunt

150 1437 232 1472 sine
256 1439 362 1474 uncis
389 1439 483 1485 (My.
509 1439 592 1475 Em.
618 1441 706 1484 194,·
730 1444 926 1484 coeperant
951 1438 1052 1474 codd.
1072 1440 1095 1473 4
1119 1439 1226 1482 recc.)
1253 1440 1274 1474 6
1308 1439 1355 1473 ad
1388 1437 1602 1474 DCCXXX

155 1494 284 1539 (Codd.
310 1496 358 1530 ad
384 1508 536 1532 accxxx.
576 1497 687 1532 Video
712 1497 905 1540 rationem,
931 1507 1044 1542 quum
1067 1495 1208 1531 dicitur
1233 1496 1282 1531 ad
1301 1496 1438 1541 viginti
1460 1500 1601 1531 matro-

153 1553 211 1586 nis
239 1554 384 1588 accitis.
417 1554 482 1588 hoc
507 1556 575 1598 est,
600 1555 786 1589 matronis
815 1554 861 1590 ad
887 1555 979 1599 vig„
1013 1555 1082 1588 aut
1105 1553 1154 1588 ad
1178 1553 1315 1598 viginti
1340 1553 1507 1587 millibus
1532 1553 1601 1587 ho-

154 1611 299 1645 minum
325 1623 456 1656 agrum
479 1611 617 1654 divisit,
642 1613 687 1645 ut
701 1622 774 1656 pro
798 1622 873 1646 uno
899 1611 1046 1646 nomine
1071 1610 1276 1646 declinetur
1301 1610 1350 1645 ad
1373 1609 1450 1643 XX
1463 1609 1600 1653 millia3

145 1667 234 1712 fero
259 1667 371 1702 etiam
398 1668 445 1702 ad
469 1669 544 1703 tria
569 1668 690 1703 millia,
714 1669 938 1714 octingenti,
963 1670 1007 1703 ut
1019 1668 1233 1704 obscuretur
1251 1667 1307 1702 vis
1323 1667 1602 1713 praepositionis

153 1724 195 1759 in
219 1724 336 1760 altero
362 1725 610 1769 substantivo;
635 1725 683 1760 ad
706 1726 941 1770 septingenti
973 1726 1121 1771 efficere
1151 1726 1228 1770 ipse
1260 1737 1277 1760 e
1309 1726 1398 1760 nota
1428 1736 1504 1760 ‘non
1536 1735 1602 1759 au-

153 1781 244 1826 deo.)
270 1783 292 1817 8
316 1795 375 1817 res
402 1787 511 1818 erant
537 1783 596 1827 (P,
620 1793 710 1817 recc.
736 1783 897 1828 aliquot)
925 1782 1106 1827 XXXIV,
1134 1785 1150 1817 1
1180 1794 1221 1818 ac
1245 1783 1325 1818 sine
1356 1782 1462 1817 uncis
1489 1782 1602 1827 (Sies-

154 1838 218 1885 bye
243 1838 324 1874 Em.
352 1840 436 1883 194)
457 1842 478 1874 7
504 1840 563 1874 his
590 1838 749 1883 XXXV,
776 1841 819 1874 10
846 1839 971 1883 (Prob.
998 1840 1070 1876 duo
1095 1840 1196 1876 codd.
1221 1851 1310 1875 recc.
1336 1841 1460 1875 nudus
1487 1844 1601 1885 atque

154 1898 272 1941 iners)
290 1898 331 1932 14
345 1902 555 1940 verterent3
570 1897 737 1932 facerent
748 1896 854 1942 [que]
867 1897 1031 1941 (Duker)
1042 1896 1223 1942 XXXVI,
1240 1898 1255 1931 1
1269 1897 1328 1942 (In
1341 1898 1509 1932 medium
1524 1897 1601 1933 Iac.

156 1953 270 1989 Gron.
305 1954 425 1997 Codd.,
451 1954 571 1989 Drak.
608 1955 648 1989 in
673 1955 812 1989 medio.
850 1954 934 1989 Em.
967 1955 1006 1997 9)
1041 1957 1062 1989 7
1095 1955 1195 1999 (ipse
1219 1954 1321 1990 codd.
1360 1966 1448 1990 recc.
1488 1954 1601 1998 Melz„

156 2011 276 2046 Drak.
312 2012 411 2056 ipsa)
435 2012 440 2055 Ι
463 2012 618 2046 obstitit
651 2011 765 2047 effuse
794 2012 887 2057 (My.
925 2011 1006 2047 Em.
1045 2012 1127 2056 194)
1161 2013 1201 2046 11
1235 2016 1350 2047 vovet
1373 2011 1442 2055 (M,
1465 2023 1489 2046 α
1508 2023 1554 2047 m.
1581 2013 1600 2046 1

157 2071 279 2104 tamen
298 2070 396 2112 vovi,
421 2079 509 2104 recc.
542 2069 699 2113 aliquot)
716 2068 927 2111 XXXVII,
953 2072 974 2105 9
1008 2069 1135 2104 aiebat
1167 2068 1262 2113 (edd.
1287 2071 1387 2113 vett.)
1422 2071 1465 2104 14
1499 2070 1600 2105 adie-

155 2128 207 2161 cit
232 2125 324 2171 (My.
350 2125 432 2161 Em.
458 2127 544 2170 190)
570 2128 610 2162 15
637 2127 770 2162 effatus
797 2126 1014 2172 [sacratus]‚
1040 2126 1164 2161 fuerat
1191 2126 1249 2171 (P,
1279 2126 1361 2162 Em.
1387 2128 1448 2171 16)
1476 2127 1535 2171 (16
1560 2139 1601 2162 re

156 2184 310 2227 publica
336 2182 450 2218 (ἔτ-οη.
490 2183 610 2227 Οοάά.,
636 2183 756 2219 Drak.
782 2195 843 2218 res
868 2184 989 2228 publ.)
1018 2182 1242 2227 XXXVIII,
1267 2186 1288 2219 2
1316 2184 1415 2229 (Em.
1428 2185 1475 2219 38
1501 2185 1554 2227 n.)
1581 2186 1602 2219 3

157 2244 381 2283 sacraretur,
408 2246 488 2275 tum
515 2242 701 2276 exercitus
724 2240 818 2287 (My.
831 2240 912 2276 Em.
940 2241 1019 2276 195.
1048 2240 1157 2276 C'odd.
1183 2245 1372 2277 sacratum
1405 2245 1485 2277 erat
1519 2246 1600 2276 tum

159 2298 358 2332 exercitus.
400 2298 520 2333 Drak.
558 2300 760 2334 militibus,
794 2298 943 2333 delectu
975 2309 1112 2343 per...
1135 2303 1325 2334 sacratum
1358 2303 1468 2334 esset.
1505 2298 1602 2333 Tum

158 2355 364 2397 exercitus)
409 2357 430 2390 6
469 2356 590 2400 (Fort.
622 2366 690 2391 scr.
730 2368 775 2390 ex
800 2357 899 2391 libro
927 2360 1056 2391 vetere
1092 2357 1211 2391 linteo
1248 2360 1365 2398 tecto,
1398 2355 1480 2390 Em.
1514 2356 1600 2398 195)

177 2411 182 2455 Ι
205 2422 353 2446 sacrum
389 2418 520 2457 petere
560 2412 653 2458 (My.
690 2412 771 2448 Em.
811 2414 897 2456 195)
939 2414 982 2448 12
1018 2414 1205 2448 nominati
1245 2417 1334 2448 sunt
1383 2414 1443 2456 (A.
1483 2412 1600 2447 Periz.

160 2467 268 2504 Oodd.
305 2471 530 2514 nominatis)
553 2470 558 2514 Ι
580 2471 618 2504 in
656 2481 722 2505 om.
761 2470 1054 2515 (Freudenberq,
1091 2470 1220 2514 IVesb.)
1254 2472 1296 2505 13
1329 2471 1450 2517 [quod
1487 2470 1599 2505 robo-

158 2526 210 2560 ris
249 2526 344 2572 erat]
383 2525 575 2570 XXXIX,
613 2529 634 2562 6
667 2527 947 2562 absumebatur.
993 2528 1096 2573 quod
1129 2529 1245 2562 cum*
1277 2528 1511 2572 inciperetur
1543 2539 1599 2562 re-

160 2583 463 2628 mit-tereturquo,
490 2585 658 2619 omnium
675 2610 681 2617 .
696 2610 703 2617 .
720 2610 725 2617 .
741 2585 1009 2629 proferebatur
1033 2586 1071 2619 in
1100 2585 1191 2619 dios.
1219 2586 1335 2620 altera
1350 2585 1522 2619 Romana
1541 2595 1600 2620 ca·

161 2644 239 2675 stra
264 2641 565 2684 (Forehhammer
589 2643 625 2675 et
648 2641 723 2685 My.
751 2641 829 2676 Em.
866 2643 951 2684 195)
985 2646 1005 2676 7
1039 2641 1235 2687 (Scriptum
1269 2642 1473 2686 oportuisse
1506 2640 1602 2676 vide-
