1821 2928
473 73 589 109 Liber
612 73 681 109 1v.
733 74 794 118 (A.
820 73 884 109 eh.
910 73 1122 117 434-432.)
1437 76 1518 113 219

80 215 157 253 que
203 201 355 241 diutius
400 215 444 240 ac
490 202 636 253 saepius
682 203 904 242 subiectum
951 202 1183 242 censoribus
1224 201 1309 240 fore
1341 205 1520 240 cerneret

79 288 199 326 quam
244 287 451 313 censuram
503 279 727 324 gesturum;
783 276 923 327 populi
976 279 1082 314 certe
1135 277 1250 313 tanta
1294 273 1519 324 indignatio
1538 274 1560 309 9

79 350 216 386 coorta
260 346 418 395 dicitur,
464 350 508 385 ut
546 348 606 386 vis
647 361 670 386 a
701 348 934 387 censoribus
965 348 1116 386 nullius
1148 346 1388 386 auctoritate
1419 359 1518 397 prae—

79 423 264 470 terquam
296 419 424 470 ipsius
454 419 649 459 Mamerci
682 421 876 459 deterreri
907 420 1094 472 quiverit.

193 491 366 531 Tribuni
381 492 491 543 plebi
507 493 680 531 assiduis
697 493 1021 533 contentionibus
1032 491 1285 543 prohibendo
1295 490 1521 529 consularia
1602 487 1656 535 25

78 565 253 613 comitia,
284 578 405 615 quum
436 578 500 604 res
530 579 658 616 prope
689 566 741 605 ad
772 566 1048 616 interregnum
1078 564 1275 615 perducta
1298 566 1412 610 esset,
1444 563 1521 601 evi-

79 650 168 675 cere
198 636 371 683 tandem,
402 640 448 675 ut
477 638 632 676 tribuni
657 639 831 677 militum
848 638 1048 678 consulari
1065 639 1263 689 potestate
1280 638 1520 673 crearentur.

79 709 274 748 Victoriae
290 711 510 760 praemium,
542 711 650 762 quod
667 712 893 763 petebatur,
923 714 968 750 ut
989 710 1171 762 plebeius
1189 711 1404 755 crearetur,
1431 707 1519 745 nul·
1538 710 1561 743 2

79 782 162 826 lum
200 782 294 830 fuit;
335 796 470 822 omnes
508 784 674 834 patricii
706 784 830 823 creati
862 787 966 831 sunt,
1005 783 1062 821 M.
1094 782 1245 821 Fabius
1277 780 1520 827 Vibulanus,
1539 767 1647 833 Ῐζῑέξ]
1668 768 1729 832 ἓξ)

79 854 134 893 Μ.
166 855 319 903 Folius,
351 854 396 893 L.
422 854 586 906 Sergius
618 856 805 895 Fidenas.
864 855 1104 894 Pestilentia
1135 868 1181 893 eo
1212 867 1316 893 anno
1349 850 1562 892 aliarumss

79 941 212 966 rerum
243 928 369 966 otium
400 929 586 980 praebuit.
640 930 766 968 AEdes
798 928 988 980 Apollini
1017 942 1090 979 pro
1121 926 1355 966 valetudine
1385 925 1524 976 populi

78 1003 173 1038 vota
204 1004 273 1038 est.
318 1001 450 1040 Multa
481 1001 684 1041 duumviri
716 1017 764 1040 ex
795 1002 912 1040 libris
943 1000 1150 1053 placandae
1182 999 1300 1037 deum
1322 999 1393 1037 irae
1411 1010 1522 1036 aver·

80 1073 293 1124 tendaeque
324 1087 347 1111 a
376 1075 527 1125 populo
558 1075 684 1125 pestis
716 1088 837 1113 causa
867 1075 1013 1121 fecere;
1046 1086 1191 1122 magna
1221 1077 1356 1110 tamen
1388 1070 1563 1109 clades4

82 1145 124 1183 in
150 1145 250 1184 urbe
277 1146 466 1197 agrisque
490 1147 719 1198 promiscua
741 1146 947 1186 hominum
971 1159 1242 1198 pecorumque
1267 1143 1445 1195 pernicie
1464 1155 1524 1180 ac-

81 1221 208 1269 cepta.
239 1218 403 1257 Famem
422 1233 580 1270 quoque
597 1234 646 1258 ex
664 1220 910 1271 pestilentia,
927 1219 1068 1257 morbo
1080 1217 1292 1268 implicitis
1304 1215 1525 1254 cultoribus

81 1303 288 1341 agrorum,
335 1291 524 1331 timentes
570 1293 612 1330 in
659 1293 867 1331 Etruriam
912 1291 1253 1341 Pomptinumque
1299 1301 1439 1338 agrum
1487 1291 1525 1325 et

82 1362 238 1411 Cumas,
276 1367 478 1413 postremo
521 1365 562 1402 in
595 1364 777 1403 Siciliam
810 1378 968 1415 quoque
998 1362 1191 1401 frumenti
1224 1375 1341 1400 causa
1371 1360 1526 1398 misere.

83 1435 366 1474 Consularium
411 1437 664 1476 comitiorum
710 1437 824 1475 nulla
868 1437 1017 1475 mentio
1062 1435 1203 1473 habita
1248 1437 1324 1480 est3
1371 1429 1565 1471 tribuni5

82 1508 259 1546 militum
291 1509 493 1547 consulari
523 1514 722 1560 potestate
754 1523 888 1547 omnes
919 1508 1083 1560 patricii
1110 1507 1234 1545 creati
1257 1508 1362 1553 sunt,
1393 1504 1440 1543 L.
1457 1504 1526 1542 Pi·
1547 1501 1653 1571 {1³33-
1674 1501 1732 1570 ’45ξὲ

83 1581 220 1619 narius
236 1581 517 1629 Mamercinus,
533 1582 578 1621 L.
596 1582 746 1621 Furius
763 1582 1026 1628 Medullinus,
1045 1579 1113 1632 Sp.
1132 1578 1365 1618 Postumius
1381 1576 1525 1615 Albus.

198 1653 258 1693 Eo
304 1668 407 1693 anno
456 1655 516 1693 vis
562 1655 692 1694 morbi
736 1655 870 1693 levata
909 1667 1038 1705 neque
1070 1666 1092 1690 a
1121 1651 1292 1704 penuria
1321 1649 1565 1696 frumenti,6

84 1726 179 1778 quia
209 1730 300 1765 ante
324 1728 530 1778 provisum
557 1731 655 1775 erat,
687 1727 912 1778 periculum
929 1727 1018 1765 fuit.
1066 1725 1248 1764 Consilia
1264 1724 1312 1762 de
1329 1721 1524 1761 movendo
1545 1720 1566 1755 7

83 1799 191 1838 bello
223 1799 264 1838 in
297 1799 538 1839 Volscorum
569 1801 876 1851 AEquorumque
915 1799 1097 1838 conciliis
1137 1801 1175 1836 et
1206 1797 1248 1835 in
1278 1795 1446 1835 Etruria
1476 1793 1528 1832 ad

84 1873 218 1911 fanum
250 1872 481 1911 Voltumnae
524 1873 686 1922 agitata.
748 1873 815 1912 Ibi
846 1873 1015 1924 prolatae
1046 1872 1087 1909 in
1118 1882 1265 1908 annum
1296 1882 1359 1906 res
1391 1867 1524 1905 decre·
1543 1865 1568 1901 8

84 1948 205 1996 toque
251 1949 422 1993 cautum,
468 1959 516 1984 ne
563 1946 672 1996 quod
713 1949 804 1984 ante
845 1945 1060 1984 concilium
1092 1942 1217 1990 fieret,
1262 1940 1527 1991 nequicquam

86 2017 258 2056 Veiente
288 2018 437 2069 populo
471 2021 674 2068 querente,
721 2017 900 2065 eandem,
947 2030 1026 2068 qua
1056 2015 1223 2055 Fidenae
1262 2014 1405 2052 deletae
1437 2012 1528 2058 sint,

88 2091 294 2129 imminere
326 2090 443 2129 Veiis
475 2090 688 2129 fortunam.

201 2163 371 2202 Interim
401 2163 540 2201 Romae
586 2163 788 2214 principes
821 2162 973 2213 plebis,
1018 2161 1097 2199 iam
1143 2159 1215 2197 diu
1260 2157 1527 2208 nequicquam
1547 2155 1569 2191 9

88 2237 342 2275 imminentes
373 2236 461 2287 spei
494 2236 656 2275 maioris
682 2235 857 2283 honoris,
889 2234 982 2272 dum
999 2233 1098 2272 foris
1116 2233 1243 2271 otium
1260 2234 1375 2277 esset,
1407 2232 1531 2267 coetus

89 2309 266 2348 indicere
312 2309 353 2347 in
399 2308 537 2346 domos
582 2308 836 2346 tribunorum
882 2306 1030 2358 plebis;
1080 2305 1139 2343 ibi
1178 2306 1331 2342 secreta
1361 2301 1601 2340 consiliam

91 2382 261 2432 agitare;
308 2381 435 2431 queri,
481 2394 521 2419 se
560 2394 583 2418 a
619 2380 736 2431 plebe
774 2379 872 2418 adeo
904 2381 1070 2429 spretos,
1116 2380 1172 2424 ut,
1217 2388 1339 2427 quum
1370 2386 1443 2424 per
1472 2376 1531 2410 tot

91 2468 215 2494 annos
245 2453 400 2492 tribuni
431 2452 606 2490 militum
640 2451 841 2491 consulari
871 2453 1069 2502 potestate
1102 2452 1298 2495 creentur,
1329 2445 1431 2484 nulli
1462 2457 1532 2481 un·

93 2540 211 2577 quam
249 2526 410 2578 plebeio
450 2524 502 2564 ad
534 2538 623 2563 eum
653 2523 845 2563 honorem
877 2522 1011 2562 aditus
1042 2521 1174 2560 fuerit.
1235 2518 1408 2557 Multum
1441 2528 1531 2567 pro·
1554 2517 1597 2552 ll

92 2599 240 2638 vidisse
285 2612 377 2638 suos
423 2598 605 2646 maiores,
651 2597 721 2647 qui
766 2595 956 2643 caverint,
1002 2608 1050 2633 ne
1090 2593 1153 2632 cui
1185 2590 1353 2642 patricio
1385 2587 1535 2639 plebeii

93 2671 350 2720 magistratus
381 2673 584 2721 paterent3
624 2673 692 2708 aut
732 2668 923 2719 patricios
963 2665 1166 2704 habendos
1197 2663 1320 2701 fuisse
1350 2661 1536 2700 tribunos
