1821 2928
494 112 610 147 Liber
634 111 680 147 v,
731 112 790 158 (A.
817 113 883 148 ch.
909 114 1117 159 395—394.)
1439 118 1522 156 283

10 247 12 249 ’
79 238 138 278 M.
157 240 305 278 Furius
323 240 517 278 Camillus
549 240 588 277 iu
607 239 800 288 Faliscos,
833 242 896 279 cui
929 242 969 279 id
1001 242 1150 280 bellum
1177 243 1406 281 mandatum
1424 247 1521 291 erat,

81 311 415 361 proficisceretur.
476 312 712 350 Differendo
753 313 899 350 deinde
931 314 1113 362 elanguit
1144 328 1218 361 res,
1264 319 1304 352 et
1336 315 1522 363 Camillo,

82 396 199 433 quem
223 383 495 422 adversarium
522 385 694 422 maxime
713 386 954 431 metuebant,
979 386 1109 434 gloria
1132 387 1172 423 in
1191 387 1360 424 Faliscis
1381 388 1520 426 crevit.

81 453 182 493 Nam
214 469 336 506 quum
366 457 498 508 primo
530 457 724 494 moenibus
757 471 798 494 se
824 458 957 494 hostes
983 462 1175 504 tenerent,
1206 459 1452 497 tutissimum
1478 458 1563 497 id4

80 527 171 576 rati,
201 529 462 579 populatione
494 543 680 578 agrorum
711 533 831 579 atque
864 529 1059 566 incendiis
1090 530 1276 567 villarum
1302 531 1433 579 coegit
1456 545 1522 570 eos

81 599 220 649 egredi
250 600 361 639 urbe.
408 599 487 638 Sed
519 601 640 638 timor
665 602 822 650 longius
847 601 1034 651 progredi
1052 602 1277 651 prohibuit3
1310 603 1419 640 mille
1437 604 1519 641 fere
1538 600 1561 636 5

78 684 267 721 passuum
307 673 356 711 ab
396 673 545 723 oppido
588 677 717 711 castra
747 674 892 720 locant,
932 673 1044 710 nulla
1084 687 1126 710 re
1165 674 1245 711 alia
1276 673 1446 712 fidentes
1478 689 1522 712 ea

80 744 178 781 satis
208 746 295 782 tuta
326 758 410 782 esse
441 759 559 795 quam
592 745 831 783 difficultate
849 745 992 791 aditus,
1025 745 1175 795 asperis
1194 746 1522 796 confragosisque

79 815 189 854 circa
220 820 260 854 et
288 817 435 866 partim
467 818 576 864 artis,
606 818 752 867 partim
784 817 918 855 arduis
949 817 1040 856 viis.
1095 817 1281 855 Ceterum
1315 816 1562 866 Camillus&

80 888 283 938 captivum
315 889 498 927 indidem
530 904 578 926 ex
610 890 717 940 agris
740 893 898 927 secutus
923 889 1074 936 ducem,
1106 889 1246 927 castris
1264 889 1389 928 multa
1406 894 1522 929 nocte

80 960 210 1007 motis,
258 961 390 1010 prima
436 962 524 999 luce
570 962 777 1011 aliquanto
819 961 1094 1011 superioribus
1134 962 1232 999 locis
1263 975 1304 998 se
1336 962 1523 1000 ostendit.

77 1030 230 1069 Triarii
268 1033 443 1070 Romani
489 1034 738 1081 muniebant3
785 1034 886 1071 alius
926 1034 1125 1071 exercitus
1162 1034 1305 1083 proelio
1343 1034 1560 1073 intentus?

80 1104 225 1143 stabat.
287 1105 353 1143 Ibi
398 1105 592 1155 impedire
638 1119 736 1156 opus
779 1109 942 1143 conatos
982 1106 1115 1143 hostes
1146 1106 1282 1143 fundit
1310 1107 1521 1157 fugatque3

78 1180 315 1227 tantumque
347 1177 444 1215 inde
475 1178 636 1228 pavoris
668 1177 841 1215 Faliscis
873 1177 1065 1215 iniectum
1098 1181 1166 1224 est,
1199 1182 1243 1215 ut
1274 1178 1397 1216 effusa
1427 1179 1523 1228 fuga

78 1253 212 1287 castra
257 1263 338 1296 sua,
385 1263 472 1300 quae
516 1251 708 1301 propiora
754 1254 886 1296 erant,
940 1250 1098 1300 praelati
1143 1251 1282 1288 urbem
1327 1254 1522 1300 peterent.

78 1320 203 1359 Multi
234 1322 324 1359 caesi
354 1322 646 1372 vulneratique,
676 1322 910 1372 priusquam
932 1326 1120 1372 paventes
1137 1322 1266 1372 portis
1283 1322 1519 1362 inciderent.
1537 1321 1562 1358 8

79 1392 222 1431 Castra
253 1397 389 1444 capta3
427 1395 565 1444 praeda
597 1395 648 1432 ad
680 1398 897 1444 quaestores
929 1394 1091 1431 redacta
1121 1407 1210 1431 cum
1242 1408 1384 1444 magna
1414 1395 1521 1432 mili-

72 1467 159 1502 tum
190 1465 268 1512 ira;
300 1466 368 1503 sed
401 1467 616 1504 severitate
648 1466 809 1516 imperii
838 1466 935 1504 victi
967 1466 1132 1504 eandem
1148 1467 1339 1504 virtutem
1365 1471 1406 1504 et
1422 1467 1516 1505 ode-

72 1539 166 1574 rant
211 1541 250 1574 et
294 1537 557 1577 mirabantur.
620 1537 787 1577 Obsidio
826 1538 921 1575 inde
961 1539 1072 1576 urbis
1104 1542 1145 1576 et
1175 1539 1430 1586 munitiones,
1475 1538 1555 1577 et9

75 1608 278 1646 interdum
316 1623 388 1659 per
428 1611 675 1648 occasionem
716 1611 888 1660 impet-us
919 1610 1210 1660 oppidanorum
1241 1611 1282 1648 in
1313 1610 1516 1649 Romanas

73 1681 268 1719 stationes
285 1682 508 1732 proeliaque
526 1696 652 1732 parva
668 1682 767 1730 fieri,
799 1687 838 1720 et
853 1683 931 1720 teri
954 1686 1121 1733 tempus,
1152 1686 1295 1721 neutro
1319 1683 1516 1722 inclinata

71 1764 154 1803 spe,
184 1766 305 1803 quum
336 1754 579 1792 frumentum
611 1755 817 1804 copiaeque
849 1756 938 1793 aliae
970 1769 1018 1792 ex
1046 1759 1138 1792 ante
1156 1759 1345 1793 convecto
1363 1755 1516 1804 largius

71 1824 248 1863 obsessis
279 1839 396 1875 quam
429 1826 705 1865 obsidentibus
736 1831 1007 1877 suppeterent.
1063 1826 1373 1878 Videbaturque
1400 1840 1514 1878 aeque
1534 1827 1585 1864 10

72 1897 285 1935 diuturnus
316 1899 473 1936 futurus
503 1899 628 1946 labor,
659 1913 704 1938 ac
722 1899 837 1937 Veiis
860 1899 1011 1946 fuisset,
1042 1899 1084 1936 ni
1101 1899 1263 1936 fortuna
1280 1899 1516 1948 imperatori

73 1969 256 2007 Romano
288 1970 407 2007 simul
439 1974 477 2008 et
508 1971 683 2019 cognitae*
710 1972 828 2009 rebus
861 1971 1018 2009 bellicis
1051 1971 1213 2008 virtutis
1245 1971 1444 2020 specimen
1477 1974 1517 2009 et

71 2044 268 2079 maturam
300 2042 509 2079 victoriam
543 2043 729 2081 dedisset.
783 2043 872 2081 Mos
904 2048 990 2081 erat
1021 2042 1190 2080 Faliscis
1221 2042 1358 2080 eodem
1390 2044 1513 2093 magi·
1587 2037 1639 2087 27

70 2116 156 2152 stro
196 2113 414 2151 liberorum
456 2117 495 2151 et
533 2115 676 2152 comite
718 2115 788 2163 uti,
835 2115 1035 2164 simulque
1065 2115 1201 2165 plures
1231 2115 1360 2164 pueri,
1406 2114 1514 2165 quod

72 2184 191 2224 hodie
223 2199 382 2234 quoque
414 2186 456 2223 in
488 2185 648 2224 Graecia
680 2191 822 2234 manet,
861 2188 978 2224 unius
1020 2199 1123 2224 curae
1156 2186 1512 2226 demandabantur.

71 2256 310 2307 Principum
343 2258 504 2305 liberos,
536 2259 638 2296 sicut
667 2260 749 2297 fere
781 2259 837 2306 fit,
870 2260 939 2309 qui
970 2258 1139 2296 scientia
1169 2259 1384 2296 videbatur
1414 2272 1515 2309 prae·

73 2329 230 2377 cellere,
269 2330 489 2367 erudiebat.
548 2330 590 2368 Is
622 2344 742 2380 quum
775 2333 814 2369 in
845 2345 941 2382 pace
974 2331 1216 2368 instituisset
1245 2344 1391 2381 pueros
1421 2335 1512 2368 ante
1531 2330 1554 2365 2

72 2401 210 2439 urbem
244 2402 354 2439 lusus
386 2402 676 2452 exercendique
708 2417 827 2441 causa
858 2403 1092 2454 producere,
1122 2403 1223 2440 nihil
1248 2417 1293 2441 eo
1318 2417 1424 2440 more
1442 2415 1514 2452 per

71 2472 170 2510 belli
199 2477 356 2524 tempus
388 2473 626 2520 intermisso,
669 2474 794 2526 [dum]
826 2475 944 2514 modo
976 2475 1239 2521 brevioribus,
1281 2474 1395 2512 modo
1428 2474 1513 2511 lon-

71 2545 254 2593 gioribus
299 2546 441 2596 spatiis
485 2546 680 2584 trahendo
727 2560 795 2585 eos
835 2561 858 2585 a
888 2551 1017 2597 porta,
1063 2547 1153 2584 lusu
1185 2545 1514 2594 sermonibusque

72 2617 248 2664 variatis,
279 2617 439 2667 longius
466 2619 597 2665 solito,
630 2617 700 2656 ubi
717 2632 780 2656 res
797 2618 920 2667 dedit,
945 2632 1180 2670 progressus
1198 2618 1304 2654 inter
1321 2617 1514 2654 stationes

71 2701 139 2726 eos
170 2689 344 2727 hostium
376 2693 586 2741 castraque
617 2690 711 2728 inde
735 2690 917 2729 Romana
949 2692 988 2728 in
1020 2690 1253 2741 praetorium
1285 2688 1335 2726 ad
1363 2686 1512 2726 Camil-
