1821 2928
353 201 435 238 200
811 208 902 234 Liber
919 208 956 233 X.
993 207 1042 239 (A,
1063 214 1092 233 u.
1111 214 1135 232 c.
1154 208 1225 238 452.)

295 324 350 362 Et
381 324 422 361 in
453 330 562 361 terra
592 338 828 374 prosperum
867 337 978 373 aeque
1008 323 1050 360 in
1079 323 1234 373 palatos
1264 321 1510 372 praedatores
1546 322 1734 372 proelium

295 393 438 439 fuerat,
466 392 838 442 refugientibusque
863 391 913 430 ad
935 391 1147 429 stationem
1171 390 1323 429 Graecis
1347 390 1495 429 Veneti
1517 390 1736 438 obsistunt;

230 462 276 498 11
299 461 354 498 ita
385 460 426 497 in
457 461 587 498 medio
619 460 879 498 circumventi
910 460 1042 497 hostes
1074 460 1253 509 caesique.
1312 459 1415 497 Pars
1446 459 1554 508 capti
1570 459 1735 496 classem

229 530 278 566 12
296 529 479 566 indicant
508 541 722 578 regemque
749 528 1008 577 Cleonymum
1037 528 1116 565 tria
1146 528 1273 565 millia
1303 529 1450 566 abesse.
1509 526 1612 564 Inde
1644 540 1733 577 cap-

294 597 390 634 tivis
420 597 605 647 proximo
636 597 725 635 vico
756 598 796 634 in
829 597 1050 634 custodiam
1083 597 1198 643 datis,
1234 610 1328 646 pars
1358 595 1572 634 fluviatiles
1601 608 1734 642 naves,

297 665 347 702 ad
388 665 614 714 superanda
653 665 758 703 vada
797 668 1029 714 stagnorum
1067 669 1158 714 apte
1189 664 1320 714 planis
1351 664 1474 702 alveis
1504 663 1736 710 fabricatas,

295 746 388 782 pars
420 733 577 783 captiva
606 734 769 783 navigia
800 733 962 770 armatis
986 733 1196 783 complent,
1220 733 1470 782 profectique
1493 731 1544 770 ad
1568 732 1734 769 classem

295 801 519 839 immobiles
558 815 678 838 naves
719 805 759 838 et
797 802 885 839 loca
916 802 1053 850 ignota
1093 801 1182 851 plus
1215 814 1334 850 quam
1363 801 1519 838 hostem
1548 801 1735 837 timentes

230 869 280 906 13
299 869 619 916 circumvadunt3
650 870 926 919 fugientesque
958 869 999 906 in
1031 870 1155 907 altum
1180 870 1310 907 acrius
1334 882 1452 919 quam
1467 871 1737 919 repugnantes

301 951 426 987 usque
456 938 509 976 ad
539 939 685 975 ostium
716 938 844 975 amnis
875 937 1086 988 persecuti,
1119 938 1245 987 captis
1277 937 1517 987 quibusdam
1549 936 1737 973 incensis—

299 1019 375 1055 que
405 1006 572 1044 navibus
602 1006 789 1052 hostium,
821 1019 920 1055 quas
949 1004 1168 1054 trepidatio
1193 1005 1233 1042 in
1255 1005 1360 1043 vada
1384 1005 1587 1051 intulerat,
1612 1005 1736 1042 victo-

230 1072 282 1110 14
297 1087 358 1111 res
382 1078 649 1111 revertuntur.
696 1073 943 1121 Cleonymus,
968 1074 1035 1111 vix
1058 1073 1200 1123 quinta
1223 1077 1337 1123 parte
1361 1074 1520 1111 navium
1536 1071 1738 1119 incolumi,

296 1142 407 1179 nulla
428 1143 591 1192 regione
613 1143 734 1180 maris
759 1141 989 1180 Hadriatici
1013 1155 1202 1191 prospere
1229 1142 1350 1189 adita,
1367 1141 1558 1178 discessit.
1588 1140 1739 1178 Rostra

299 1210 458 1248 navium
492 1211 700 1260 spoliaque
730 1210 946 1257 Laconum,
973 1210 1015 1247 in
1046 1210 1129 1247 aede
1145 1209 1312 1248 Iunonis
1342 1210 1469 1248 veteri
1498 1209 1588 1256 fixa,
1619 1208 1737 1246 multi

229 1277 279 1314 15
298 1282 521 1328 supersunt,
555 1279 623 1328 qui
653 1278 843 1316 viderunt
873 1279 1045 1316 Patavii.
1088 1278 1393 1316 Monumentum
1417 1277 1571 1315 navalis
1593 1290 1738 1328 pugnae

299 1361 344 1385 eo
376 1347 452 1394 die,
483 1361 561 1397 quo
591 1350 814 1397 pugnatum
853 1351 923 1393 est,
963 1346 1176 1396 quotannis
1207 1347 1391 1384 sollemni
1423 1346 1638 1384 certamine
1669 1358 1737 1383 na-

300 1416 409 1453 vium
440 1416 482 1454 in
512 1415 674 1453 flumine
707 1415 847 1465 oppidi
877 1416 1008 1453 medio
1040 1418 1254 1453 exercetur.

183 1477 211 1524 3
413 1483 567 1521 Eodem
608 1497 711 1521 anno
743 1483 882 1521 Romae
921 1497 1009 1521 cum
1040 1483 1221 1521 Vestinis
1258 1482 1489 1533 petentibus
1520 1482 1740 1520 amicitiam

258 1550 281 1586 2
301 1551 425 1588 ictum
457 1555 517 1589 est
546 1552 687 1589 foedus.
746 1551 963 1601 Multiplex
994 1551 1139 1589 deinde
1170 1555 1332 1588 exortus
1353 1554 1496 1588 terror.
1536 1550 1738 1587 Etruriam

300 1619 508 1666 rebellare,
540 1621 589 1657 ab
621 1620 907 1658 Arretinorum
931 1619 1196 1657 seditionibus
1220 1622 1327 1656 moto
1344 1622 1445 1665 ortu,
1467 1618 1739 1664 nuntiabatur,

302 1687 377 1724 ubi
411 1687 587 1724 Cilnium
627 1701 751 1736 genus
782 1691 1011 1737 praepotens
1045 1687 1276 1724 divitiarum
1308 1686 1461 1724 invidia
1490 1686 1589 1736 pelli
1617 1685 1739 1723 armis

303 1759 498 1805 eoeptum3
530 1756 659 1802 simul,
689 1755 847 1793 Marsos
879 1769 1019 1804 agrum
1049 1756 1090 1792 vi
1120 1755 1235 1801 tueri,
1266 1755 1307 1791 in
1330 1767 1446 1803 quem
1469 1753 1626 1791 colonia
1643 1752 1737 1790 Car-

260 1822 283 1859 3
302 1824 403 1861 seoli
434 1824 605 1861 deducta
638 1827 734 1870 erat,
765 1827 955 1873 quattuor
984 1823 1165 1860 millibus
1195 1823 1399 1860 hominum
1430 1821 1602 1871 scriptis.
1655 1820 1736 1858 Ita-

301 1905 377 1940 que
408 1895 574 1941 propter
604 1905 669 1929 eos
699 1892 895 1928 tumultus
927 1891 1059 1928 dictus
1090 1891 1145 1927 M.
1162 1890 1351 1928 Valerius
1381 1890 1581 1927 Maximus
1612 1889 1736 1926 dicta-

259 1958 364 1997 4tor
395 1960 630 2008 magistrum
662 1960 839 2009 equitum
870 1960 948 1997 sibi
978 1959 1077 2007 legit
1105 1958 1160 1995 M.
1191 1958 1401 1995 AEmilium
1430 1958 1614 1996 Paulum.
1686 1956 1739 1994 Id

300 2027 426 2076 magis
459 2027 589 2073 credo,
622 2042 740 2077 quam
773 2027 820 2074 Q.
851 2028 1022 2065 Fabium
1054 2041 1099 2064 ea
1130 2030 1247 2064 aetate
1284 2031 1404 2077 atque
1435 2027 1490 2063 eis
1519 2025 1738 2063 honoribus

301 2094 466 2133 Valerio
498 2095 741 2143 subiectum3
774 2100 946 2133 ceterum
977 2109 1024 2132 ex
1053 2095 1222 2133 Maximi
1252 2095 1487 2143 cognomine
1518 2098 1649 2131 ortum
1679 2107 1737 2130 er-

262 2161 285 2199 5
302 2176 433 2200 rorem
464 2163 572 2200 haud
603 2164 821 2201 abnuerim.
865 2164 1077 2201 Profectus
1101 2163 1276 2200 dictator
1299 2176 1388 2200 cum
1404 2161 1581 2199 exercitu
1595 2161 1738 2211 proelio

301 2244 379 2267 uno
411 2231 567 2268 Marsos
598 2232 741 2269 fundit.
803 2231 1028 2281 Compulsis
1059 2230 1203 2268 deinde
1233 2231 1276 2268 in
1304 2231 1422 2267 urbes
1452 2229 1637 2275 munitas,
1659 2228 1737 2265 Mi-

301 2299 479 2345 lioniam,
509 2298 745 2346 Plestinam,
776 2299 987 2337 Fresiliam
1017 2299 1125 2336 intra
1154 2298 1238 2336 dies
1263 2311 1412 2348 paucos
1436 2298 1554 2347 cepit,
1570 2300 1610 2334 et
1623 2299 1739 2346 parte

261 2368 283 2402 6
302 2366 389 2415 agri
419 2367 598 2404 multatis
629 2367 777 2404 Marsis
808 2368 938 2404 foedus
968 2367 1156 2404 restituit.
1224 2367 1327 2403 Tum
1357 2366 1399 2403 in
1429 2366 1622 2404 Etruscos
1651 2378 1737 2402 ver-

302 2448 387 2471 sum
431 2435 593 2481 bellum,
638 2438 688 2481 et,
735 2448 855 2484 quum
903 2436 1074 2472 dictator
1119 2435 1388 2484 auspiciorum
1433 2432 1738 2483 repetendorum

301 2515 421 2539 causa
465 2503 665 2552 profectus
696 2502 866 2540 Romam
912 2507 1025 2549 esset,
1064 2503 1254 2551 magister
1294 2502 1471 2552 equitum
1501 2501 1737 2551 pabulatum

262 2570 285 2606 7
304 2582 482 2618 egressus
515 2584 562 2607 ex
592 2570 749 2607 insidiis
782 2571 1103 2618 circumvenitur,
1143 2570 1347 2619 signisque
1384 2570 1540 2618 aliquot
1569 2568 1739 2615 amissis,

299 2637 407 2675 foeda
444 2638 618 2675 militum
648 2638 763 2675 ‚caede
802 2652 845 2675 ac
877 2638 970 2686 fuga
1002 2639 1044 2675 in
1083 2641 1215 2675 castra
1255 2641 1313 2675 est
1343 2636 1581 2686 compulsus.
1656 2635 1736 2683 Qui
