1821 2928
121 536 164 584 11

264 130 312 166 72
704 126 819 160 Liber
844 124 895 158 11.
946 124 1008 168 (A.
1032 135 1068 157 u.
1095 135 1124 159 c.
1150 124 1244 167 246.)

261 253 302 290 in
327 253 488 290 comitio
513 253 662 303 posita;
695 254 780 302 agri
806 256 998 303 quantum
1023 264 1100 288 uno
1129 250 1193 288 die
1221 251 1514 300 circumaravit,
1545 253 1693 294 datum.

184 325 233 362 13
252 324 422 362 Privata
447 338 607 374 quoque
634 325 739 362 inter
764 325 947 374 publicos
981 323 1150 361 honores
1174 322 1306 360 studia
1331 324 1572 372 eminebant;
1603 339 1694 364 nam

262 398 302 434 in
334 409 477 446 magna
508 396 644 446 inopia
671 409 743 446 pro
769 396 997 434 domesticis
1021 393 1148 443 copiis
1173 395 1447 446 unusquisque
1470 396 1507 434 ei
1531 397 1694 447 aliquid,

264 468 454 505 fraudans
487 481 528 505 se
561 469 647 518 ipse
678 468 786 505 victu
818 481 901 516 suo,
935 466 1112 505 contulit.

376 539 577 577 Porsinna
601 539 731 589 primo
763 542 908 577 conatu
930 538 1125 588 repulsus,
1154 538 1328 575 consiliis
1352 539 1401 576 ab
1426 541 1696 589 oppugnanda

259 612 359 649 urbe
391 611 441 648 ad
473 611 732 649 obsidendam
764 611 902 656 versis,
935 609 1123 660 praesidio
1158 609 1199 646 in
1224 609 1404 647 Ianiculo
1436 611 1578 659 locato,
1610 612 1694 662 ipse

217 684 241 720 2
260 684 299 721 in
326 683 446 733 plano
471 683 654 733 ripisque
681 683 840 721 Tiberis
859 686 988 720 castra
1005 681 1151 731 posuit,
1179 681 1346 719 navibus
1363 681 1540 732 undique
1557 683 1695 722 accitis

262 758 300 792 et
332 755 380 792 ad
407 755 639 801 custodiam,
672 767 720 791 ne
746 754 844 804 quid
862 754 1030 792 Romam
1056 753 1245 790 frumenti
1271 753 1439 791 subvehi
1465 755 1622 802 sineret,
1655 759 1694 793 et

260 830 304 864 ut
334 826 554 876 praedatum
592 826 739 864 milites
769 830 880 864 trans
911 825 1057 863 fiumen
1090 838 1160 874 per
1191 825 1417 862 occasiones
1449 825 1539 863 aliis
1570 829 1689 876 atque

223 898 246 935 3
266 899 355 936 aliis
387 899 486 936 locis
516 898 772 945 traiicerent3
803 898 996 947 brevique
1027 896 1124 934 adeo
1156 897 1343 934 infestum
1374 910 1528 935 omnem
1545 898 1690 937 Roma-

262 984 357 1008 num
389 984 528 1020 agrum
559 969 748 1015 reddidit,
781 973 825 1007 ut
850 983 929 1006 non
954 972 1083 1006 cetera
1108 969 1234 1006 solum
1260 982 1306 1006 ex
1333 969 1452 1018 agris,
1484 969 1554 1007 sed
1575 983 1696 1020 pecus

264 1055 422 1092 quoque
454 1055 568 1080 omne
601 1042 641 1078 in
673 1041 811 1078 urbem
845 1041 1163 1090 compelleretur,
1195 1054 1324 1090 neque
1349 1041 1559 1091 quisquam
1583 1044 1697 1079 extra

219 1115 244 1150 4
263 1116 399 1163 portas
430 1113 656 1164 propellere
689 1113 863 1152 auderet.
911 1113 1000 1150 Hoc
1031 1116 1187 1151 tantum
1215 1113 1388 1151 licentiae
1406 1112 1586 1151 Etruscis
1616 1125 1696 1151 non

261 1190 367 1223 metu
399 1187 525 1234 magis
557 1198 673 1234 quam
707 1185 875 1223 consilio
901 1198 1139 1222 concessum.
1185 1185 1365 1234 Namque
1392 1184 1580 1223 Valerius
1605 1198 1695 1223 con-

261 1257 322 1294 sul
353 1257 529 1294 intentus
563 1257 603 1293 in
635 1257 880 1294 occasionem
912 1257 1058 1294 multos
1090 1257 1207 1294 simul
1240 1260 1278 1294 et
1309 1256 1451 1294 effusos
1477 1257 1695 1307 improviso

261 1328 487 1375 adoriundi,
534 1329 575 1365 in
621 1328 756 1378 parvis
798 1327 917 1366 rebus
959 1328 1168 1377 negligens
1205 1329 1326 1378 ultor,
1373 1342 1535 1378 gravem
1572 1342 1613 1367 se
1644 1329 1696 1367 ad

219 1400 241 1438 5
261 1401 410 1438 maiora
437 1400 638 1438 vindicem
663 1400 860 1439 servabat.
907 1400 1052 1449 Itaque
1075 1403 1120 1436 ut
1145 1400 1306 1437 eliceret
1332 1400 1587 1450 praedatores,
1612 1401 1694 1439 edi-

262 1473 317 1510 cit
348 1472 443 1520 suis,
476 1475 636 1521 postero
669 1471 732 1509 die
763 1472 992 1522 frequentes
1024 1474 1141 1521 porta
1157 1472 1380 1522 Esquilina,
1414 1485 1501 1521 quae
1529 1473 1696 1510 aversis-

261 1544 359 1581 sima
386 1544 434 1580 ab
462 1543 573 1581 hoste
600 1547 695 1592 erat,
722 1544 971 1593 expellerent
993 1557 1124 1593 pecus,
1156 1544 1326 1581 scituros
1351 1544 1391 1580 id
1415 1544 1547 1581 hostes
1573 1547 1697 1592 ratus,

220 1615 242 1652 6
262 1615 370 1665 quod
404 1615 443 1651 in
475 1615 685 1652 obsidione
718 1619 758 1652 et
789 1616 891 1652 fame
923 1615 1087 1653 servitia
1119 1615 1242 1652 infida
1279 1616 1584 1664 transfugerent.
1644 1616 1698 1654 Et

262 1686 388 1724 sciere
412 1687 590 1736 perfugae
618 1686 788 1733 indicio;
821 1687 1025 1736 multoque
1050 1687 1198 1736 plures,
1230 1689 1275 1724 ut
1298 1687 1338 1723 in
1365 1700 1474 1736 spem
1498 1688 1696 1725 universae

221 1757 420 1807 7praedae,
468 1757 615 1795 fiumen
654 1757 874 1795 traiiciunt.
934 1758 980 1795 P.
1013 1757 1202 1795 Valerius
1242 1758 1335 1795 inde
1367 1758 1412 1796 T.
1442 1758 1696 1797 Herminium

263 1842 350 1866 cum
382 1829 553 1867 modicis
585 1829 711 1879 copiis
743 1829 792 1866 ad
824 1830 1039 1866 secundum
1070 1829 1245 1879 lapidem
1279 1829 1439 1867 Gabina
1469 1831 1535 1868 via
1565 1831 1695 1868 occul-

261 1905 345 1938 tum
378 1901 587 1939 considere
619 1901 741 1951 iubet,
776 1899 843 1951 Sp.
861 1901 1048 1939 Larcium
1082 1914 1168 1938 cum
1198 1901 1386 1951 expedita
1412 1901 1618 1940 iuventute
1644 1903 1695 1941 ad

261 1976 417 2022 portam
443 1972 643 2010 Collinam
675 1976 791 2020 stare,
823 1972 946 2011 donec
978 1973 1104 2010 hostis
1135 1975 1367 2023 praetereat;
1401 1973 1492 2011 inde
1523 1987 1564 2011 se
1595 1975 1693 2012 obii·

222 2043 246 2080 8
265 2057 364 2094 cere,
398 2057 447 2081 ne
479 2045 531 2081 sit
562 2045 613 2082 ad
643 2044 789 2082 fiumen
820 2045 985 2082 reditus.
1033 2044 1249 2081 Consulum
1281 2045 1382 2082 alter
1411 2044 1457 2084 T.
1484 2045 1696 2084 Lucretius

264 2119 381 2165 porta
412 2115 552 2153 Naevia
589 2129 676 2153 cum
718 2117 874 2166 aliquot
914 2116 1129 2166 manipulis
1160 2116 1333 2153 militum
1364 2130 1564 2166 egressus;
1610 2117 1696 2167 ipse

262 2186 451 2225 Valerius
483 2187 606 2226 Caelio
644 2191 777 2226 monte
817 2187 999 2225 cohortes
1031 2187 1204 2225 delectas
1236 2187 1382 2238 educit,
1421 2188 1542 2238 hique
1572 2189 1695 2238 primi

226 2258 249 2294 9
267 2270 488 2308 apparuere
520 2259 638 2298 hosti.
684 2260 918 2298 Herminius
936 2259 1007 2296 ubi
1023 2259 1237 2296 tumultum
1254 2259 1390 2310 sensit,
1422 2260 1624 2298 concurrit
1648 2274 1696 2298 ex

265 2329 438 2376 insidiis,
461 2331 664 2379 versisque
690 2331 730 2368 in
747 2331 980 2369 Lucretium
995 2328 1029 2383 1)
1047 2331 1228 2368 Etruscis
1251 2333 1367 2379 terga
1393 2330 1526 2377 caedit3
1552 2331 1695 2370 dextra

262 2401 452 2451 laevaque,
485 2401 580 2438 hinc
606 2416 628 2439 a
652 2406 768 2451 porta
793 2402 962 2452 Collina,
998 2402 1110 2439 illinc
1145 2401 1195 2439 ab
1221 2401 1372 2448 Naevia,
1406 2402 1590 2440 redditus
1616 2403 1694 2440 cla-

195 2472 245 2510 10
263 2485 370 2519 mor3
409 2473 465 2510 ita
506 2473 597 2510 caesi
629 2473 670 2510 in
701 2472 830 2511 medio
862 2473 1117 2523 praedatores,
1154 2486 1283 2523 neque
1314 2473 1364 2511 ad
1394 2486 1569 2524 pugnam
1599 2473 1694 2511 viri-

260 2544 334 2581 bus
379 2557 494 2594 pares
533 2548 573 2582 et
613 2544 664 2582 ad
694 2545 830 2593 fugam
862 2545 995 2594 saeptis
1027 2545 1210 2582 omnibus
1240 2545 1329 2582 viis.
1392 2544 1589 2594 Finisque
1620 2545 1691 2582 ille

260 2619 341 2653 tam
373 2614 493 2653 effuse
522 2615 697 2665 vagandi
728 2613 908 2654 Etruscis
939 2616 1024 2654 suit.

279 2707 301 2736 1)
320 2709 427 2734 Livius
447 2709 575 2735 scribere
596 2709 700 2735 debuit
719 2709 757 2734 in
776 2708 994 2734 Valerium.
