1821 2928
723 136 838 170 Liber
863 135 891 170 Ι.
1471 135 1524 172 47

89 280 135 304 ea
179 279 244 304 res
275 264 497 314 Tarquinio
543 276 654 313 spem
701 263 913 300 affectandi
960 263 1074 312 regni
1116 262 1278 306 minuit;
1332 261 1448 297 immo
1481 273 1527 297 eo

88 336 316 387 impensius,
364 336 459 385 quia
505 335 553 372 de
598 347 695 384 agro
741 334 871 384 plebis
917 334 1084 371 adversa
1130 338 1288 384 patrum
1320 333 1528 370 voluntate

90 412 268 447 senserat
299 407 378 456 agi,
425 406 671 444 criminandi
704 404 836 443 Servii
868 406 975 455 apud
1006 410 1139 456 patres
1172 405 1455 454 crescendique
1487 404 1527 440 in

90 481 200 519 curia
232 479 311 518 sibi
343 479 590 516 occasionem
623 477 756 515 datam
789 480 900 515 ratus
917 481 988 527 est,
1022 482 1061 515 et
1080 478 1163 527 ipse
1182 477 1333 514 iuvenis
1349 475 1526 513 ardentis

89 552 214 591 animi
261 555 300 589 et
346 550 454 588 domi
500 562 625 587 uxore
658 549 793 586 Tullia
825 549 1048 598 inquietum
1080 548 1253 587 animum
1285 548 1528 586 stimulante.

89 623 203 661 Tulit
251 623 358 660 enim
406 626 446 660 et
475 622 660 660 Romana
705 622 819 670 regia
849 620 1011 658 sceleris
1041 621 1185 669 tragici
1216 620 1454 669 exemplum,
1486 615 1572 654 ut3

89 695 210 733 taedio
258 707 397 743 regum
443 694 638 731 maturior
682 693 840 730 veniret
870 692 1035 730 libertas
1066 692 1329 741 ultimumque
1359 702 1527 740 regnum

90 771 205 816 esset,
239 766 348 816 quod
379 766 528 804 scelere
559 769 719 815 partum
750 765 863 803 foret.
904 764 984 801 Hic
1016 764 1063 803 L.
1096 763 1341 813 Tarquinius
1374 761 1528 815 (Prisci
1549 760 1574 797 4

89 838 302 889 Tarquinii
333 838 441 887 regis
471 837 578 875 filius
610 850 785 887 neposne
816 837 950 884 fuerit,
982 849 1124 886 parum
1155 836 1306 885 liquet3
1337 834 1527 884 pluribus

89 913 222 948 tamen
253 909 483 948 auctoribus
515 908 644 946 filium
677 907 884 959 ediderim)
910 909 1074 945 fratrem
1090 907 1289 945 habuerat
1305 906 1528 944 Arruntem

90 981 371 1032 Tarquinium,
416 982 526 1019 mitis
573 980 726 1030 ingenii
774 980 967 1017 iuvenem.
1026 979 1105 1017 His
1147 978 1314 1029 duobus,
1361 980 1407 1016 ut
1438 977 1571 1015 ante5

91 1052 240 1091 dictum
275 1056 345 1100 est,
378 1053 467 1091 duae
484 1053 644 1100 Tulliae,
674 1052 780 1101 regis
811 1051 918 1101 filiae,
951 1054 1182 1102 nupserant,
1216 1054 1256 1088 et
1286 1051 1385 1100 ipsae
1410 1050 1530 1098 longe

91 1125 271 1176 dispares
301 1125 492 1163 moribus.
538 1125 662 1162 Forte
693 1124 750 1161 ita
769 1124 979 1173 inciderat,
1011 1136 1061 1161 ne
1079 1122 1157 1160 duo
1173 1123 1352 1161 violenta
1368 1121 1532 1170 ingenia

90 1197 345 1234 matrimonio
378 1197 653 1246 iungerentur,
690 1196 860 1242 fortuna,
893 1195 1027 1245 credo,
1059 1195 1200 1245 populi
1229 1194 1415 1241 Romani,
1452 1205 1531 1242 quo

92 1267 323 1306 diuturnius
355 1268 487 1307 Servii
533 1281 702 1318 regnum
749 1271 852 1305 esset
891 1268 1162 1316 constituique
1194 1266 1371 1304 civitatis
1403 1277 1531 1302 mores

89 1345 263 1391 possent.
312 1340 553 1390 Augebatur
585 1340 695 1377 ferox
714 1339 864 1386 Tullia,
893 1338 997 1376 nihil
1028 1338 1205 1376 materiae
1231 1338 1272 1375 in
1295 1337 1383 1374 viro
1401 1349 1530 1386 neque
1550 1336 1573 1372 6

92 1412 144 1451 ad
168 1411 430 1462 cupiditatem
455 1424 585 1460 neque
610 1411 661 1448 ad
687 1410 894 1448 audaciam
912 1423 1014 1457 esse;
1044 1414 1129 1447 tota
1146 1410 1188 1447 in
1206 1409 1375 1446 alterum
1393 1421 1534 1446 aversa

92 1483 359 1534 Tarquinium
391 1496 480 1520 eum
512 1482 664 1529 mirari,
697 1495 786 1520 eum
817 1482 948 1519 virum
976 1482 1109 1519 dicere
1134 1495 1178 1519 ac
1202 1481 1316 1530 regio
1340 1480 1533 1530 sanguine

94 1559 243 1602 ortum3
275 1567 463 1605 spernere
495 1567 685 1601 sororem,
717 1553 823 1603 quod
854 1554 984 1591 virum
1008 1557 1125 1591 nacta
1150 1553 1338 1590 muliebri
1361 1554 1535 1590 cessaret

95 1627 273 1665 audacia.
321 1625 534 1664 Contrahit
565 1626 750 1663 celeriter
781 1625 1005 1663 similitudo
1032 1639 1109 1674 eos,
1141 1628 1186 1662 ut
1202 1625 1284 1662 fere
1300 1624 1356 1672 fit,
1387 1624 1532 1661 malum
1553 1624 1575 1661 7

94 1699 198 1736 malo
230 1697 504 1748 aptissimum;
537 1697 605 1736 sed
636 1697 796 1735 initium
823 1697 1018 1735 turbandi
1043 1697 1175 1735 omnia
1200 1696 1386 1734 afemina
1402 1699 1534 1733 ortum

94 1774 163 1808 est.
208 1769 270 1807 Ea
302 1770 464 1807 secretis
496 1769 575 1807 viri
607 1769 731 1807 alieni
763 1769 983 1807 assuefacta
1013 1768 1262 1807 sermonibus
1293 1767 1416 1805 nullis
1447 1780 1534 1806 ver-

93 1841 235 1880 borum
267 1841 522 1879 contumeliis
553 1854 720 1891 parcere
753 1841 800 1878 de
831 1842 917 1878 viro
949 1840 1000 1878 ad
1031 1841 1207 1887 fratrem,
1240 1840 1288 1878 de
1319 1853 1455 1878 sorore
1485 1839 1536 1876 ad

94 1914 246 1959 virum;
279 1916 319 1950 et
349 1926 389 1950 se
419 1913 569 1950 rectius
599 1912 762 1950 viduam
788 1916 828 1950 et
851 1913 967 1950 illum
992 1911 1171 1950 caelibem
1201 1912 1378 1949 futurum
1402 1911 1536 1957 fuisse,

96 1985 348 2031 contendere,
379 1997 498 2034 quam
530 1997 618 2022 cum
650 1984 795 2034 impari
812 1984 937 2034 iungi,
967 1987 1012 2021 ut
1029 1983 1388 2032 elanguescendum
1405 1983 1536 2020 aliena

96 2056 259 2106 ignavia
276 2060 398 2102 esset3
431 2057 464 2094 si
481 2056 558 2094 sibi
583 2069 684 2103 eum,
716 2070 794 2106 quo
812 2056 936 2105 digna
953 2060 1067 2103 esset,
1097 2055 1139 2092 di
1158 2055 1362 2092 dedissent
1390 2055 1535 2102 virum,
1552 2055 1578 2092 8

97 2127 206 2166 domi
239 2141 279 2166 se
306 2128 540 2178 propediem
564 2128 740 2167 visuram
772 2141 938 2177 regnum
962 2127 1099 2177 fuisse,
1133 2127 1241 2177 quod
1259 2125 1367 2176 apud
1383 2129 1537 2176 patrem

95 2200 242 2238 videat.
275 2199 472 2237 Celeriter
489 2200 779 2238 adolescentem
797 2212 877 2237 suae
893 2199 1129 2237 temeritatis
1147 2198 1298 2248 implet.
1326 2197 1484 2235 Arruns
1500 2195 1533 2250 1)
1552 2197 1576 2233 9

98 2271 346 2321 Tarquinius
378 2276 417 2309 et
433 2271 571 2309 Tullia
602 2272 744 2318 minor,
776 2285 902 2322 prope
926 2271 1170 2308 continuatis
1186 2269 1395 2308 funeribus
1412 2283 1534 2320 quum

99 2344 236 2382 domos
279 2356 424 2381 vacuas
455 2356 557 2381 novo
589 2344 845 2381 matrimonio
877 2343 1075 2392 fecissent,
1124 2342 1344 2390 iunguntur
1375 2341 1538 2391 nuptiis,

99 2416 225 2465 magis
269 2429 349 2453 non
394 2415 633 2465 prohibente
664 2413 805 2454 Servio
837 2428 955 2464 quam
990 2415 1251 2465 approbante.
1313 2413 1415 2450 Tum
1446 2426 1539 2451 vero
1621 2409 1676 2457 47

101 2487 143 2524 in
174 2487 260 2525 dies
293 2487 477 2524 infestior
493 2486 623 2524 Tullii
656 2489 851 2537 senectus,
886 2487 1070 2524 infestius
1101 2486 1224 2536 coepit
1253 2497 1419 2534 regnum
1437 2496 1538 2530 esse;

100 2560 178 2597 iam
224 2559 330 2596 enim
376 2559 426 2596 ab
467 2559 615 2596 scelere
646 2558 695 2596 ad
727 2558 836 2596 aliud
868 2561 1051 2608 spectare
1081 2557 1223 2595 mulier
1254 2556 1394 2594 scelus.
1456 2553 1539 2592 Nec

100 2635 216 2668 nocte
241 2643 314 2668 nec
340 2630 517 2668 interdiu
543 2631 673 2668 virum
692 2631 972 2680 conquiescere
990 2629 1086 2679 pati,
1118 2642 1166 2666 ne
1183 2627 1362 2676 gratuita
1378 2628 1538 2675 praeter-

156 2727 178 2756 ¹)
197 2728 305 2754 Livius
325 2728 453 2753 scribere
474 2727 580 2752 debuit
599 2727 632 2752 L.
652 2727 904 2758 Tarquinius.
