1821 2928
261 124 311 160 66
711 119 823 154 Liber
848 118 900 153 Π.
951 120 1011 163 (A.
1037 131 1073 153 u.
1100 130 1128 154 o.
1155 120 1249 163 245.)

263 252 444 286 contacta
475 248 587 296 regia
617 246 753 296 praeda
784 259 893 296 spem
925 246 966 283 in
996 250 1232 295 perpetuum
1258 258 1345 283 cum
1372 245 1421 284 iis
1445 247 1554 297 pacis
1578 247 1691 284 amit·

260 324 373 358 teret.
419 319 533 367 Ager
558 317 880 368 Tarquiniorum,
912 318 981 367 qui
1014 317 1119 355 inter
1149 318 1289 354 urbem
1320 331 1365 355 ac
1396 317 1574 356 Tiberim
1604 318 1695 366 fuit,

220 394 242 431 3
262 394 515 429 consecratus
532 389 657 427 Marti
673 389 843 427 Martius
875 389 1018 427 deinde
1051 401 1212 438 campus
1243 388 1330 426 fuit.
1377 388 1499 427 Forte
1530 389 1587 427 ibi
1610 392 1695 427 tum

261 476 372 513 seges
398 462 518 499 farris
545 461 693 499 dicitur
718 461 839 499 fuisse
866 465 1022 498 matura
1048 459 1176 498 messi.
1224 459 1352 507 Quem
1378 461 1506 510 campi
1522 462 1694 499 fructum

262 536 354 585 quia
387 534 619 583 religiosum
652 535 738 570 erat
769 545 1011 581 consumere,
1046 531 1244 569 desectam
1276 544 1363 568 cum
1396 535 1612 571 stramento
1636 547 1695 571 se-

261 610 391 656 getem
424 618 568 654 magna
597 604 659 642 vis
689 604 894 642 hominum
925 603 1043 641 simul
1075 603 1250 641 immissa
1281 603 1466 641 corbibus
1496 604 1636 642 fudere
1652 605 1695 643 in

261 677 442 715 Tiberim
472 676 583 715 tenui
614 676 802 714 fluentem
833 688 948 725 aqua,
980 677 1025 712 ut
1055 674 1198 712 mediis
1230 674 1430 712 caloribus
1460 675 1572 713 solet.
1631 675 1697 714 Ita

219 752 243 788 4
263 751 304 788 in
336 749 453 787 vadis
484 749 712 786 haesitantes
744 747 934 784 frumenti
966 759 1127 784 acervos
1159 746 1308 784 sedisse
1339 746 1466 785 illitos
1491 747 1603 794 lim03
1635 747 1695 785 in-

262 822 388 860 sulam
420 820 513 858 inde
543 819 749 870 paulatim,
783 823 821 856 et
847 818 948 865 aliis,
981 830 1069 867 quae
1093 817 1172 855 fert
1196 821 1343 856 temere
1367 818 1525 869 fiumen,
1558 819 1697 857 eodem

262 893 442 940 invectis,
482 893 644 937 factam,
683 893 822 941 postea
863 889 980 927 credo
1013 889 1174 927 additas
1204 890 1327 927 moles
1358 903 1556 940 manuque
1586 890 1696 929 adiu-

260 969 359 1014 tum,
398 967 443 1001 ut
479 966 562 1002 tam
593 963 770 1000 eminens
801 975 895 1000 area
924 961 1119 1011 firmaque
1149 961 1309 1011 templis
1341 975 1498 1012 quoque
1529 976 1574 1000 ac
1605 976 1696 1013 por-

221 1038 244 1075 5
261 1037 410 1075 ticibus
441 1034 685 1074 sustinendis
709 1037 822 1071 esset.
867 1033 1052 1083 Direptis
1075 1033 1192 1071 bonis
1217 1046 1370 1083 regum,
1401 1034 1580 1072 damnati
1603 1048 1698 1085 pro-

263 1108 415 1146 ditores
446 1110 727 1157 sumptumque
759 1105 1013 1156 supplicium,
1054 1106 1305 1155 conspectius
1336 1119 1392 1153 eo,
1432 1106 1540 1156 quod
1568 1120 1696 1157 poenae

263 1179 467 1230 capiendae
498 1179 762 1216 ministerium
793 1177 899 1227 patri
916 1176 965 1214 de
993 1177 1132 1214 liberis
1158 1178 1386 1215 consulatus
1414 1177 1615 1228 imposuit,
1646 1183 1696 1230 et,

263 1252 332 1301 qui
364 1253 563 1301 spectator
594 1253 681 1288 erat
711 1249 966 1296 amovendus,
999 1262 1088 1286 eum
1120 1249 1249 1298 ipsum
1280 1249 1439 1287 fortuna
1472 1254 1697 1288 exactorem

219 1324 242 1360 6
259 1323 447 1373 supplicii
476 1322 599 1360 dedit.
641 1321 813 1359 Stabant
840 1321 1006 1369 deligati
1030 1320 1081 1358 ad
1108 1320 1243 1370 palum
1261 1321 1500 1359 nobilissimi
1518 1322 1698 1369 iuvenes3

263 1394 331 1433 sed
363 1409 386 1432 a
417 1394 573 1442 ceteris,
604 1393 715 1432 velut
746 1393 795 1430 ab
829 1392 982 1442 ignotis
1014 1392 1224 1441 capitibus,
1257 1393 1435 1430 consulis
1466 1393 1586 1431 liberi
1616 1407 1699 1432 om-

263 1467 372 1504 nium
405 1466 446 1503 in
478 1479 519 1504 se
551 1468 780 1503 averterant
812 1463 960 1513 oculos,
993 1463 1287 1513 miserebatque
1311 1477 1390 1502 non
1417 1477 1544 1514 poenae
1569 1465 1698 1514 magis

220 1538 443 1576 7homines
485 1550 603 1587 quam
644 1536 818 1582 sceleris,
859 1549 937 1585 quo
977 1548 1135 1585 poenam
1178 1535 1312 1572 meriti
1344 1538 1493 1573 essent:
1533 1536 1624 1574 illos
1655 1549 1700 1574 eo

263 1610 515 1661 potissimum
546 1621 649 1646 anno
681 1607 854 1657 patriam
879 1607 1099 1653 liberatam,
1129 1610 1283 1656 patrem
1309 1607 1579 1655 liberatorem,
1610 1622 1701 1646 con-

264 1682 438 1720 sulatum
470 1683 600 1717 ortum
633 1692 679 1716 ex
710 1679 825 1716 domo
842 1679 972 1725 Iunia,
1003 1681 1148 1728 patres,
1181 1678 1352 1727 plebem,
1385 1679 1580 1729 quicquid
1611 1680 1702 1718 deo-

263 1766 352 1791 rum
382 1752 667 1801 hominumque
684 1750 961 1789 Romanorum
993 1753 1107 1796 esset,
1141 1749 1344 1788 induxisse
1375 1750 1417 1787 in
1441 1751 1627 1800 animum,
1657 1755 1703 1789 ut

222 1826 246 1862 8
265 1824 437 1875 superbo
468 1824 667 1874 quondam
690 1822 791 1871 regi,
817 1824 902 1858 tum
928 1821 1071 1858 infesto
1089 1821 1219 1859 exsuli
1237 1822 1463 1871 proderent.
1511 1822 1702 1862 Consules

266 1897 308 1934 in
349 1896 481 1934 sedem
519 1907 747 1946 processere
785 1907 908 1939 suam,
953 1893 1145 1942 missique
1183 1894 1344 1931 lictores
1382 1894 1432 1931 ad
1470 1895 1702 1933 sumendum

266 1968 518 2018 supplicium.
564 1966 746 2005 Nudatos
764 1965 886 2014 virgis
904 1964 1062 2002 caedunt
1078 1965 1290 2015 securique
1306 1966 1466 2012 feriunt,
1497 1979 1619 2016 quum
1643 1967 1701 2004 in-

265 2044 326 2077 ter
358 2053 471 2077 omne
501 2043 657 2088 tempus
689 2040 801 2088 pater
832 2037 1046 2086 vultusque
1078 2040 1117 2074 et
1149 2050 1191 2074 os
1223 2037 1307 2074 eius
1335 2038 1563 2086 spectaculo
1588 2041 1702 2085 esset,

227 2112 249 2149 9
269 2111 464 2149 eminente
495 2111 626 2149 animo
657 2109 788 2160 patrio
820 2108 926 2145 inter
956 2109 1130 2159 publicae
1160 2122 1287 2158 poenae
1304 2108 1586 2148 ministerium.
1633 2108 1702 2147 Se-

268 2183 440 2220 cundum
478 2196 635 2232 poenam
665 2181 905 2230 nocentium,
947 2183 992 2217 ut
1023 2181 1065 2217 in
1095 2184 1306 2230 utramque
1335 2183 1489 2230 partem
1520 2181 1703 2220 arcendis

268 2254 485 2292 sceleribus
516 2254 738 2303 exemplum
768 2252 903 2290 nobile
928 2256 1043 2299 esset,
1073 2252 1282 2302 praemium
1308 2251 1433 2289 indici
1458 2252 1629 2301 pecunia
1655 2266 1704 2290 ex

199 2326 250 2364 10
268 2325 425 2374 aerario,
457 2325 625 2363 libertas
657 2329 696 2363 et
729 2325 872 2362 civitas
903 2324 1006 2362 data.
1052 2324 1130 2361 Ille
1162 2324 1333 2374 primum
1365 2324 1512 2361 dicitur
1527 2323 1705 2362 vindicta

269 2398 477 2443 liberatus3
509 2397 672 2446 quidam
703 2397 892 2434 vindictae
915 2409 1073 2446 quoque
1097 2409 1240 2433 nomen
1266 2398 1438 2432 tractum
1462 2395 1511 2433 ab
1537 2395 1608 2432 illo
1632 2409 1703 2446 pu-

269 2473 374 2515 tant3
407 2467 601 2506 Vindicio
632 2468 709 2517 ipsi
741 2481 882 2504 nomen
908 2468 1041 2506 fuisse.
1087 2468 1187 2505 Post
1218 2467 1332 2504 illum
1349 2467 1615 2512 observatum,
1645 2470 1702 2517 ut,

272 2541 341 2590 qui
372 2540 430 2577 ita
460 2539 623 2577 liberati
656 2542 796 2589 essent,
831 2539 873 2575 in
905 2539 1108 2576 civitatem
1141 2538 1292 2588 accepti
1322 2537 1565 2575 viderentur.

383 2611 474 2661 His,
507 2612 609 2649 sicut
639 2613 729 2649 acta
759 2613 884 2656 erant,
917 2610 1123 2656 nuntiatis,
1155 2610 1339 2647 incensus
1356 2609 1599 2658 Tarquinius
1624 2622 1703 2646 non

274 2684 410 2721 dolore
443 2683 569 2721 solum
599 2685 721 2720 tantae
753 2682 802 2720 ad
832 2681 991 2719 irritum
1024 2681 1201 2718 cadentis
1233 2681 1328 2730 spei,
1359 2679 1426 2718 sed
1459 2669 1578 2717 etiam
1610 2680 1704 2718 odio
