1821 2928
304 110 382 147 222
740 104 855 140 Liber
878 105 947 140 IV.
995 107 1056 150 (A.
1083 117 1117 142 u.
1146 117 1175 141 c.
1201 106 1294 151 323.)

303 223 431 274 castra
471 233 645 272 consulis
683 247 767 272 rem
805 234 848 272 in
890 247 1023 272 casum
1055 234 1243 284 ancipitis
1276 237 1438 272 eventus
1471 235 1736 274 committunt.

304 308 462 345 Clamor
507 305 643 344 subito
690 309 800 344 ortus
845 319 923 344 non
963 306 1135 344 consulis
1168 306 1284 344 modo
1314 306 1471 356 vigiles,
1517 307 1735 346 exercitum

303 379 450 417 deinde
497 391 662 425 omnem,
710 378 779 417 sed
824 378 1057 416 dictatorem
1104 391 1261 428 quoque
1306 392 1355 416 ex
1396 392 1533 418 somno
1575 379 1736 418 excivit.

264 452 284 485 Τ
307 451 388 490 Ubi
419 451 608 501 praesenti
638 464 713 501 ope
743 464 807 489 res
838 451 1021 500 egebant,
1054 451 1191 488 consul
1222 464 1293 488 nec
1325 451 1457 489 animo
1488 451 1635 489 defecit
1663 464 1736 490 nec

304 523 493 562 consilio:
525 535 618 572 pars
649 523 823 561 militum
850 527 1056 574 portarum
1073 522 1264 561 stationes
1279 522 1452 571 firmant,
1481 536 1575 574 pars
1591 536 1737 562 corona

263 596 287 630 ὃ
305 596 454 633 vallum
487 594 663 644 cingunt.
708 595 757 633 In
789 595 927 634 alteris
960 595 1066 645 apud
1092 595 1329 634 dictatorem
1356 596 1495 634 castris
1511 608 1589 646 quo
1606 595 1737 634 minus

303 665 496 703 tumultus
542 670 611 714 est,
658 680 702 705 eo
742 668 832 717 plus
872 667 1215 715 animadvertitur,
1261 668 1357 719 quid
1398 681 1497 719 opus
1536 668 1641 706 facto
1673 667 1737 706 sit.

302 737 470 775 Missum
503 739 702 789 extemplo
734 741 785 778 ad
817 744 948 778 castra
973 740 1208 787 subsidium,
1241 741 1304 778 cui
1328 738 1395 791 Sp.
1411 739 1645 778 Postumius
1662 739 1736 777 Al-

303 809 375 847 bus
420 810 574 859 legatus
619 811 856 861 praefioitur;
902 812 989 863 ipse
1028 815 1142 863 parte
1173 812 1379 862 copiarum
1409 825 1533 863 parvo
1564 812 1737 850 circuitu

303 881 433 919 locum
465 883 636 921 maxime
667 887 863 922 secretum
895 886 944 923 ab
972 885 1146 923 tumultu
1170 885 1284 935 petit,
1315 885 1421 923 unde
1438 898 1485 922 ex
1501 884 1738 935 necopinato

265 956 286 990 9
305 966 485 992 aversum
516 955 670 993 hostem
702 956 876 995 invadat.
938 957 983 1004 Q.
1017 956 1241 1007 Sulpicium
1271 957 1447 1006 legatum
1476 956 1646 1008 praeficit
1676 970 1738 995 ca-

303 1027 417 1073 stris;
450 1027 505 1065 M.
535 1027 665 1066 Fabio
698 1028 830 1077 legato
863 1029 1041 1078 assignat
1072 1029 1238 1079 equites,
1273 1042 1346 1067 nec
1377 1031 1469 1067 ante
1499 1029 1628 1066 lucem
1657 1041 1740 1067 mo-

302 1112 394 1137 vere
426 1099 538 1137 iubet
567 1113 727 1138 manum
758 1101 861 1139 inter
891 1103 1108 1143 nocturnos
1138 1101 1335 1139 tumultus
1363 1100 1572 1139 moderatu
1596 1099 1739 1138 diffici-

304 1170 391 1208 lem.
438 1170 591 1220 Omnia,
622 1186 710 1223 quae
741 1174 805 1211 vel
837 1173 940 1212 alius
974 1173 1191 1223 imperator
1221 1172 1398 1223 prudens
1429 1175 1469 1210 et
1498 1173 1672 1224 impiger
1698 1172 1739 1210 in

242 1243 377 1280 lOtali
408 1257 451 1281 re
482 1244 722 1295 praeciperet
752 1248 979 1296 ageretque,
1011 1245 1197 1295 praecipit
1213 1245 1352 1283 ordine
1369 1248 1489 1295 atque
1505 1245 1607 1294 agit;
1639 1245 1740 1282 illud

303 1315 492 1353 eximium
509 1317 670 1355 consilii
687 1317 890 1368 animique
907 1318 1108 1368 specimen
1119 1320 1158 1354 et
1169 1317 1402 1368 neutiquam
1413 1317 1588 1366 vulgatae
1596 1316 1741 1364 laudis,

305 1387 410 1437 quod
441 1388 550 1426 ultro
574 1389 625 1427 ad
642 1390 911 1440 oppugnanda
928 1394 1057 1429 castra
1073 1389 1261 1437 hostium,
1291 1388 1397 1427 unde
1413 1389 1564 1427 maiore
1581 1389 1740 1439 agmine

302 1460 505 1510 profectos
537 1462 788 1512 exploratum
819 1463 963 1507 fuerat,
993 1462 1048 1500 M.
1068 1461 1293 1511 Geganium
1319 1474 1407 1499 cum
1424 1460 1657 1500 cohortibus
1674 1460 1739 1499 de-

240 1532 283 1567 ll
305 1532 420 1570 lectis
451 1532 573 1571 misit.
620 1533 700 1581 Qui
731 1538 944 1585 postquam
974 1535 1150 1572 intentos
1181 1534 1360 1571 homines
1376 1533 1419 1571 in
1435 1536 1619 1572 eventum
1635 1533 1739 1584 peri-

305 1603 386 1640 culi
418 1604 546 1652 alieni,
577 1619 649 1655 pro
681 1619 722 1644 se
753 1607 933 1645 incautos
960 1607 1152 1656 neglectis
1169 1605 1321 1656 vigiliis
1339 1605 1662 1655 stationibusque
1681 1609 1742 1644 est

303 1674 477 1723 adortus,
508 1677 620 1727 prius
650 1691 762 1728 paene
793 1679 899 1729 cepit
931 1681 1070 1725 castra,
1102 1691 1219 1728 quam
1244 1677 1471 1727 oppugnari
1494 1677 1628 1715 hostes
1644 1677 1740 1716 satis

239 1748 288 1784 12
307 1747 466 1786 scirent.
525 1749 627 1787 Inde
655 1752 775 1798 fumo,
804 1755 850 1788 ut
880 1753 1128 1796 convenerat,
1176 1748 1312 1787 datum
1350 1749 1508 1798 signum
1545 1748 1617 1787 ubi
1649 1762 1739 1788 con-

304 1824 481 1870 spectum
527 1821 578 1859 ab
624 1822 819 1861 dictatore
860 1827 928 1869 est,
973 1822 1180 1869 exclamat,
1226 1825 1344 1872 capta
1382 1821 1558 1859 hostium
1597 1824 1741 1869 castra,

177 1888 230 1933 2&
305 1893 563 1943 nuntiarique
602 1895 751 1945 passim
792 1894 914 1933 iubet.
976 1895 1030 1932 Et
1061 1895 1142 1932 iam
1171 1894 1388 1932 luciscebat
1419 1893 1631 1943 omniaque
1663 1893 1737 1931 sub

308 1965 434 2003 oculis
473 1969 596 2004 erant.
656 1966 710 2003 Et
740 1967 890 2005 Fabius
930 1981 1016 2005 cum
1054 1967 1237 2017 equitatu
1276 1966 1468 2016 impetum
1506 1965 1673 2003 dederat
1702 1969 1741 2003 et

308 2037 444 2074 consul
489 2038 738 2088 eruptionem
784 2052 805 2077 e
843 2040 984 2077 castris
1015 2039 1056 2076 in
1086 2039 1266 2089 trepidos
1296 2038 1374 2075 iam
1405 2036 1538 2076 hostes
1568 2037 1739 2084 fecerat;

270 2109 290 2142 2
309 2108 480 2147 dictator
511 2113 641 2148 autem
671 2114 784 2161 parte
816 2111 944 2149 altera
974 2111 1150 2149 subsidia
1181 2113 1221 2147 et
1245 2109 1457 2148 secundam
1483 2108 1608 2146 aciem
1624 2108 1738 2147 ador·

307 2184 383 2227 tus,
414 2180 702 2231 circumagenti
732 2196 773 2220 se
805 2184 855 2220 ad
887 2183 1067 2221 dissonos
1099 2182 1291 2220 clamores
1315 2194 1359 2220 ac
1377 2181 1531 2219 subitos
1546 2180 1742 2218 tumultus

269 2252 291 2288 3
310 2251 415 2290 hosti
456 2252 635 2303 undique
667 2255 870 2293 obiecerat
899 2255 1092 2294 victorem
1124 2254 1299 2304 peditem
1330 2253 1593 2303 equitemque.
1653 2251 1738 2290 Cir-

309 2325 511 2362 cumventi
546 2325 672 2374 igitur
704 2326 783 2364 iam
813 2327 853 2364 in
885 2327 1018 2364 medio
1049 2325 1098 2363 ad
1129 2339 1251 2363 unum
1282 2337 1416 2362 omnes
1446 2337 1582 2374 poenas
1611 2324 1738 2362 rebel-

311 2396 429 2434 lionis
461 2396 674 2445 dedissent,
713 2398 754 2435 ni
786 2398 948 2436 Vettius
979 2398 1151 2436 Messius
1183 2411 1231 2435 ex
1263 2396 1431 2444 Volscis,
1473 2395 1648 2434 nobilior
1677 2395 1741 2433 vir

309 2468 422 2506 factis
453 2483 571 2519 quam
601 2481 754 2518 genere,
786 2469 863 2507 iam
895 2469 1032 2507 orbem
1063 2469 1266 2508 volventes
1290 2481 1380 2506 suos
1405 2467 1615 2517 increpans
1632 2466 1740 2504 clara

270 2542 293 2577 4
311 2553 407 2579 voce
442 2541 547 2588 „Hic
586 2540 820 2591 praebituri‘·
863 2540 993 2590 inquit
1027 2554 1120 2588 „vos
1158 2540 1248 2578 telis
1285 2539 1458 2577 hostium
1497 2538 1589 2576 estis
1628 2537 1738 2576 inde-

310 2612 421 2659 fensi,
453 2612 602 2651 inulti?
647 2612 758 2660 Quid
782 2612 906 2661 igitur
929 2625 1038 2650 arma
1064 2611 1233 2658 habetis,
1265 2613 1334 2648 aut
1351 2609 1448 2660 quid
1463 2609 1571 2646 ultro
1587 2609 1738 2647 bellum

311 2684 516 2732 intulistis,
546 2685 588 2724 in
620 2685 701 2723 otio
732 2683 980 2731 tumultuosi,
1011 2683 1052 2720 in
1078 2683 1186 2720 bello
1214 2680 1382 2731 segnes?
1428 2679 1537 2728 Quid
1553 2680 1618 2718 hic
1634 2683 1738 2718 stan-
