1821 2928
570 212 661 238 Liber
679 212 764 238 vm.
802 212 850 242 (A.
871 213 924 239 ch.
942 214 1099 243 sss-330.)
1403 205 1482 243 113

204 328 246 366 C.
286 326 469 378 Sulpicio
509 326 673 376 Longo,
719 326 765 364 P.
806 326 919 365 AElio
960 327 1074 365 Paeto
1115 328 1369 377 consulibus,
1415 343 1537 381 quum
1613 328 1669 375 15

88 397 226 436 omnia
257 410 337 434 non
369 409 464 446 opes
496 395 623 444 magis
640 395 834 433 Romanae
866 408 985 445 quain
1017 395 1225 434 beneficiis
1255 401 1374 447 parta
1403 399 1535 448 gratia
1554 386 1747 449 ffudiffgeii.

90 466 197 504 bona
241 477 339 515 pace
385 464 606 510 obtineret,
653 464 759 502 inter
798 462 1004 501 Sidicinos
1049 464 1345 515 Auruncosque
1391 467 1540 505 bellum

89 537 232 573 ortum.
293 532 491 580 Aurunci,
522 544 548 572 α
586 531 631 569 T.
647 531 803 569 Manlio
836 531 996 570 consule
1030 533 1071 570 in
1099 533 1348 572 deditionem
1373 536 1581 586 accepti,2

92 602 197 640 nihil
230 601 377 639 deinde
409 604 637 647 moverant,
669 614 714 638 eo
746 599 912 650 petendi
944 601 1091 638 auxilii
1119 602 1169 639 ab
1201 602 1395 641 Romanis
1422 618 1541 643 causa

92 670 236 708 iustior
266 670 356 707 fuit.
417 667 497 707 Sed
529 669 762 719 priusquam
794 669 974 707 consules
1004 669 1055 707 ab
1087 670 1186 708 urbe
1218 671 1408 719 (iusserat
1434 672 1583 710 enim-3

90 742 251 777 senatus
284 737 446 776 defendi
473 737 707 787 Auruncos)
735 737 955 775 exercitum
980 737 1207 786 educerent,
1238 739 1345 778 fama
1367 740 1543 790 affertur,

91 807 307 846 Auruncos
337 809 446 843 metu
477 805 673 856 oppidum
697 805 918 844 deseruisse
941 806 1214 856 profugosque
1239 821 1327 846 cum
1360 810 1539 859 coniugi·
1559 809 1585 846 4

93 876 167 913 bus
198 889 244 913 ac
275 873 420 912 liberis
447 873 632 912 Suessam
653 874 928 922 communisse,
960 887 1048 924 quae
1065 887 1170 913 nunc
1186 875 1383 915 Aurunca
1406 879 1542 929 appel-

92 944 211 990 latur,
242 943 389 981 moenia
420 942 589 993 antiqua
620 955 757 980 eorum
788 941 1008 992 urbemque
1046 944 1096 982 ab
1128 942 1325 983 Sidicinis
1357 946 1542 985 deletam.

93 1011 157 1050 Ob
190 1025 235 1050 ea
266 1011 445 1049 infensus
469 1009 700 1048 consulibus
717 1013 889 1058 senatus,
920 1024 1089 1061 quorum
1107 1013 1363 1051 cunctatione
1387 1014 1542 1065 proditi
1561 1013 1584 1050 5

93 1080 195 1119 socii
212 1083 354 1127 essent,
378 1079 617 1117 dictatorem
645 1079 728 1116 dici
753 1078 883 1116 iussit.
929 1080 1078 1118 Dictus
1096 1079 1138 1118 C.
1156 1080 1353 1120 Claudius
1369 1082 1543 1133 Inregil-

94 1149 217 1187 lensis
261 1148 497 1198 magistrum
543 1147 721 1198 equitum
769 1146 811 1184 C.
858 1146 1072 1186 Claudium
1116 1149 1379 1188 Hortatorem
1425 1151 1542 1190 dixit.

97 1217 261 1267 Religio
294 1216 388 1255 inde
420 1217 568 1254 iniecta
600 1216 648 1253 de
673 1215 883 1263 dictatore,
914 1220 953 1254 et
979 1230 1102 1267 quum
1125 1231 1296 1268 augures
1312 1219 1414 1257 vitio
1433 1233 1539 1258 crea·
1559 1221 1582 1256 6

93 1289 179 1324 tum
210 1286 341 1324 videri
373 1285 586 1332 dixissent,
617 1284 791 1322 dictator
822 1284 1093 1336 magisterque
1134 1287 1314 1337 equitum
1345 1301 1386 1325 se
1417 1289 1543 1338 magi·

51 1360 54 1363 '
95 1358 226 1393 stratu
257 1354 510 1392 abdicarunt.

212 1423 272 1461 Eo
304 1436 408 1460 anno
434 1421 617 1459 Minucia
633 1418 824 1467 Vestalis,
855 1424 1038 1471 suspecta
1068 1421 1197 1471 primo
1229 1426 1396 1474 propter
1426 1438 1539 1462 mun·
1560 1426 1582 1462 7

94 1491 248 1530 diorem
294 1491 400 1528 iusto
448 1490 618 1536 cultum,
664 1488 898 1526 insimulata
937 1489 1082 1528 deinde
1113 1491 1222 1541 apud
1251 1492 1460 1542 pontifices
1491 1494 1541 1532 ab

95 1560 227 1598 indice
258 1573 383 1605 servo,
415 1571 537 1608 quum
568 1557 728 1595 decreto
760 1570 896 1595 eorum
929 1557 1037 1596 iussa
1063 1562 1166 1597 esset
1187 1560 1314 1598 sacris
1337 1561 1583 1600 abstinere8

96 1627 370 1677 familiamque
401 1627 443 1664 in
474 1629 671 1677 potestate
688 1626 847 1673 habere,
877 1625 984 1664 facto
1007 1627 1161 1665 iudicio
1178 1628 1270 1666 viva
1296 1629 1370 1667 sub
1394 1634 1543 1669 terram

97 1696 148 1734 ad
189 1699 347 1747 portam
380 1695 579 1734 Collinam
626 1698 738 1732 extra
781 1694 889 1732 viam
928 1697 1095 1732 stratam
1142 1696 1297 1736 defossa
1335 1697 1542 1738 Scelerato

100 1778 257 1814 campo;
290 1765 421 1811 credo,
452 1764 502 1802 ab
532 1762 686 1803 incesto
718 1762 760 1800 id
792 1763 828 1800 ei
859 1763 947 1801 loco
978 1777 1121 1801 nomen
1151 1764 1313 1804 factum.

210 1832 364 1871 Eodem
395 1846 499 1871 anno
518 1832 565 1880 Q.
582 1831 787 1869 Publilius
810 1831 933 1870 Philo
964 1835 1111 1882 praetor
1142 1834 1317 1883 primum
1343 1835 1392 1874 de
1414 1836 1543 1885 plebe,
1563 1836 1585 1871 9

96 1900 334 1940 adversante
366 1900 550 1951 Sulpicio
589 1900 770 1947 consule,
816 1899 886 1950 qui
924 1901 1099 1949 nega-bat
1134 1902 1333 1940 rationem
1378 1904 1464 1942 eius
1502 1917 1543 1943 se

97 1970 353 2016 habiturum,
399 1973 459 2007 est
489 1969 635 2016 factus,
666 1972 825 2015 senatu,
866 1981 988 2017 quum
1019 1969 1061 2006 in
1094 1970 1258 2008 summis
1287 1971 1470 2022 imperiis
1502 1972 1544 2010 id

97 2052 178 2077 non
209 2038 461 2086 obtinuisset,
492 2038 625 2075 minus
659 2037 701 2074 in
732 2040 909 2087 praetura
938 2036 1138 2077 tendente.

213 2106 435 2156 Insequens
480 2119 619 2153 annus,
665 2105 710 2142 L.
747 2105 915 2155 Papirio
948 2104 1110 2153 Crasso,
1155 2106 1210 2144 K.
1241 2107 1404 2147 Duillio
1449 2122 1540 2148 con·
1617 2107 1670 2154 16

97 2175 263 2223 salibus,
294 2175 506 2214 Ausonum
536 2173 662 2223 magis
688 2186 790 2212 novo
818 2185 938 2223 quam
964 2187 1107 2224 magno
1134 2174 1241 2214 bello
1263 2176 1342 2214 fuit
1357 2176 1541 2227 insignis.
1560 2166 1753 2228 2:¹31?ssss

100 2243 160 2282 Ea
204 2256 301 2293 gens
348 2243 464 2282 Cales
508 2242 647 2280 urbem
694 2241 915 2288 incolebat3
968 2239 1161 2281 Sidicinis
1204 2243 1387 2283 finitimis
1431 2247 1583 2285 arma2

104 2311 384 2359 coniunxerat3
430 2324 591 2362 unoque
636 2310 780 2361 proelio
819 2309 927 2348 haud
967 2323 1059 2349 sane
1089 2311 1343 2351 memorabili
1376 2313 1543 2352 duorum

101 2380 342 2430 populorum
375 2381 574 2418 exercitus
605 2379 726 2426 fusuS,
756 2377 1062 2429 propinquitate
1092 2380 1253 2418 urbium
1278 2384 1317 2418 et
1339 2381 1390 2419 ad
1407 2379 1545 2431 fugam

101 2448 266 2497 pronior
297 2451 337 2486 et
369 2448 408 2486 in
440 2449 536 2497 suga
567 2448 656 2498 ipsa
685 2446 812 2485 tutior
842 2446 930 2484 fuit.
1004 2447 1087 2486 Nec
1117 2452 1252 2487 tamen
1284 2449 1428 2488 omissa
1460 2451 1545 2489 eius
1564 2452 1587 2489 3

100 2516 199 2554 belli
230 2530 325 2555 cura
355 2517 551 2568 patribus,
583 2516 677 2566 quia
706 2515 826 2553 toties
850 2515 928 2553 iam
946 2513 1121 2554 Sidicini
1144 2520 1215 2555 aut
1236 2517 1315 2567 ipsi
1340 2523 1548 2558 moverant

102 2583 252 2622 bellum
284 2589 354 2624 aut
377 2584 629 2624 moventibus
661 2584 859 2622 auxilium
888 2584 1066 2623 tulerant
1096 2590 1166 2624 aut
1196 2599 1314 2624 causa
1343 2600 1545 2625 armorum

101 2651 269 2691 fuerant.
330 2653 475 2703 Itaque
506 2653 614 2692 omni
646 2665 720 2703 ope
752 2652 883 2691 annisi
914 2656 1019 2701 sunt,
1048 2657 1094 2692 ut
1123 2654 1336 2691 maximum
1368 2668 1414 2693 ea
1444 2657 1541 2693 tem·
1561 2655 1586 2693 4

171 2730 278 2758 Livius
297 2738 335 2758 ex
353 2739 412 2759 rec.
431 2731 585 2764 Madvigii.
622 2732 664 2756 11.
1273 2732 1294 2765 8
