1821 2928
391 208 468 245 146
848 217 936 242 Liber
954 217 1007 242 Π.
1027 217 1075 247 (Α.
1094 224 1123 242 u.
1142 224 1166 242 c.
1187 216 1257 245 433.)

329 332 516 369 redimite
555 332 675 369 armis
723 331 934 377 civitatem,
976 344 1093 380 quam
1138 345 1234 368 auro
1280 332 1448 369 maiores
1487 331 1610 368 vestri
1647 331 1758 370 rede·

330 404 483 437 inerunt
489 429 496 436 .
504 403 520 420 '⁴

447 466 637 504 Consules
668 467 837 515 profecti
869 466 918 503 ad
950 466 1141 503 Pontium
1174 465 1215 502 in
1256 466 1511 515 colloquium,
1553 480 1675 515 quum
1709 467 1757 504 de

330 535 476 572 foedere
516 535 644 571 victor
683 534 863 581 agitaret,
904 538 1101 581 negarunt
1140 533 1294 570 iniussu
1333 534 1470 583 populi
1509 535 1638 572 foedus
1669 534 1757 572 fieri

288 604 310 639 2
330 616 454 652 posse,
484 616 555 639 nec
587 602 670 639 sine
700 602 903 638 fetialibus
935 601 1238 650 caerimoniaque
1262 602 1341 638 alia
1365 602 1557 639 sollemni.
1616 602 1758 652 Itaque

327 684 416 708 non.
447 675 492 707 ut
522 670 642 714 vulgo
677 669 843 706 credunt
870 669 1140 718 Claudiusque
1172 669 1289 706 etiam
1321 669 1474 715 scribit,
1503 670 1651 707 foedere
1680 684 1758 720 pax

289 738 311 773 3
331 738 525 783 Caudina,
556 737 622 774 sed
655 751 726 786 per
757 737 1010 786 sponsionem
1042 737 1147 773 facta
1178 739 1247 773 est.
1295 736 1402 783 Quid
1420 737 1525 774 enim
1548 741 1617 775 aut
1642 752 1757 788 spon-

328 806 483 843 soribus
521 805 560 842 in
600 805 746 842 fwdere
788 819 886 854 opus
926 808 1028 842 esset
1065 808 1135 841 aut
1172 804 1390 851 obsidibus,
1427 804 1497 841 ubi
1527 806 1757 854 precatione

327 887 388 910 res
418 872 667 920 transigitur,
708 885 778 922 per
819 886 934 922 quem
971 873 1164 922 populum
1201 872 1281 918 fiat,
1320 885 1396 921 quo
1434 872 1564 910 minus
1601 873 1757 921 legibus

326 942 445 979 dictis
484 944 620 987 stetur,
659 943 704 978 ut
743 954 831 977 eum
872 941 928 978 ita
967 941 1151 990 Iuppiter
1188 940 1314 986 feriat,
1368 939 1702 989 quemadmodum
1733 955 1755 979 a

286 1008 530 1046 4fetialibus
560 1022 704 1058 porcus
735 1008 928 1045 feriatur?
959 1007 1270 1058 Spoponderunt
1286 1007 1477 1053 consules,
1494 1008 1628 1056 legati,
1652 1021 1755 1058 quae-

325 1082 462 1121 stores,
491 1076 645 1113 tribuni
675 1076 858 1121 militum,
883 1076 1122 1125 nominaque
1145 1074 1331 1122 omnium,
1355 1075 1424 1124 qui
1446 1075 1756 1125 spoponderunt,

326 1148 492 1191 exstant,
522 1144 604 1190 ubi,
636 1144 669 1181 si
700 1158 747 1181 ex
778 1143 923 1180 foedere
955 1147 1043 1181 acta
1073 1157 1135 1180 res
1167 1146 1278 1188 esset,
1303 1147 1571 1192 praeterquam
1588 1143 1756 1181 duorum

286 1212 522 1249 5fetialium
554 1225 632 1249 non
664 1214 880 1257 exstarent;
912 1215 951 1247 et.
982 1214 1145 1260 propter
1176 1211 1438 1248 necessariam
1470 1211 1630 1249 foederis
1655 1211 1754 1249 dila-

323 1281 475 1317 tionem
516 1280 673 1317 obsides
712 1279 831 1315 etiam
861 1279 1035 1316 sexcenti
1078 1278 1230 1327 equites
1268 1278 1473 1327 imperati,
1511 1279 1582 1328 qui
1624 1279 1754 1329 capite

285 1350 306 1382 (5
325 1349 491 1393 luerent,
530 1348 563 1384 si
602 1351 719 1396 pacto
758 1360 836 1383 non
866 1350 1050 1384 staretur.
1116 1346 1289 1395 Tempus
1321 1346 1413 1383 inde
1443 1349 1635 1384 statutum
1673 1350 1753 1384 tra—

325 1415 464 1452 dendis
495 1415 702 1452 obsidibus
733 1415 987 1464 exercituque
1019 1414 1160 1451 inermi
1191 1414 1395 1451 mittendo.

437 1483 744 1531 Redintegravit
786 1483 936 1519 luctum
977 1483 1017 1519 in
1050 1482 1191 1519 castris
1222 1482 1428 1519 consulum
1467 1481 1672 1528 adventus,
1708 1486 1753 1518 ut

323 1550 389 1586 vix
420 1551 469 1587 ab
501 1551 549 1586 iis
581 1551 826 1587 abstinerent
848 1563 996 1597 manus,
1020 1563 1185 1599 quorum
1210 1549 1436 1586 temeritate
1460 1549 1501 1586 in
1518 1562 1605 1586 eum
1621 1549 1752 1587 locum

325 1617 486 1654 deducti
518 1622 655 1664 essent,
688 1631 854 1666 quorum
886 1618 1045 1666 ignavia
1077 1617 1218 1653 foedius
1250 1617 1355 1663 inde,
1393 1630 1511 1666 quam
1540 1617 1751 1663 venissent,

286 1685 489 1722 Tabituri:
532 1685 611 1722 illis
649 1699 727 1722 non
766 1686 906 1722 (lucem
946 1685 1133 1731 locorumy
1172 1699 1251 1722 non
1290 1685 1580 1734 exploratorem
1611 1685 1750 1730 fuisse3

284 1752 307 1789 8
326 1753 532 1789 beluarum
563 1752 680 1790 modo
713 1765 836 1790 caecos
868 1753 908 1789 in
939 1753 1093 1790 foveam
1125 1753 1269 1802 lapsos.
1328 1752 1419 1790 Alii
1451 1752 1550 1789 alios
1586 1752 1750 1798 intueri;

323 1821 584 1870 contemplari
621 1834 730 1857 arma
770 1834 859 1857 mox
895 1820 1091 1857 tradenda
1131 1824 1169 1857 et
1199 1820 1367 1857 inermes
1398 1820 1552 1856 futuras
1591 1819 1749 1857 dextras

322 1888 570 1937 obnoxiaque
602 1901 768 1937 corpora
799 1888 921 1931 hosti;
953 1901 1175 1937 proponere
1206 1888 1364 1924 sibimet
1395 1887 1472 1936 ipsi
1504 1891 1596 1925 ante
1614 1887 1749 1925 oculos

323 1956 457 2004 iugum
487 1956 630 1993 hostile
668 1960 707 1993 et
742 1956 917 1993 ludibria
953 1956 1118 1992 victoris
1157 1958 1195 1992 et
1224 1955 1358 1992 vultus
1389 1956 1579 2004 superbos
1611 1958 1650 1992 et
1679 1968 1749 2004 per

282 2026 302 2059 ‘J
322 2028 492 2060 armatos
524 2024 733 2060 inermium
775 2024 860 2070 iter,
898 2024 989 2060 inde
1026 2023 1122 2060 foedi
1152 2023 1321 2071 agminis
1351 2023 1614 2060 miserabilem
1644 2022 1749 2059 viam

322 2103 392 2139 per
431 2091 627 2127 sociorum
665 2092 800 2137 urbes,
837 2091 1010 2127 reditum
1050 2091 1091 2127 in
1130 2092 1301 2140 patriam
1341 2091 1392 2128 ad
1430 2093 1632 2140 parentes,
1670 2103 1748 2139 quo

255 2159 425 2207 1‹1›saepe
457 2158 533 2207 ipsi
563 2158 809 2207 maioresque
840 2172 975 2195 eorum
1006 2158 1299 2207 triumphantes
1327 2159 1547 2195 venissent:
1579 2171 1619 2195 se
1644 2157 1748 2195 solos

320 2225 405 2262 sine
436 2225 608 2271 vulnere,
634 2226 722 2270 ,sine
760 2226 876 2272 ferro,
914 2226 997 2263 sine
1035 2226 1119 2262 acie
1148 2226 1293 2271 victos;
1331 2226 1409 2262 sibi
1440 2239 1520 2263 non
1550 2225 1746 2274 stringere

319 2293 477 2329 licuisse
508 2292 674 2340 gladios,
705 2306 784 2329 non
815 2307 973 2330 manum
1005 2307 1092 2330 cum
1123 2293 1234 2336 hoste
1253 2294 1448 2339 conferre3
1479 2293 1556 2330 sibi
1585 2292 1746 2342 nequic-

255 2362 298 2397 11
322 2373 438 2409 quam
470 2360 621 2397 animos
652 2359 777 2397 datos.
837 2361 934 2397 Haec
958 2361 1217 2398 frementibus
1239 2362 1337 2398 hora
1359 2361 1494 2398 fatalis
1517 2360 1746 2409 ignominiae

318 2427 491 2474 advenit,
522 2427 654 2464 omnia
683 2427 865 2465 tristiora
896 2428 1140 2477 experiundo
1171 2429 1335 2474 factura,
1380 2441 1497 2477 quam
1526 2440 1616 2476 quae
1646 2440 1744 2476 prae-

255 2496 302 2532 12
320 2499 507 2543 ceperant
530 2495 684 2532 animis.
730 2495 813 2531 Iam
839 2495 1009 2544 primum
1028 2508 1115 2531 cum
1132 2496 1298 2544 singulis
1313 2495 1561 2532 vestimentis
1577 2495 1745 2532 inermes

318 2566 429 2599 extra
465 2562 615 2599 vallum
654 2562 760 2599 exire
802 2563 907 2608 iussi,
946 2567 985 2599 et
1021 2563 1142 2612 primi
1177 2563 1319 2600 traditi
1358 2562 1513 2599 obsides
1551 2564 1670 2611 atque
1702 2561 1744 2597 in

250 2631 299 2666 13
319 2630 540 2666 custodiam
579 2629 754 2671 abducti.
829 2629 930 2666 Tum
971 2644 993 2667 a
1031 2630 1258 2667 consulibus
1300 2629 1410 2666 abire
1447 2629 1606 2666 lictores
1646 2628 1744 2666 iussi
