1821 2928
315 129 365 166 96
744 123 873 159 Liber
898 123 951 158 Π.
1001 124 1061 166 (A.
1085 135 1121 157 u.
1148 135 1176 158 ο.
1203 124 1296 167 263.)

313 253 452 292 Tullii.
502 252 640 300 Longe
673 251 705 288 is
736 254 821 288 tum
852 251 1038 301 princeps
1071 250 1210 289 Volsci
1243 250 1414 289 nominis
1431 253 1516 288 erat
1532 250 1744 289 Romanis-

312 338 388 374 que
421 337 574 374 semper
607 323 785 362 infestus.
833 321 897 360 Ita
929 335 1047 372 quum
1080 322 1249 359 alterum
1279 324 1393 360 vetus
1410 322 1557 372 odium,
1577 323 1745 360 alterum

313 397 371 433 ira
403 409 540 433 recens
588 394 826 443 stimularet,
873 395 1039 432 consilia
1085 394 1292 431 conferunt
1332 393 1380 431 de
1410 393 1591 432 Romano
1621 394 1743 434 bello.

273 467 438 505 SHaud
471 467 588 504 facile
622 465 839 504 credebant
854 467 1012 516 plebem
1052 479 1161 503 suam
1189 465 1342 515 impelli
1379 478 1507 514 posse,
1549 468 1594 502 ut
1622 465 1744 504 toties

311 539 529 577 infeliciter
545 542 700 576 tentata
716 551 824 576 arma
850 541 1054 587 caperent:
1080 537 1214 574 multis
1241 549 1344 586 saepe
1367 536 1497 585 bellis,
1514 537 1745 586 pestilentia

311 616 512 661 postremo
545 609 688 647 amissa
718 609 923 647 iuventute
947 610 1093 646 fractos
1120 608 1286 658 spiritus
1319 621 1423 655 esse3
1442 613 1526 646 arte
1544 608 1742 657 agendum

312 683 352 720 in
386 682 541 720 exoleto
572 682 651 719 iam
681 685 878 719 vetustate
911 681 1018 730 odio,
1050 683 1095 717 ut
1126 680 1280 718 recenti
1320 680 1455 729 aliqua
1492 680 1553 718 ira
1584 693 1743 718 exacer-

311 755 501 792 barentur
532 753 665 791 animi.
1351 793 1356 797 ,

173 815 228 863 36
423 824 530 863 Ludi
574 825 675 861 forte
722 837 769 861 ex
814 824 1103 861 instauratione
1148 823 1283 873 magni
1315 823 1452 861 Romae
1483 823 1739 873 parabantur.

307 896 567 935 Instaurandi
597 895 680 933 haec
723 908 841 933 causa
881 896 1020 932 fuerat.
1083 895 1210 932 Ludis
1243 908 1356 932 mane
1388 908 1546 933 servum
1578 895 1741 945 quidam

308 973 423 1019 pater
454 968 628 1015 familiae,
660 967 832 1005 nondum
866 967 1070 1004 commisso
1103 967 1345 1016 spectaculo,
1372 967 1445 1004 sub
1469 966 1582 1004 furca
1598 979 1742 1004 caesum

308 1040 440 1078 medio
488 1045 621 1087 egerat
659 1040 784 1085 cireo;
827 1039 946 1089 coepti
986 1039 1078 1076 inde
1111 1038 1213 1087 ludi,
1246 1039 1355 1076 velut
1385 1051 1431 1075 ea
1461 1051 1524 1075 res
1555 1037 1659 1075 nihil
1689 1037 1740 1076 ad

266 1112 542 1161 2religionem
588 1111 858 1161 pertinuisset.
920 1110 1041 1148 Haud
1079 1111 1134 1148 ita
1165 1111 1289 1148 multo
1321 1113 1411 1160 post
1441 1109 1533 1147 Tito
1563 1109 1739 1159 Latinio,

308 1183 355 1220 de
386 1183 502 1233 plebe
533 1183 697 1228 homini,
728 1183 924 1220 somnium
966 1183 1059 1229 fuit3
1103 1182 1210 1220 visus
1248 1181 1434 1232 Iuppiter
1476 1182 1619 1229 dicere,
1659 1181 1739 1219 sibi

307 1255 413 1292 ludis
444 1254 762 1304 praesultatorem
795 1254 1067 1304 displicuisse;
1099 1254 1176 1292 nisi
1195 1253 1404 1303 magnifice
1420 1253 1739 1291 instaurarentur

308 1327 338 1364 ii
370 1326 470 1373 ludi,
501 1326 722 1376 periculum
754 1315 846 1363 urbi
877 1326 979 1372 fore3
1026 1326 1113 1372 iret,
1159 1339 1204 1363 ea
1250 1325 1481 1364 consulibus
1520 1325 1738 1365 nuntiaret.

264 1398 288 1434 3
307 1397 545 1448 Quanquam
577 1398 684 1435 haud
716 1411 808 1436 sane
839 1398 944 1434 liber
976 1401 1060 1434 erat
1086 1397 1280 1446 religione
1305 1397 1469 1444 animus,
1499 1396 1740 1434 verecundia

307 1474 440 1507 tamen
473 1470 689 1507 maiestatis
722 1470 1023 1518 magistratuum
1057 1472 1094 1507 et
1124 1469 1244 1507 timor
1274 1469 1388 1518 vicit,
1421 1482 1469 1506 ne
1501 1469 1540 1506 in
1573 1481 1641 1506 ora
1671 1469 1738 1506 ho-

262 1542 455 1584 4minum
489 1555 561 1591 pro
593 1541 769 1579 ludibrio
803 1541 943 1580 abiret.
999 1541 1148 1589 Magno
1180 1541 1241 1578 illi
1273 1554 1318 1579 ea
1364 1541 1567 1579 cunctatio
1608 1540 1739 1587 stetit;

305 1613 432 1650 filium
472 1626 641 1662 namque
681 1613 786 1650 intra
827 1626 974 1662 paucos
1014 1612 1098 1649 dies
1139 1613 1286 1652 amisit.
1357 1612 1481 1650 Cuius
1518 1612 1740 1662 repentinae

307 1684 433 1722 cladis
466 1698 515 1722 ne
548 1698 666 1722 causa
698 1684 823 1722 dubia
855 1689 968 1730 esset,
1001 1697 1106 1734 aegro
1139 1685 1259 1721 animi
1292 1683 1428 1722 eadem
1446 1684 1516 1721 illa
1531 1684 1574 1720 in
1591 1683 1738 1721 somnis

307 1757 517 1794 obversata
543 1756 693 1806 species
720 1757 805 1794 visa
841 1760 899 1793 est
933 1756 1119 1804 rogitare,
1150 1755 1265 1793 satin’
1300 1768 1481 1804 magnam
1512 1755 1636 1805 spreti
1667 1768 1737 1792 nu-

307 1829 427 1865 minis
460 1829 627 1866 haberet
658 1827 898 1873 mercedem,
932 1827 1120 1865 maiorem
1151 1827 1310 1874 instare,
1342 1827 1385 1864 ni
1413 1830 1476 1865 eat
1491 1840 1662 1877 propere
1693 1840 1738 1865 ac

264 1897 465 1937 5nuntiet
512 1900 751 1937 consulibus.
811 1899 896 1937 Iam
943 1899 1178 1949 praesentior
1216 1912 1280 1936 res
1317 1903 1414 1938 erat.
1477 1898 1739 1937 Cunctantem

304 1976 437 2008 tamen
471 1985 514 2008 ac
547 1971 812 2021 prolatantem
846 1972 986 2020 ingens
1018 1971 1077 2008 vis
1107 1971 1237 2009 morbi
1268 1970 1409 2009 adorta
1439 1974 1498 2009 est
1528 1970 1738 2007 debilitate

265 2043 448 2081 sssubita.
496 2042 609 2080 Tunc
641 2043 842 2080 enimvero
875 2043 1039 2080 deorum
1070 2043 1133 2081 ira
1164 2043 1380 2080 admonuit.
1440 2042 1586 2080 Fessus
1611 2041 1738 2090 igitur

305 2114 418 2151 malis
433 2115 651 2164 praeteritis
667 2114 1001 2164 instantibusque,
1025 2115 1193 2153 consilio
1211 2115 1524 2164 propinquorum
1542 2112 1738 2159 adhibito,

305 2198 425 2234 quum
457 2186 542 2223 visa
573 2190 692 2236 atque
723 2185 860 2224 audita
891 2190 929 2224 et
970 2186 1222 2224 obversatum
1260 2186 1378 2225 toties
1419 2198 1554 2224 somno
1585 2184 1736 2230 Iovem,

306 2257 432 2294 minas
464 2257 622 2307 irasque
655 2258 832 2296 caelestes
849 2261 1156 2308 repraesentatas
1176 2257 1335 2296 casibus
1361 2245 1442 2296 suis
1474 2255 1734 2306 exposuisset,

305 2340 498 2365 consensu
529 2329 623 2365 inde
655 2330 762 2367 haud
789 2330 911 2367 dubio
941 2330 1125 2377 omnium,
1155 2330 1226 2380 qui
1250 2330 1427 2376 aderant,
1459 2329 1500 2366 in
1524 2329 1652 2365 forum
1684 2326 1735 2364 ad

263 2399 482 2442 7consules
523 2400 664 2437 lectica
710 2402 898 2439 defertur.
959 2401 1059 2439 Inde
1110 2402 1151 2439 in
1191 2401 1341 2439 curiam
1380 2401 1489 2438 iussu
1528 2398 1733 2437 consulum

305 2470 470 2518 delatus,
488 2471 622 2508 eadem
641 2471 712 2508 illa
729 2485 850 2520 quum
873 2473 1056 2521 patribus
1087 2473 1243 2522 ingenti
1270 2472 1446 2510 omnium
1471 2469 1734 2508 admiratione

260 2552 285 2589 8
304 2545 539 2589 enarrasset,
561 2555 651 2580 ecce
675 2542 784 2580 aliud
809 2543 1060 2581 miraculum:
1086 2545 1155 2594 qui
1184 2548 1323 2594 captus
1347 2543 1528 2582 omnibus
1546 2540 1732 2579 membris

304 2613 460 2651 delatus
491 2614 531 2651 in
563 2614 715 2652 curiam
739 2617 851 2660 esset,
877 2627 977 2663 eum,
994 2616 1174 2653 functum
1194 2615 1336 2662 officio,
1351 2614 1522 2664 pedibus
1547 2613 1631 2650 suis
1662 2611 1728 2650 do-

302 2698 409 2722 mum
446 2685 833 2732 redisse,‘traditum
865 2686 1062 2723 memoriae
1094 2690 1163 2724 est.
