1821 2928
588 144 702 180 Liber
726 144 779 179 ΙΙ.
829 146 891 189 (Α.
918 144 983 179 Ch.
1008 145 1105 189 480.)
1486 149 1564 186 107

123 272 276 311 civibus
308 276 404 310 erat.
448 272 510 310 Ex
542 272 603 310 his
631 273 678 320 Q.
698 273 871 311 Fabium
900 271 1039 325 (tertio
1071 273 1137 310 hic
1168 286 1270 310 anno
1303 276 1395 311 ante
1428 274 1565 310 consul

121 344 265 396 fuerat)
296 344 518 395 principem
551 345 591 382 in
623 346 824 384 confertos
851 345 1045 383 Veientes
1078 349 1236 383 euntem
1270 345 1379 382 ferox
1411 345 1565 383 viribus

122 419 163 454 et
192 429 391 454 armorum
424 420 508 454 arte
525 416 690 465 Tuscus,
722 418 924 455 incautum
956 418 1062 455 inter
1092 418 1238 455 multas
1255 420 1478 455 versantem
1494 417 1563 455 ho·

121 487 240 527 stium
273 502 422 535 manus,
453 489 590 539 gladio
621 503 693 540 per
724 493 862 540 pectus
888 490 1114 539 transfigit,
1144 490 1225 529 telo
1245 493 1436 537 extracto,
1467 503 1567 540 prae-

122 572 215 610 ceps
243 560 396 598 Fabius
427 562 468 598 in
499 562 645 600 vulnus
677 562 789 600 abiit.
837 561 973 600 Sensit
1003 565 1175 611 utraque
1207 562 1312 600 acies
1343 562 1463 599 unius
1488 562 1608 600 viri5

121 644 267 681 casum,
312 632 559 683 cedebatque
600 634 693 672 inde
724 635 942 682 Romanus,
988 647 1107 684 quum
1142 633 1197 672 M.
1232 634 1384 671 Fabius
1424 635 1562 672 consul

119 704 328 742 transiluit
357 705 528 743 iacentis
553 719 696 757 corpus
724 707 962 757 obiectaque
979 719 1130 756 parma,
1166 706 1282 755 „Hoc
1300 706 1485 744 iurastis“
1507 707 1565 743 in-

121 776 220 827 quit,
258 777 446 827 „milites,
479 778 680 828 fugientes
711 793 781 817 vos
813 780 853 817 in
886 782 1016 817 castra
1040 777 1271 816 redituros?
1317 778 1435 816 Adeo
1453 779 1564 828 igna-

120 849 302 887 vissimos
345 850 479 888 hostes
520 851 648 901 magis
678 852 828 889 timetis
861 865 979 902 quam
1010 851 1148 888 Iovem
1179 849 1446 899 Martemque,
1494 864 1565 900 per

121 934 220 971 quos
250 921 447 959 iurastis?
493 922 553 960 At
583 936 656 973 ego
689 924 884 962 iniuratus
917 927 986 962 aut
1011 924 1140 961 victor
1156 926 1336 960 revertar
1353 927 1421 960 aut
1438 936 1564 973 prope
1585 924 1608 960 6

118 997 158 1031 te
189 993 266 1040 hic,
299 992 346 1040 Q.
364 994 479 1044 Fabi,
514 995 710 1034 dimicans
741 997 919 1036 cadam.“
970 995 1138 1034 Consuli
1168 998 1253 1032 tum
1271 994 1381 1033 Caeso
1399 995 1563 1042 Fabius,

118 1065 267 1116 prioris
293 1067 388 1104 anni
405 1068 565 1105 consul:
603 1068 830 1116 „Vei-bisne
848 1069 950 1118 istis,
984 1068 1120 1115 frater,
1151 1070 1197 1105 ut
1212 1071 1403 1117 pugnent,
1434 1071 1473 1104 te
1492 1068 1563 1105 im—

118 1141 370 1188 petraturum
389 1140 551 1178 credis?
598 1140 657 1178 Di
673 1140 960 1192 impetrabunt,
988 1154 1058 1190 per
1076 1153 1175 1190 quos
1193 1139 1397 1186 iuravere3
1425 1144 1464 1177 et
1479 1154 1564 1189 nOS‚
1586 1141 1608 1176 7

118 1213 164 1248 ut
194 1210 307 1248 decet
337 1225 535 1262 proceres,
568 1216 612 1250 ut
630 1213 758 1251 Fabio
785 1213 945 1250 nomine
973 1217 1035 1250 est
1051 1212 1229 1262 dignum,
1260 1212 1477 1261 pugnando
1495 1226 1563 1262 po-

116 1283 197 1321 tius
229 1297 346 1333 quam
379 1284 632 1323 adhortando
665 1285 927 1323 accendamus
959 1285 1133 1322 militum
1170 1285 1359 1321 animos.'·‘
1425 1283 1491 1322 Sic
1522 1285 1563 1321 in

119 1355 292 1406 primum
325 1356 482 1394 infestis
515 1358 639 1395 hastis
670 1358 882 1408 provolant
916 1357 994 1394 duo
1027 1356 1160 1405 Fabii,
1193 1354 1398 1405 totamque
1432 1370 1561 1394 move-

117 1432 214 1465 runt
244 1441 377 1466 secum
409 1429 545 1466 aciem.
594 1429 746 1467 Proelio
779 1443 827 1466 ex
859 1433 973 1479 parte
1005 1442 1084 1466 una
1103 1429 1300 1475 restituto,
1331 1428 1460 1465 nihilo
1479 1442 1563 1478 seg·
1610 1421 1665 1470 47

118 1499 210 1537 nius
242 1501 284 1537 in
316 1513 440 1538 cornu
471 1501 598 1544 altero
631 1501 703 1542 Cn.
729 1501 907 1540 Manlius
940 1501 1079 1538 consul
1111 1514 1287 1551 pugnam
1318 1501 1462 1549 ciebat,
1493 1501 1564 1538 ubi

120 1585 245 1622 prope
287 1572 432 1610 similis
473 1573 633 1611 fortuna
672 1577 732 1611 est
771 1578 939 1612 versata.
1003 1573 1103 1612 Nam
1135 1577 1180 1610 ut
1211 1573 1336 1610 altero
1369 1573 1409 1610 in
1442 1574 1605 1610 cornu2

121 1644 168 1691 Q.
199 1644 384 1694 Fabium,
431 1645 487 1683 sic
527 1646 567 1682 in
606 1645 681 1683 hoc
713 1646 843 1696 ipsum
876 1646 1078 1683 consulem
1110 1645 1308 1682 Manlium
1342 1645 1421 1682 iam
1452 1645 1566 1683 velut

120 1716 230 1754 fusos
261 1720 445 1766 agentem
477 1717 610 1755 hostes
643 1722 682 1756 et
712 1718 882 1768 impigre
915 1718 1063 1756 milites
1097 1718 1224 1755 secuti
1242 1721 1334 1755 sunt
1351 1722 1400 1763 et,
1431 1720 1478 1754 ut
1494 1717 1564 1754 ille

120 1789 234 1838 gravi
274 1789 439 1827 vulnere
479 1789 582 1827 ictus
621 1804 669 1827 ex
701 1791 787 1828 acie
820 1790 951 1837 cessit,
1000 1791 1252 1828 interfectum
1284 1790 1363 1827 rati
1395 1789 1564 1838 gradum

118 1861 328 1908 rettulere3
360 1861 651 1911 cessissentque
676 1863 777 1912 loco,
811 1863 852 1900 ni
870 1863 1006 1900 consul
1024 1863 1125 1900 alter
1143 1876 1230 1900 cum
1248 1862 1406 1911 aliquot
1422 1862 1564 1898 turmis
1583 1864 1605 1899 3

121 1933 300 1983 equitum
332 1933 374 1970 in
406 1947 492 1971 eam
525 1938 678 1984 partem
706 1934 826 1973 citato
844 1948 946 1984 equo
964 1935 1165 1981 advectus,
1198 1935 1334 1971 vivere
1352 1934 1563 1971 clamitans

121 2006 329 2055 collegam,
355 2020 395 2044 se
411 2007 617 2046 victorem.
645 2007 731 2044 fuso
750 2008 878 2045 altero
897 2021 1033 2054 cornu,
1059 2007 1211 2053 adesse,
1230 2021 1311 2044 rem
1331 2006 1562 2043 inclinatam

121 2078 382 2116 sustinuisset.
445 2078 624 2116 Manlius
657 2093 815 2130 quoque
847 2080 897 2117 ad
928 2080 1217 2118 restituendam
1249 2079 1373 2117 aciem
1406 2093 1446 2116 se
1480 2079 1607 2128 ipse4

121 2162 253 2188 coram
285 2150 409 2188 offert.
456 2151 642 2189 Duorum
665 2152 871 2189 consulum
889 2153 1049 2202 cognita
1067 2166 1136 2190 ora
1153 2153 1375 2189 accendunt
1391 2152 1563 2189 militum

121 2222 284 2260 animos.
331 2221 460 2260 Simul
492 2228 531 2261 et
561 2224 704 2261 vanior
737 2225 815 2262 iam
842 2229 927 2262 erat
951 2225 1123 2262 hostium
1152 2224 1268 2271 acieS,
1301 2224 1405 2270 dum,
1438 2224 1562 2262 abun-

122 2293 239 2332 dante
271 2295 531 2332 multitudine
563 2296 669 2342 freti,
709 2297 914 2334 subtracta
945 2297 1124 2335 subsidia
1155 2296 1321 2334 mittunt
1351 2296 1401 2333 ad
1434 2300 1563 2334 castra

122 2367 405 2417 oppugnanda.
437 2367 486 2404 In
505 2379 593 2416 quae
611 2366 718 2405 haud
735 2382 879 2417 magno
898 2369 1114 2407 certamine
1131 2370 1283 2419 impetu
1298 2369 1416 2418 facto,
1440 2380 1562 2417 quum
1582 2365 1605 2402 5

122 2438 268 2488 praedae
286 2440 412 2488 magis
430 2453 548 2489 quam
566 2453 709 2489 pugnae
727 2454 920 2479 memores
936 2445 1115 2479 tererent
1137 2445 1307 2491 tempus,
1331 2441 1464 2478 triarii
1482 2439 1560 2477 Ro-

122 2511 239 2556 mani,
272 2511 341 2560 qui
372 2512 540 2561 primam
569 2511 836 2562 irruptionem
863 2513 1060 2551 sustinere
1078 2526 1154 2550 non
1172 2517 1399 2563 potuerant,
1431 2511 1562 2549 missis

122 2582 174 2619 ad
205 2583 385 2620 consules
417 2583 581 2633 nuntiis,
615 2597 694 2633 quo
727 2584 813 2622 loco
845 2598 907 2622 res
939 2589 1082 2629 essent,
1116 2585 1347 2633 conglobati
1381 2583 1429 2621 ad
1461 2595 1562 2632 prae·

122 2653 271 2690 torium
317 2654 488 2692 redeunt
533 2659 570 2693 et
611 2669 682 2693 sua
722 2661 862 2706 sponte
906 2657 983 2707 ipsi
1026 2657 1212 2707 proelium
1245 2660 1448 2693 renovant.
1510 2653 1604 2692 Etss

121 2723 299 2763 Manlius
345 2727 481 2764 consul
523 2731 704 2765 revectus
743 2728 782 2764 in
823 2733 964 2777 castra,
1011 2729 1060 2765 ad
1100 2741 1235 2764 omnes
1267 2731 1403 2777 portas
1436 2727 1562 2764 milite
