1821 2928
332 127 409 164 178
763 122 872 157 hiber
897 121 970 156 111.
1019 124 1078 165 (A.
1105 134 1140 157 u.
1168 134 1197 157 ο.
1223 125 1317 167 305.)

327 250 564 299 reliquisset,
610 249 759 298 quique
805 250 1077 298 magistratum
1126 251 1210 287 sine
1257 252 1538 300 provocatione
1570 257 1755 299 creasset,

325 330 438 370 tergo
470 335 514 358 ac
545 320 673 370 capite
706 321 927 369 puniretur.

259 393 307 431 15
442 393 539 430 Haec
577 391 708 430 omnia
747 394 791 428 ut
820 391 967 433 invitis.
1016 392 1072 429 ita
1111 405 1189 429 non
1224 391 1529 430 adversantibus
1566 393 1756 443 patriciis

324 468 537 512 transacta.
582 463 678 513 quia
731 462 904 500 nondum
950 465 989 501 in
1048 476 1284 513 quemquam
1336 477 1458 502 unum
1503 464 1751 502 saeviebatur.

215 533 269 581 56
328 535 514 574 Fundata
546 534 689 572 deinde
730 539 769 572 et
804 539 1001 585 potestate
1043 535 1262 573 tribunicia
1307 539 1346 573 et
1384 536 1511 585 plebis
1551 536 1750 586 libertate,

322 613 404 645 tum
465 607 619 644 tribuni
679 606 845 655 aggredi
906 606 1084 654 singulos
1142 610 1272 644 tutum
1332 611 1610 657 maturumque
1670 607 1750 645 iam

323 680 412 725 rati,
471 682 736 716 accusatorem
799 678 968 727 primum
1020 677 1254 726 Verginium
1315 681 1354 716 et
1398 678 1580 729 Appium
1638 691 1750 716 reum

283 753 305 788 2
325 751 519 800 deligunt.
579 750 709 797 Quum
743 749 845 788 diem
877 749 1014 799 Appio
1046 749 1264 798 Verginius
1303 749 1482 797 dixisset,
1522 753 1562 787 et
1591 749 1751 800 Appius

322 823 493 872 stipatus
533 822 714 871 patriciis
756 821 965 860 iuvenibus
1010 822 1051 858 in
1088 821 1217 859 forum
1248 821 1530 870 descendisset,
1575 820 1749 858 redinte-

321 898 435 943 grata
495 893 693 942 extemplo
753 896 812 930 est
871 892 1053 930 omnibus
1112 892 1302 930 memoria
1359 893 1587 930 foedissimae
1639 895 1751 943 pote-

284 967 306 1003 3
326 965 451 1012 statis,
470 978 591 1015 quum
608 965 737 1015 ipsum
754 964 1025 1014 satellitesque
1041 965 1123 1002 eius
1140 964 1342 1015 vidissent.
1403 963 1506 1001 Tum
1529 963 1751 1014 Verginius

322 1035 514 1086 „Oratio“
550 1036 681 1085 inquit
715 1036 858 1083 „rebus
888 1036 1023 1074 dubiis
1040 1036 1206 1074 inventa
1237 1039 1315 1082 est3
1347 1035 1483 1086 itaque
1513 1048 1642 1086 neque
1673 1049 1748 1086 ego

318 1107 542 1146 accusando
574 1108 681 1157 apud
711 1121 780 1144 vos
820 1120 909 1144 eum
939 1111 1094 1157 tempus
1125 1110 1262 1154 teram,
1309 1121 1332 1144 a
1362 1107 1474 1145 cuius
1505 1107 1746 1145 crudelitate

317 1183 469 1217 vosmet
507 1179 585 1229 ipsi
626 1179 745 1216 armis
783 1179 1031 1226 vindicastis,
1066 1192 1137 1216 nec
1177 1180 1296 1217 istum
1335 1178 1386 1216 ad
1427 1181 1558 1217 cetera
1597 1178 1747 1217 scelera

277 1251 300 1286 4
321 1251 610 1301 impudentiam
642 1250 683 1287 in
707 1249 955 1287 defendendo
986 1264 1027 1288 se
1051 1251 1225 1288 adiicere
1242 1251 1386 1300 patiar.
1419 1250 1605 1288 Omnium
1620 1249 1749 1299 igitur

316 1323 407 1369 tibi,
448 1322 562 1373 Appi
595 1321 750 1369 Claudi,
790 1334 877 1372 quae
910 1322 1032 1371 impie
1063 1322 1294 1372 nefarieque
1325 1335 1396 1373 per
1426 1322 1635 1359 biennium
1665 1320 1747 1358 alia

316 1408 436 1445 super
467 1394 547 1432 alia
585 1407 625 1431 es
656 1386 785 1440 ausus,
831 1394 1000 1442 gratiam
1030 1394 1147 1433 facio.
1223 1393 1354 1432 Unius
1383 1398 1537 1431 tantum
1568 1392 1746 1430 criminis

315 1466 395 1504 nisi
426 1466 600 1503 iudicem
632 1465 750 1513 dices,
780 1469 820 1502 te
851 1466 900 1503 ab
925 1465 1111 1503 libertate
1143 1467 1184 1503 in
1208 1466 1440 1503 servitutem
1472 1468 1608 1504 contra
1637 1464 1748 1514 leges

277 1538 516 1577 5vindicias
548 1551 625 1575 non
657 1537 828 1586 dedisse,
875 1537 915 1574 in
956 1537 1087 1575 vincla
1126 1541 1166 1575 te
1206 1537 1298 1575 duci
1330 1536 1513 1575 iubebo.“
1590 1535 1672 1574 Nec
1703 1535 1745 1573 in

314 1609 531 1647 tribunicio
563 1609 712 1646 auxilio
744 1609 905 1658 Appius
937 1622 1008 1646 nec
1040 1609 1082 1646 in
1121 1609 1272 1647 iudicio
1308 1608 1450 1659 populi
1479 1607 1604 1646 ullam
1633 1609 1744 1657 spein

314 1680 507 1729 habebat3
539 1684 670 1718 tamen
698 1684 736 1717 et
750 1680 935 1717 tribunos
953 1681 1172 1730 appellavit
1203 1683 1253 1730 et,
1286 1680 1396 1717 nullo
1414 1682 1591 1717 morante
1608 1691 1747 1728 arrep-

281 1753 384 1789 6tus
416 1765 438 1790 a
461 1751 625 1796 viatore,
661 1751 889 1798 „Provoco“
909 1752 1051 1801 inquit.
1098 1752 1254 1789 Audita
1269 1765 1346 1790 vox
1362 1764 1442 1788 una
1457 1749 1605 1788 vindex
1621 1748 1742 1787 liber-

314 1823 422 1870 tatis,
455 1837 503 1860 ex
535 1836 580 1860 eo
613 1823 732 1860 missa
764 1836 841 1870 ore,
872 1836 950 1872 quo
977 1823 1166 1861 vindiciae
1183 1836 1309 1873 nuper
1341 1822 1390 1860 ab
1408 1822 1594 1859 libertate
1625 1820 1743 1858 diotae

278 1896 297 1930 7
320 1898 445 1944 erant,
478 1895 680 1932 silentium
711 1895 816 1934 fecit.
863 1895 915 1931 Et
946 1894 1039 1931 dum
1069 1907 1141 1944 pro
1173 1908 1214 1932 se
1245 1895 1427 1944 quisque,
1459 1893 1553 1931 deos
1582 1892 1743 1931 tandem

313 1980 396 2004 esse
429 1969 467 2003 et
498 1980 576 2003 non
607 1966 815 2016 negligere
845 1966 1028 2014 humana,
1061 1966 1245 2013 fremunt,
1276 1969 1315 2003 et
1345 1965 1542 2015 superbiae
1572 1963 1742 2002 crudeli-

266 2038 290 2074 8
308 2038 462 2087 tatique
494 2038 567 2075 etsi
598 2051 716 2084 seras,
756 2051 834 2075 non
866 2038 972 2076 leves
1002 2041 1134 2075 tamen
1164 2037 1302 2076 venire
1324 2050 1477 2087 poenas:
1509 2048 1741 2086 provocare,

313 2109 382 2158 qui
413 2110 738 2158 provocationem
770 2109 1005 2159 sustulisset,
1038 2112 1076 2146 et
1107 2109 1322 2160 implorare
1345 2107 1574 2158 praesidium
1589 2106 1742 2163 populi,

313 2180 382 2229 qui
413 2181 546 2218 omnia
576 2182 664 2218 iura
694 2181 835 2231 populi
866 2180 1066 2226 obtrisset,
1106 2180 1275 2230 rapique
1316 2179 1354 2216 in
1393 2179 1527 2217 vincla
1558 2181 1739 2228 egentem

313 2251 398 2288 iure
429 2251 643 2298 libertatis,
685 2252 755 2301 qui
787 2252 958 2289 liberum
990 2265 1134 2302 corpus
1174 2252 1216 2288 in
1246 2251 1478 2288 servitutem
1508 2249 1740 2296 addixisset,

313 2322 440 2371 ipsius
473 2322 601 2372 Appii
643 2323 746 2360 inter
788 2323 984 2360 contionis
1027 2336 1201 2360 murmur
1237 2321 1356 2360 fidem
1394 2321 1535 2372 populi
1564 2320 1738 2358 Romani

271 2391 292 2427 9
313 2393 561 2443 implorantis
593 2405 669 2431 vox
686 2394 932 2431 audiebatur.
976 2394 1178 2432 Maiorum
1204 2394 1344 2431 merita
1373 2393 1415 2430 in
1436 2405 1519 2430 rem
1534 2390 1737 2442 publicam

311 2463 419 2501 domi
436 2463 671 2514 militiaeque
689 2465 1030 2513 commemorabat,
1064 2479 1177 2503 suum
1203 2465 1344 2502 infelix
1374 2477 1467 2513 erga
1482 2454 1639 2513 plebem
1654 2461 1738 2500 Ro·

310 2548 464 2572 manain
495 2534 683 2580 studium,
716 2548 793 2584 quo
820 2535 1102 2584 aequandarum
1133 2537 1266 2585 legum
1297 2525 1532 2573 causacum
1562 2533 1737 2571 maxima

311 2606 522 2644 offensione
554 2610 710 2656 patrum
728 2606 935 2643 consulatu
952 2606 1114 2653 abisset,
1147 2619 1237 2644 suas
1263 2607 1382 2655 legeS,
1412 2605 1556 2655 quibus
1573 2601 1738 2642 manen-

247 2677 422 2715 lOtibus
455 2678 558 2715 lator
589 2690 722 2715 earum
754 2678 793 2714 in
825 2677 985 2714 vincula
1016 2677 1194 2714 ducatur.
1257 2676 1439 2714 Ceterum
1470 2689 1540 2714 sua
1569 2675 1737 2727 propria
