1821 2928
547 170 634 195 Libo.-
652 170 704 195 τι.
743 170 790 197 (A.
811 169 862 194 cn.
881 171 1036 199 388—3SG.)
1433 160 1455 196 7

79 288 239 336 collegae
256 286 384 333 fateri,
415 285 593 334 regimen
610 284 785 322 omnium
807 297 953 332 rerum,
982 285 1053 322 ubi
1070 285 1167 335 quid
1191 285 1325 323 bellici
1349 285 1513 323 terroris

80 357 248 406 ingruat,
280 355 321 392 in
351 354 438 391 viro
470 367 548 391 uno
580 366 673 399 esse,
705 353 862 402 sibique
894 353 1136 391 destinatum
1165 353 1236 403 [in]
1268 354 1400 391 animo
1431 367 1512 391 esse
1533 354 1554 388 7

77 423 246 461 Camillo
270 423 514 460 summittere
546 421 768 471 imperium,
799 435 870 458 nec
893 421 1106 471 quicquam
1133 422 1181 458 de
1207 422 1413 460 maiestate
1445 436 1515 459 sua

77 492 299 529 detractum
347 490 523 537 credere,
570 489 677 539 quod
722 490 923 527 maiestati
968 490 1052 526 eius
1097 489 1174 526 viri
1220 490 1514 527 concessissent.

76 559 326 598 Collaudatis
349 560 398 596 ab
416 562 555 596 senatu
577 558 752 595 tribunis
770 563 808 595 et
832 559 918 608 ipse
935 557 1140 604 Camillus,
1172 558 1356 595 confusus
1373 558 1515 603 animo,

75 628 226 677 gratias
257 628 349 677 egit.
410 627 558 676 Ingens
599 626 692 664 inde
733 627 790 664 ait
830 639 929 664 onus
960 640 982 663 a
1023 626 1171 675 populo
1202 625 1385 664 Romano
1425 625 1555 671 sibi,8

76 697 145 746 qui
176 710 216 734 se
248 695 514 746 [dictatorem]
556 695 634 731 iam
665 699 852 744 quartum
885 698 1066 740 creasset,
1106 706 1293 742 magnum
1324 708 1346 731 a
1377 698 1515 732 senatu

73 764 223 802 talibus
261 764 310 801 de
349 778 388 801 se
423 763 581 800 iudiciis
621 763 703 800 eius
741 763 905 809 ordinis,
950 763 1163 800 maximum
1201 767 1283 799 tam
1320 763 1514 800 honorato

75 833 316 881 collegarum
347 832 538 881 obsequio
579 831 748 880 iniungi.
807 831 951 881 Itaque
983 831 1015 868 si
1048 831 1146 880 quid
1176 831 1326 868 laboris
1356 831 1512 879 vigilia-
1533 830 1555 865 9

74 914 242 950 rumque
259 900 381 938 adiici
399 901 536 950 possit,
554 904 771 938 certantem
788 913 918 937 secum
935 900 1065 949 ipsum
1082 899 1326 944 aunisurum,
1343 901 1387 935 ut
1400 902 1515 936 tanto

76 970 124 1007 de
154 983 195 1007 se
227 982 418 1007 consensu
458 969 632 1006 civitatis
663 969 903 1018 opinionem,
949 981 1036 1017 quae
1078 968 1248 1005 maxima
1289 967 1353 1010 sit,
1396 967 1516 1004 etiam

74 1041 320 1074 constantem
352 1037 509 1074 efficiat.
555 1036 674 1084 Quod
705 1037 756 1074 ad
787 1037 937 1074 bellum
969 1041 1088 1085 atque
1116 1036 1304 1073 Antiates
1335 1036 1516 1082 attineat,
1536 1036 1585 1072 10

75 1105 164 1154 plus
182 1105 239 1142 ibi
257 1105 454 1142 minarum
472 1118 588 1153 quam
607 1105 776 1154 periculi
794 1119 895 1142 esse:
927 1119 967 1141 se
982 1109 1127 1150 tamen,
1159 1109 1201 1141 ut
1219 1104 1321 1141 nihil
1337 1104 1518 1150 timendi,

74 1173 129 1210 sie
170 1173 271 1210 nihil
313 1173 593 1211 contemnendi
633 1177 835 1211 auctorem
875 1187 969 1210 esse.
1045 1172 1337 1210 Circumsederi
1376 1172 1582 1211 urbemll

72 1241 296 1279 Romanam
328 1242 377 1279 ab
411 1241 564 1279 invidia
596 1245 633 1279 et
666 1242 757 1279 odio
789 1241 1067 1282 finitimorum:
1106 1242 1242 1290 itaque
1275 1245 1314 1278 et
1346 1241 1516 1278 ducibus

35 1340 39 1343 .
73 1309 256 1359 pluribus
298 1314 337 1347 et
377 1310 618 1347 exercitibus
659 1309 1019 1347 administrandam
1058 1323 1140 1347 rem
1183 1310 1385 1359 publicam
1423 1323 1515 1347 esse.

77 1377 183 1416 „Te-⁴
218 1378 362 1427 inquit,
407 1378 476 1422 ,.L.
510 1377 661 1424 Valeri,
700 1378 849 1415 socium
881 1378 1039 1427 imperii
1071 1377 1307 1427 consiliique
1340 1378 1514 1427 legiones
1537 1378 1584 1413 12

76 1459 227 1483 mecum
257 1445 446 1483 adversus
464 1446 672 1484 Antiatem
704 1446 855 1484 hostem
887 1446 1030 1483 ducere
1068 1446 1216 1496 placet:
1276 1451 1326 1485 te.
1353 1447 1401 1493 Q.
1426 1445 1514 1483 Ser·
1537 1446 1585 1482 13

74 1514 157 1559 vili,
187 1514 313 1552 altero
331 1515 506 1551 exercitu
531 1515 724 1552 instructo
750 1519 969 1564 paratoque
986 1515 1035 1552 ad
1059 1515 1198 1552 urbem
1215 1518 1345 1551 castra
1360 1514 1517 1560 habere,

75 1582 282 1628 intentum,
324 1583 406 1620 sive
436 1583 601 1620 Etruria
633 1597 673 1620 se
706 1583 876 1629 interim,
917 1587 962 1620 ut
992 1596 1131 1632 nuper,
1172 1582 1254 1619 sive
1291 1596 1393 1620 nova
1433 1583 1516 1619 haec

76 1664 181 1694 cura,
212 1650 349 1688 Latini
381 1656 500 1700 atque
517 1651 687 1688 Hernici
709 1652 923 1689 moverint:
955 1665 1027 1701 pro
1052 1657 1158 1688 certo
1182 1652 1320 1695 liabeo,
1353 1651 1410 1688 ita
1433 1665 1516 1688 rem

74 1724 289 1767 gesturum,
320 1723 365 1756 ut
385 1724 511 1768 patre,
543 1733 616 1757 avo
639 1722 757 1768 teque
781 1720 868 1769 ipso
893 1733 937 1756 ac
962 1734 1028 1757 sex
1058 1719 1332 1757 tribunatibus
1351 1719 1515 1768 dignum

74 1791 143 1824 est.
189 1786 350 1825 Tertius
375 1788 571 1825 exercitus
597 1802 644 1825 ex
677 1788 868 1825 causariis
892 1789 1194 1837 senioribusque
1217 1803 1240 1825 a
1263 1787 1308 1824 L.
1326 1787 1516 1835 Quinctio
1538 1786 1588 1823 14

74 1855 283 1899 scribatur,
330 1856 399 1905 qui
439 1856 532 1893 urbi
571 1856 847 1905 moenibusque
889 1857 1077 1906 praesidio
1120 1857 1183 1893 sit.
1245 1856 1290 1893 L.
1322 1856 1517 1894 Horatius

74 1936 194 1970 arma,
234 1923 325 1970 tela,
365 1924 619 1971 frumentum,
661 1938 827 1974 quaeque
870 1924 949 1961 alia
989 1925 1083 1962 belli
1125 1929 1306 1973 tempora
1344 1929 1518 1974 poscent,

74 1991 296 2040 provideat.
357 1992 424 2039 Te,
456 1991 539 2030 Ser.
571 1992 743 2037 Corneli.
776 1992 984 2041 praesidem
1016 1993 1134 2029 huius
1166 1993 1316 2042 publici
1349 1994 1517 2040 consilii,
1539 1992 1587 2027 15

77 2060 279 2097 custodem
304 2060 554 2108 religionum,
588 2060 849 2105 comitiorum,
880 2060 1023 2109 legum,
1054 2074 1185 2097 rerum
1203 2061 1376 2098 omnium
1400 2063 1517 2100 urba-

73 2141 226 2175 narum,
258 2127 419 2176 collegae
451 2128 654 2166 facimus-⁴
719 2128 883 2165 (unctis
916 2129 956 2165 in
986 2133 1120 2178 partes
1152 2128 1327 2166 muneris
1358 2129 1420 2166 sui
1450 2130 1514 2167 be·
1538 2129 1584 2163 lb'

74 2195 194 2244 nigne
234 2195 520 2245 pollicentibus
561 2210 735 2246 operam,
777 2196 976 2242 Valerius,
1017 2197 1145 2234 socius
1187 2197 1344 2246 imperii
1385 2197 1519 2243 lectus.

74 2264 234 2306 adiecit,
265 2264 319 2301 M.
351 2264 519 2302 Furium
551 2265 627 2301 sibi
660 2278 732 2314 pro
765 2265 963 2302 dictatore
1003 2278 1122 2314 seque
1154 2265 1190 2302 ei
1222 2279 1294 2315 pro
1326 2265 1516 2314 magistro

75 2333 252 2381 equitum
293 2333 494 2370 futurum:
536 2333 716 2382 proinde,
758 2346 874 2382 quam
907 2333 1135 2383 opinionem
1169 2333 1216 2370 de
1247 2333 1364 2369 unico
1397 2333 1516 2382 impe·
1541 2332 1587 2368 17

74 2403 218 2447 ratore,
257 2414 343 2437 eam
384 2414 492 2449 spem
525 2400 573 2436 de
611 2401 717 2438 bello
756 2401 960 2438 haberent.
1022 2399 1072 2438 Se
1103 2415 1196 2438 vero
1228 2401 1327 2438 bene
1359 2414 1518 2450 sperare

29 2464 39 2470 ⁸
75 2471 206 2516 patres
238 2472 277 2506 et
308 2467 357 2505 de
388 2468 493 2505 bello
535 2472 572 2504 et
605 2469 654 2506 (le
693 2482 789 2518 pace
827 2469 1091 2518 universaque
1130 2483 1171 2506 re
1203 2469 1363 2518 publica
1397 2469 1515 2506 crecti

75 2535 223 2582 gaudio
254 2537 438 2582 fremunt,
470 2550 540 2573 nec
573 2537 768 2574 dictatore
798 2550 973 2586 unquam
1001 2551 1099 2587 opus
1130 2538 1214 2574 fore
1245 2538 1301 2574 rei
1334 2537 1515 2586 publicae,
1539 2538 1585 2573 18

76 2602 110 2638 si
139 2603 239 2640 tales
269 2605 376 2642 viros
419 2605 458 2641 in
490 2605 729 2654 magistratu
761 2605 917 2652 habeat,
953 2609 1035 2642 tam
1068 2605 1330 2642 concordibus
1364 2605 1518 2642 iunctos
