1821 2928
376 198 453 235 186
826 210 914 235 Liber
927 210 980 235 1x.
1017 209 1064 238 (A.
1084 217 1112 234 u.
1132 216 1157 235 e.
1176 211 1246 238 444.)

316 335 429 359 omen
447 322 550 359 diem
569 323 728 369 diffidit,
760 323 866 373 quod
884 324 1035 361 Faucia
1062 325 1171 362 curia
1197 325 1275 361 fuit.
1298 324 1554 374 principium,
1585 323 1738 362 duabus

318 390 487 438 insignis
519 391 711 438 cladibus,
751 396 876 442 captae
907 393 1020 430 urbis
1052 396 1090 429 et
1122 392 1312 430 Caudinae
1343 393 1466 443 pacis,
1497 391 1603 442 quod
1633 395 1741 430 utro-

220 490 223 493 .
253 459 300 495 16
319 472 393 507 que
424 472 527 496 anno
559 460 736 497 eiusdem
769 461 888 497 curiae
918 461 1047 498 fuerat
1083 461 1337 510 principium.
1395 461 1531 499 Macer
1560 460 1742 498 Licinius

315 527 434 564 tertia
481 528 601 564 etiam
647 528 769 575 clade,
813 542 899 578 quae
938 529 989 567 ad
1021 528 1245 566 Cremeram
1286 533 1448 579 accepta
1479 533 1547 576 est,
1592 528 1741 566 abomi-

185 589 241 636 39
322 595 495 632 nandam
526 609 612 633 eam
645 597 794 634 curiam
832 597 940 634 facit.
1013 597 1201 634 Dictator
1245 601 1404 648 postero
1451 597 1514 635 die
1551 596 1742 646 auspiciis

318 663 502 713 repetitis
534 665 700 720 pertulit
732 666 870 713 legem,
909 669 946 702 et
977 665 1176 714 profectus
1208 679 1294 702 cum
1326 665 1552 714 legionibus
1584 664 1635 702 ad
1664 667 1742 702 ter-

319 743 444 767 rorem
476 732 654 769 traducti
696 733 837 770 silvam
869 734 1082 771 Ciminiam
1114 734 1312 771 exercitus
1343 747 1469 783 nuper
1499 733 1660 782 scriptis
1691 732 1743 770 ad

277 798 541 848 2Longulam
572 802 773 850 pervenit,
811 802 1064 851 acceptisque
1101 816 1123 839 a
1153 802 1308 839 Marcio
1346 802 1505 839 consule
1542 800 1743 838 veteribus

317 862 512 905 militibus
546 869 585 905 in
617 869 741 906 aciem
773 870 907 919 copias
939 869 1089 907 eduxit.
1150 870 1231 907 Nec
1262 869 1394 907 hostes
1421 870 1643 907 detrectare
1665 868 1742 906 visi

316 949 501 984 pugnam.
575 937 798 975 'instructos
843 937 988 975 deiude
1034 942 1305 987 armatosque,
1353 950 1471 987 quum
1511 937 1560 975 ab
1591 936 1742 974 neutris

279 1003 501 1052 3proelium
540 1005 746 1055 inciperet,
787 1019 865 1043 nox
907 1006 1115 1056 oppressit.
1189 1007 1326 1053 Quieti
1364 1005 1629 1055 aliquamdiu,
1672 1017 1743 1042 nec

317 1072 395 1108 suis
429 1073 655 1111 diffidentes
685 1073 840 1111 viribus
871 1088 942 1111 nec
972 1074 1124 1111 hostem
1155 1079 1393 1124 spernentes,
1424 1073 1570 1111 stativa
1593 1073 1635 1110 in
1651 1085 1740 1122 pro-

320 1140 470 1189 pinquo
502 1142 686 1179 habuere.
719 1139 812 1162 *W*

278 1206 302 1241 4
432 1208 533 1246 Nam
574 1214 611 1246 et
653 1224 742 1248 cum
772 1211 1015 1248 Umbrorum
1047 1211 1223 1247 exercitu
1253 1211 1336 1248 acie
1368 1210 1638 1260 depugnatum
1669 1210 1745 1254 est,

320 1276 397 1313 fusi
428 1280 561 1314 tamen
592 1278 717 1327 magis
759 1291 877 1327 quam
917 1279 1006 1315 caesi
1047 1279 1197 1317 hostes.
1245 1278 1339 1328 quia
1384 1282 1552 1328 emptam
1597 1275 1743 1314 acriter

280 1342 396 1381 511011
442 1345 663 1383 tolerarunt
708 1360 901 1395 pugnam3
948 1351 985 1384 et
1030 1347 1080 1384 ad
1121 1346 1360 1384 Vadimonis
1404 1346 1534 1383 lacum
1572 1344 1744 1390 Etrusci,

319 1412 406 1461 lege
438 1419 593 1452 sacrata
624 1418 760 1452 coacto
793 1415 980 1461 exercitu,
1012 1429 1132 1465 quum
1147 1416 1210 1453 vir
1226 1415 1358 1452 virum
1383 1414 1554 1463 legisset,
1586 1411 1744 1462 quantis

319 1494 520 1530 nunquam
551 1483 651 1520 alias
683 1487 784 1529 ante,
816 1484 934 1520 simul
966 1483 1104 1533 copiis,
1146 1483 1263 1520 simul
1304 1483 1446 1520 animis
1484 1481 1743 1527 dimicarunt3

281 1548 510 1598 Otantoque
543 1550 691 1588 irarum
723 1553 938 1589 certamine
969 1555 1078 1600 gesta
1109 1565 1170 1588 res
1202 1556 1277 1598 est,
1308 1554 1351 1588 ut
1382 1551 1431 1588 ab
1462 1553 1603 1587 neutra
1631 1550 1746 1598 parte

321 1617 461 1654 emissa
506 1618 585 1655 sint
630 1620 722 1657 tela.
781 1618 956 1657 Gladiis
993 1633 1128 1669 pugna
1168 1620 1299 1670 coepit,
1339 1623 1377 1656 et-
1416 1618 1606 1656 acerrime
1643 1629 1745 1653 com-

321 1685 440 1722 missa
486 1686 570 1735 ipso
617 1688 848 1734 certamine,
901 1687 1007 1737 quod
1054 1687 1302 1737 aliquamdiu
1348 1699 1491 1736 anceps
1535 1685 1631 1732 fuit,
1683 1697 1745 1721 ac·

321 1766 435 1791 censa
467 1757 537 1801 est,
567 1758 610 1791 ut
640 1768 719 1791 non
751 1769 838 1792 cum
868 1754 1050 1792 Etruscis
1080 1756 1200 1792 toties
1230 1754 1362 1800 victis,
1393 1754 1461 1791 sed
1493 1766 1579 1790 cum
1610 1751 1745 1801 aliqua

285 1819 423 1859 Tilox-a
470 1828 584 1871 gente
621 1823 825 1860 videretur
867 1823 1072 1861 dimicatio
1111 1837 1204 1860 esse.
1278 1822 1392 1860 Nihil
1433 1822 1482 1859 ab
1512 1820 1596 1858 ulla
1632 1822 1746 1869 parte

322 1894 501 1927 movetur
532 1891 655 1939 fugae,
702 1891 849 1928 cadunt
879 1892 1131 1939 antesignani
1164 1894 1212 1937 et,
1257 1904 1305 1927 ne
1343 1890 1543 1927 nudentur
1572 1899 1745 1938 propug-

282 1955 530 1995 Snatoribus
576 1959 709 2007 signa,
748 1959 792 1996 fit
833 1973 880 1996 ex
920 1960 1092 1997 secunda
1132 1959 1259 2009 prima
1300 1959 1414 1995 acies.
1486 1957 1554 1995 Ab
1594 1955 1747 1993 ultimis

323 2025 466 2062 deinde
498 2026 686 2063 subsidiis
718 2027 844 2064 cietur
874 2028 1008 2075 miles3
1040 2028 1218 2077 adeoque
1249 2026 1299 2063 ad
1324 2026 1510 2063 ultimum
1534 2024 1683 2062 laboris
1700 2036 1744 2060 ae

322 2094 489 2143 periculi
528 2098 689 2131 ventum
734 2098 803 2134 est,
848 2098 892 2132 ut
923 2096 1076 2145 equites
1106 2095 1296 2141 Romani,
1341 2093 1495 2132 omissis
1526 2092 1649 2142 equis,
1695 2090 1746 2128 ad

321 2162 470 2211 primos
516 2162 674 2199 ordines
719 2163 899 2212 peditum
935 2178 1006 2214 per
1052 2178 1178 2211 arma,
1223 2177 1293 2212 per
1337 2175 1507 2211 corpora
1536 2159 1745 2199 evaserint.

322 2229 380 2266 Ea
410 2230 517 2267 velut
549 2244 651 2267 nova
683 2231 786 2269 inter
816 2232 937 2269 fessos
978 2235 1113 2268 exorta
1143 2231 1245 2268 acies
1275 2230 1457 2268 turbavit
1486 2230 1599 2278 signa
1627 2227 1746 2266 Etru-

286 2300 307 2332 ,Ο
326 2311 498 2344 scorum,
530 2302 663 2335 secuta
690 2299 834 2336 deinde
856 2300 1047 2349 impetum
1074 2313 1218 2345 eorum,
1249 2303 1449 2348 utcunque
1480 2297 1620 2335 affecta
1650 2298 1746 2342 erat,

259 2369 307 2404 10
325 2370 455 2403 cetera
499 2366 712 2404 multitudo
751 2367 913 2404 tandem
943 2367 1165 2417 perrumpit
1204 2367 1362 2405 ordines
1392 2366 1575 2404 hostium.
1633 2362 1746 2400 Tunc

322 2434 428 2471 vinci
460 2435 682 2484 pertinacia
713 2440 839 2484 coepta
870 2439 907 2471 et
939 2436 1068 2472 averti
1098 2436 1292 2486 manipuli
1324 2435 1498 2484 quidam,
1537 2436 1586 2479 et,
1616 2434 1662 2469 ut
1690 2443 1747 2467 se-

256 2505 302 2540 ll
323 2503 399 2539 mel
431 2503 575 2540 dedere
603 2507 728 2552 terga,
761 2503 881 2539 etiam
913 2503 1120 2540 certiorem
1154 2517 1356 2553 capessere
1377 2502 1523 2551 fugam.
1567 2499 1644 2537 Ille
1659 2498 1746 2548 ‘pri-

323 2585 428 2608 mum
461 2572 545 2608 dies
575 2570 733 2608 fortuna
763 2574 894 2607 vetere
926 2571 1173 2608 abundantes
1203 2571 1462 2615 Etruscorum
1490 2568 1612 2616 fregit
1642 2579 1747 2616 opes.

325 2639 475 2676 Caesum
508 2639 548 2675 in
581 2638 675 2684 acie,
708 2638 814 2688 quod
844 2639 998 2676 roboris
1030 2639 1125 2684 fuit;
1157 2643 1286 2675 castra
1305 2637 1439 2675 eodem
1464 2637 1615 2686 impetu
1631 2637 1748 2684 capta

326 2707 574 2756 direptaque.
