1821 2928
297 159 375 196 116
687 155 801 190 Liber
826 155 877 189 11.
925 157 984 198 (A.
1010 167 1046 190 u.
1072 168 1101 191 c.
1127 157 1333 200 281—283.)

294 282 442 320 iubent.
508 282 740 332 „Provoco“
776 283 910 332 inquit
943 284 1018 330 „ad
1051 284 1264 334 populum“
1300 283 1463 332 Volero,
1514 285 1725 334 „quoniam

292 354 445 391 tribuni
477 354 602 391 civem
634 354 856 392 Romanum
889 355 929 392 in
960 360 1174 406 conspectu
1205 368 1276 392 suo
1308 355 1432 404 virgis
1456 355 1555 393 caedi
1571 356 1727 394 malunt

293 438 410 475 quam
457 425 533 476 ipsi
579 426 620 464 in
666 427 768 464 lecto
815 440 885 465 suo
931 440 953 464 a
997 428 1110 465 vobis
1148 427 1359 466 trucidari.
1429 427 1516 474 Quo
1556 427 1726 466 ferocius

254 499 276 534 6
297 497 540 546 clamitabat,
575 511 620 534 eo
646 498 828 536 infestius
854 498 1186 537 circumscindere
1203 502 1242 536 et
1257 499 1430 549 spoliare
1447 499 1578 538 lictor.
1624 499 1724 537 Tum

294 568 454 615 Volero,
487 573 526 606 et
556 570 775 619 praevalens
808 571 892 620 ipse
923 574 963 608 et
993 570 1278 608 adiuvantibus
1310 570 1524 617 advocatis,
1565 571 1726 621 repulso

292 640 447 686 lictore,
479 641 548 678 ubi
581 641 879 691 indignantium
909 655 983 691 pro
1014 655 1054 679 se
1079 643 1294 680 acerrimus
1319 646 1406 681 erat
1427 643 1589 690 clamor,
1623 656 1668 680 eo
1685 656 1727 681 se

254 715 274 749 7
295 712 334 749 in
360 712 519 750 turbam
537 713 867 751 confertissimam
884 714 1039 763 recipit,
1070 714 1295 752 clamitans:
1331 714 1536 760 „Provoco
1553 718 1594 752 et
1608 714 1726 752 fidem

292 784 424 834 plebis
443 784 624 834 imploro.
671 785 839 833 Adeste,
866 786 990 831 cives3
1023 785 1171 835 adeste,
1197 786 1504 833 commilitones;
1536 786 1637 824 nihil
1653 790 1726 836 est,

294 855 401 905 quod
440 857 677 906 exspectetis
714 857 911 901 tribunos,
957 858 1103 908 quibus
1144 858 1243 908 ipsis
1281 861 1411 895 vestro
1442 858 1594 896 auxilio
1627 871 1726 909 opus

253 929 391 966 8est.“
457 928 657 967 Concitati
705 929 884 967 homines
928 930 1054 967 veluti
1100 929 1150 967 ad
1194 930 1381 979 proelium
1419 943 1460 967 se
1498 930 1725 980 expediunt,

294 1000 602 1050 apparebatque,
635 1014 750 1039 omne
782 1001 995 1039 discrimen
1027 1001 1185 1050 adesse3
1218 1001 1319 1038 nihil
1345 1001 1531 1051 cuiquam
1548 1006 1726 1040 sanctum

254 1074 373 1109 9non
405 1071 556 1121 publici
589 1073 684 1118 fore,
725 1087 804 1111 non
845 1073 995 1123 privati
1033 1074 1142 1112 iuris.
1204 1073 1311 1111 Huic
1349 1077 1469 1110 tantae
1499 1074 1727 1124 tempestati

294 1156 414 1193 quum
461 1157 501 1181 se
548 1144 727 1182 consules
773 1145 1023 1194 obtulissent,
1070 1146 1189 1184 facile
1236 1146 1393 1195 experti
1440 1148 1543 1192 sunt,
1586 1158 1727 1195 parum

292 1219 419 1253 tutam
453 1217 699 1253 maiestatem
733 1217 820 1254 sine
850 1217 1004 1254 viribus
1036 1230 1132 1256 esse.
1194 1217 1370 1255 Violatis
1409 1217 1634 1264 lictoribus,
1670 1217 1727 1254 fa.-

294 1288 426 1325 scibus
456 1288 607 1336 fractis,
641 1289 763 1326 eforo
782 1289 821 1325 in
840 1290 990 1326 curiam
1008 1290 1313 1339 compelluntur,
1343 1288 1499 1337 incerti,
1532 1291 1728 1338 quatenus

230 1360 279 1397 10
298 1359 448 1397 Volero
496 1364 699 1398 exerceret
737 1361 955 1399 victoriam.
1027 1360 1320 1398 Conticiscente
1359 1359 1502 1398 deinde
1537 1359 1726 1409 tumultu,

294 1444 415 1482 quum
433 1431 472 1468 in
490 1435 668 1469 senatum
688 1433 820 1470 vocari
837 1433 1055 1479 iussissent,
1088 1435 1310 1482 queruntur
1326 1431 1491 1469 iniurias
1515 1444 1619 1480 suas,
1646 1431 1726 1469 vim

229 1504 273 1539 11
295 1503 435 1552 plebis,
467 1503 683 1542 Voleronis
715 1505 933 1542 audaciam.
979 1505 1119 1541 Multis
1151 1504 1336 1541 ferociter
1359 1503 1476 1540 dictis
1504 1503 1728 1550 sententiis,

292 1575 421 1612 vicere
453 1576 638 1624 seniores,
672 1576 816 1626 quibus
848 1577 907 1613 ira
934 1580 1091 1626 patrum
1109 1575 1299 1614 adversus
1314 1575 1581 1613 temeritatem
1599 1574 1728 1624 plebis

294 1647 439 1684 certari
472 1661 549 1684 non
580 1648 744 1696 placuit.

166 1716 221 1763 56
409 1718 648 1757 Voleronem
689 1719 874 1768 amplexa
914 1720 1050 1756 favore
1081 1720 1194 1769 plebs
1226 1719 1419 1769 proximis
1450 1718 1622 1755 comitiis
1651 1717 1729 1766 tri-

91 1780 123 1805 Α..
136 1790 161 1806 ιι.
179 1789 203 1806 c.
219 1783 276 1807 282.

91 1823 122 1846 A.
143 1821 193 1846 Ch.
220 1824 277 1846 472.

252 1864 274 1899 2
294 1863 395 1899 rium
428 1863 610 1900 consules
635 1863 786 1901 habuit.
835 1862 1064 1912 Contraque
1092 1863 1265 1900 omnium
1282 1862 1520 1911 opinionem,
1551 1860 1728 1910 quicum

297 1790 446 1828 bunum
477 1790 588 1840 plebi
620 1795 728 1828 creat
758 1791 798 1828 in
831 1804 918 1827 eum
949 1804 1107 1830 annum.
1141 1791 1210 1840 qui
1242 1790 1288 1829 L.
1321 1790 1543 1837 Pinarium,
1574 1788 1622 1826 P.
1648 1789 1727 1826 Fu-

292 1935 482 1971 vexandis
536 1934 686 1984 prioris
733 1935 825 1971 anni
871 1934 1102 1971 consulibus
1147 1934 1432 1983 permissurum
1477 1933 1728 1971 tribunatum

293 2006 520 2054 credebant,
561 2011 652 2056 post
688 2006 886 2056 publicam
926 2019 1084 2043 causam
1125 2005 1281 2055 privato
1323 2005 1459 2042 dolore
1489 2004 1642 2049 habito,
1679 2016 1728 2040 ne

293 2077 415 2114 verbo
442 2078 602 2127 quidem
620 2078 780 2115 violatis
797 2078 1034 2123 consulibus,
1060 2078 1307 2126 rogationem
1331 2077 1428 2114 tulit
1455 2076 1508 2114 ad
1523 2075 1726 2126 populum,

255 2150 277 2185 3
296 2152 339 2185 ut
370 2149 518 2198 plebeii
551 2150 808 2198 magistratus
840 2149 1004 2186 tributis
1035 2148 1210 2186 comitiis
1241 2148 1392 2186 fierent.
1454 2147 1575 2185 Haud
1605 2159 1730 2196 parva

294 2234 357 2257 res
388 2221 461 2257 sub
492 2221 613 2258 titulo
645 2221 773 2270 prima
805 2221 938 2271 specie
969 2221 1130 2258 minime
1162 2220 1289 2257 atroci
1307 2220 1524 2265 ferebatur,
1554 2218 1623 2256 sed
1640 2230 1728 2267 quae

294 2292 474 2341 patriciis
521 2305 672 2329 omnem
711 2296 950 2342 potestatem
989 2305 1061 2341 per
1101 2292 1302 2328 clientium
1335 2291 1523 2340 suffragia
1553 2289 1729 2332 creandi,

256 2366 279 2399 4
299 2375 396 2412 quos
426 2363 585 2407 vellent,
618 2362 803 2400 tribunos
831 2364 1016 2401 auferret.
1066 2363 1173 2400 Huic
1196 2363 1344 2400 actioni
1359 2362 1598 2411 gratissimae
1614 2361 1726 2411 plebi

297 2447 417 2484 quum
465 2447 615 2470 summa
652 2434 691 2469 vi
732 2434 965 2472 resisterent
1005 2439 1155 2484 patres,
1203 2448 1295 2480 nec,
1342 2447 1429 2482 quae
1466 2446 1545 2469 una
1580 2432 1646 2469 via
1677 2431 1726 2468 ad

296 2505 557 2543 resistendum
587 2508 681 2551 erat,
708 2508 752 2541 ut
770 2505 1039 2543 intercederet
1055 2506 1201 2555 aliquis
1219 2518 1265 2541 ex
1283 2505 1462 2553 collegio,
1490 2504 1726 2540 auctoritate

297 2580 365 2614 aut
406 2577 607 2613 consulum
650 2580 719 2613 aut
757 2577 982 2625 principum
1021 2576 1166 2613 adduci
1203 2579 1348 2626 posset,
1392 2588 1455 2612 res
1493 2579 1624 2612 tamen
1655 2588 1726 2613 suo

262 2649 284 2685 5
305 2648 391 2697 ipsa
422 2648 624 2686 molimine
641 2648 773 2696 gravis
790 2647 1072 2684 certaminibus
1095 2647 1135 2683 in
1160 2660 1304 2684 annum
1321 2646 1558 2684 extrahitur.
1602 2645 1727 2684 Plebs

299 2719 539 2757 Voleronem
571 2719 776 2756 tribunum
808 2717 955 2764 reficit;
987 2722 1131 2767 patres,
1163 2717 1213 2754 ad
1244 2718 1426 2754 ultimum
1460 2717 1727 2756 dimicationis
