<?xml version="1.0" encoding="UTF-8"?>
<!DOCTYPE html PUBLIC "-//W3C//DTD XHTML 1.0 Transitional//EN"
    "http://www.w3.org/TR/xhtml1/DTD/xhtml1-transitional.dtd">
<html xmlns="http://www.w3.org/1999/xhtml" xml:lang="en" lang="en">
 <head>
  <title>
</title>
<meta http-equiv="Content-Type" content="text/html;charset=utf-8" />
  <meta name='ocr-system' content='tesseract 3.04.00' />
  <meta name='ocr-capabilities' content='ocr_page ocr_carea ocr_par ocr_line ocrx_word'/>
</head>
<body>
  <div class='ocr_page' id='page_1' title='image "./historiarumroman01livyuoft_0097.png"; bbox 0 0 1821 2928; ppageno 0'>
   <div class='ocr_carea' id='block_1_1' title="bbox 584 89 1561 135">
    <p class='ocr_par' dir='ltr' id='par_1_1' title="bbox 584 89 1561 135">
     <span class='ocr_line' id='line_1_1' title="bbox 584 89 1561 135; baseline 0.008 -11"><span class='ocrx_word' id='word_1_1' title='bbox 584 90 701 125; x_wconf 87' lang='lat' dir='ltr'>Liber</span> <span class='ocrx_word' id='word_1_2' title='bbox 725 89 777 125; x_wconf 85' lang='lat'>11.</span> <span class='ocrx_word' id='word_1_3' title='bbox 831 91 892 134; x_wconf 90' lang='lat' dir='ltr'>(A.</span> <span class='ocrx_word' id='word_1_4' title='bbox 922 89 986 124; x_wconf 89' lang='lat' dir='ltr'>Ch.</span> <span class='ocrx_word' id='word_1_5' title='bbox 1012 90 1106 135; x_wconf 88' lang='lat'>508.)</span> <span class='ocrx_word' id='word_1_6' title='bbox 1513 96 1561 132; x_wconf 90' lang='lat'>71</span> 
     </span>
    </p>
   </div>
   <div class='ocr_carea' id='block_1_2' title="bbox 118 217 1641 2722">
    <p class='ocr_par' dir='ltr' id='par_1_2' title="bbox 118 217 1641 2722">
     <span class='ocr_line' id='line_1_2' title="bbox 120 217 1563 265; baseline 0.001 -8"><span class='ocrx_word' id='word_1_7' title='bbox 120 219 250 257; x_wconf 84' lang='lat' dir='ltr'>stibus</span> <span class='ocrx_word' id='word_1_8' title='bbox 275 217 397 265; x_wconf 84' lang='lat' dir='ltr'>dedit,</span> <span class='ocrx_word' id='word_1_9' title='bbox 423 218 464 255; x_wconf 91' lang='lat' dir='ltr'>ni</span> <span class='ocrx_word' id='word_1_10' title='bbox 489 230 591 255; x_wconf 90' lang='lat' dir='ltr'>unus</span> <span class='ocrx_word' id='word_1_11' title='bbox 617 217 681 255; x_wconf 89' lang='lat' dir='ltr'>vir</span> <span class='ocrx_word' id='word_1_12' title='bbox 705 217 859 264; x_wconf 83' lang='lat' dir='ltr'>fuisset,</span> <span class='ocrx_word' id='word_1_13' title='bbox 882 217 1077 256; x_wconf 83' lang='lat' dir='ltr'><strong>Horatius</strong></span> <span class='ocrx_word' id='word_1_14' title='bbox 1095 217 1258 265; x_wconf 88' lang='lat' dir='ltr'>Cocles;</span> <span class='ocrx_word' id='word_1_15' title='bbox 1283 219 1323 256; x_wconf 93' lang='lat' dir='ltr'>id</span> <span class='ocrx_word' id='word_1_16' title='bbox 1342 220 1563 258; x_wconf 89' lang='lat' dir='ltr'>munimen-</span> 
     </span>
     <span class='ocr_line' id='line_1_3' title="bbox 120 289 1610 342; baseline 0.001 -14"><span class='ocrx_word' id='word_1_17' title='bbox 120 295 206 328; x_wconf 88' lang='lat' dir='ltr'>tum</span> <span class='ocrx_word' id='word_1_18' title='bbox 252 289 324 328; x_wconf 91' lang='lat' dir='ltr'>illo</span> <span class='ocrx_word' id='word_1_19' title='bbox 365 289 430 326; x_wconf 89' lang='lat' dir='ltr'>die</span> <span class='ocrx_word' id='word_1_20' title='bbox 469 289 631 327; x_wconf 87' lang='lat' dir='ltr'>fortuna</span> <span class='ocrx_word' id='word_1_21' title='bbox 670 289 786 327; x_wconf 92' lang='lat' dir='ltr'>urbis</span> <span class='ocrx_word' id='word_1_22' title='bbox 817 289 1010 327; x_wconf 85' lang='lat' dir='ltr'>Romanae</span> <span class='ocrx_word' id='word_1_23' title='bbox 1049 290 1204 329; x_wconf 84' lang='lat' dir='ltr'>habuit.</span> <span class='ocrx_word' id='word_1_24' title='bbox 1295 290 1375 338; x_wconf 80' lang='lat' dir='ltr'>Qui</span> <span class='ocrx_word' id='word_1_25' title='bbox 1413 292 1610 342; x_wconf 85' lang='lat' dir='ltr'>positus3</span> 
     </span>
     <span class='ocr_line' id='line_1_4' title="bbox 121 361 1567 414; baseline 0.001 -14"><span class='ocrx_word' id='word_1_26' title='bbox 121 362 225 400; x_wconf 88' lang='lat' dir='ltr'>forte</span> <span class='ocrx_word' id='word_1_27' title='bbox 254 361 295 399; x_wconf 92' lang='lat' dir='ltr'>in</span> <span class='ocrx_word' id='word_1_28' title='bbox 312 362 484 400; x_wconf 86' lang='lat' dir='ltr'>statione</span> <span class='ocrx_word' id='word_1_29' title='bbox 509 361 659 412; x_wconf 88' lang='lat' dir='ltr'>pontis,</span> <span class='ocrx_word' id='word_1_30' title='bbox 688 374 810 411; x_wconf 89' lang='lat' dir='ltr'>quum</span> <span class='ocrx_word' id='word_1_31' title='bbox 827 364 987 411; x_wconf 87' lang='lat' dir='ltr'>captum</span> <span class='ocrx_word' id='word_1_32' title='bbox 1005 363 1215 412; x_wconf 87' lang='lat' dir='ltr'>repentino</span> <span class='ocrx_word' id='word_1_33' title='bbox 1234 363 1386 414; x_wconf 89' lang='lat' dir='ltr'>impetu</span> <span class='ocrx_word' id='word_1_34' title='bbox 1402 363 1567 402; x_wconf 84' lang='lat' dir='ltr'>Ianicu-</span> 
     </span>
     <span class='ocr_line' id='line_1_5' title="bbox 119 432 1566 486; baseline 0.002 -15"><span class='ocrx_word' id='word_1_35' title='bbox 119 434 202 471; x_wconf 92' lang='lat' dir='ltr'>lum</span> <span class='ocrx_word' id='word_1_36' title='bbox 234 436 355 483; x_wconf 83' lang='lat' dir='ltr'>atque</span> <span class='ocrx_word' id='word_1_37' title='bbox 384 433 478 471; x_wconf 91' lang='lat' dir='ltr'>inde</span> <span class='ocrx_word' id='word_1_38' title='bbox 503 433 648 472; x_wconf 87' lang='lat' dir='ltr'>citatos</span> <span class='ocrx_word' id='word_1_39' title='bbox 675 433 886 471; x_wconf 88' lang='lat' dir='ltr'>decurrere</span> <span class='ocrx_word' id='word_1_40' title='bbox 914 432 1049 472; x_wconf 85' lang='lat' dir='ltr'>hostes</span> <span class='ocrx_word' id='word_1_41' title='bbox 1074 433 1253 483; x_wconf 84' lang='lat' dir='ltr'>vidisset,</span> <span class='ocrx_word' id='word_1_42' title='bbox 1285 435 1566 486; x_wconf 79' lang='lat' dir='ltr'>trepidamque</span> 
     </span>
     <span class='ocr_line' id='line_1_6' title="bbox 118 505 1566 556; baseline 0.002 -12"><span class='ocrx_word' id='word_1_43' title='bbox 118 505 278 544; x_wconf 78' lang='lat' dir='ltr'>turbam</span> <span class='ocrx_word' id='word_1_44' title='bbox 303 518 464 543; x_wconf 87' lang='lat' dir='ltr'>suorum</span> <span class='ocrx_word' id='word_1_45' title='bbox 489 518 598 543; x_wconf 87' lang='lat' dir='ltr'>arma</span> <span class='ocrx_word' id='word_1_46' title='bbox 625 506 865 556; x_wconf 87' lang='lat' dir='ltr'>ordinesque</span> <span class='ocrx_word' id='word_1_47' title='bbox 891 506 1136 555; x_wconf 73' lang='lat' dir='ltr'>relinquere,</span> <span class='ocrx_word' id='word_1_48' title='bbox 1169 508 1459 556; x_wconf 87' lang='lat' dir='ltr'>reprehensans</span> <span class='ocrx_word' id='word_1_49' title='bbox 1487 509 1566 547; x_wconf 86' lang='lat' dir='ltr'>sin-</span> 
     </span>
     <span class='ocr_line' id='line_1_7' title="bbox 122 577 1567 628; baseline 0.002 -13"><span class='ocrx_word' id='word_1_50' title='bbox 122 578 249 628; x_wconf 85' lang='lat' dir='ltr'>gulos,</span> <span class='ocrx_word' id='word_1_51' title='bbox 286 577 487 615; x_wconf 88' lang='lat' dir='ltr'>obsistens</span> <span class='ocrx_word' id='word_1_52' title='bbox 527 577 809 628; x_wconf 82' lang='lat' dir='ltr'>obtestansque</span> <span class='ocrx_word' id='word_1_53' title='bbox 842 578 959 615; x_wconf 89' lang='lat' dir='ltr'>deum</span> <span class='ocrx_word' id='word_1_54' title='bbox 991 581 1030 615; x_wconf 92' lang='lat' dir='ltr'>et</span> <span class='ocrx_word' id='word_1_55' title='bbox 1060 577 1265 615; x_wconf 87' lang='lat' dir='ltr'>hominum</span> <span class='ocrx_word' id='word_1_56' title='bbox 1297 579 1415 617; x_wconf 89' lang='lat' dir='ltr'>fidem</span> <span class='ocrx_word' id='word_1_57' title='bbox 1447 583 1567 618; x_wconf 85' lang='lat' dir='ltr'>testa-</span> 
     </span>
     <span class='ocr_line' id='line_1_8' title="bbox 121 650 1610 701; baseline 0.001 -13"><span class='ocrx_word' id='word_1_58' title='bbox 121 650 253 700; x_wconf 80' lang='lat' dir='ltr'>batur,</span> <span class='ocrx_word' id='word_1_59' title='bbox 286 650 555 700; x_wconf 84' lang='lat' dir='ltr'>nequicquam</span> <span class='ocrx_word' id='word_1_60' title='bbox 587 650 745 689; x_wconf 80' lang='lat' dir='ltr'>deserto</span> <span class='ocrx_word' id='word_1_61' title='bbox 776 650 968 701; x_wconf 88' lang='lat' dir='ltr'>praesidio</span> <span class='ocrx_word' id='word_1_62' title='bbox 1001 662 1067 687; x_wconf 92' lang='lat' dir='ltr'>eos</span> <span class='ocrx_word' id='word_1_63' title='bbox 1098 650 1257 699; x_wconf 66' lang='lat' dir='ltr'>fugere,</span> <span class='ocrx_word' id='word_1_64' title='bbox 1289 651 1322 688; x_wconf 90' lang='lat' dir='ltr'>si</span> <span class='ocrx_word' id='word_1_65' title='bbox 1352 652 1610 690; x_wconf 87' lang='lat' dir='ltr'>transitum4</span> 
     </span>
     <span class='ocr_line' id='line_1_9' title="bbox 119 722 1567 773; baseline 0.002 -13"><span class='ocrx_word' id='word_1_66' title='bbox 119 725 283 773; x_wconf 89' lang='lat' dir='ltr'>pontem</span> <span class='ocrx_word' id='word_1_67' title='bbox 314 736 337 760; x_wconf 87' lang='lat' dir='ltr'>a</span> <span class='ocrx_word' id='word_1_68' title='bbox 366 726 480 771; x_wconf 91' lang='lat' dir='ltr'>tergo</span> <span class='ocrx_word' id='word_1_69' title='bbox 512 723 783 772; x_wconf 79' lang='lat' dir='ltr'>reliquissent,</span> <span class='ocrx_word' id='word_1_70' title='bbox 814 723 893 761; x_wconf 89' lang='lat' dir='ltr'>iam</span> <span class='ocrx_word' id='word_1_71' title='bbox 919 722 1011 773; x_wconf 90' lang='lat' dir='ltr'>plus</span> <span class='ocrx_word' id='word_1_72' title='bbox 1035 722 1209 760; x_wconf 89' lang='lat' dir='ltr'>hostium</span> <span class='ocrx_word' id='word_1_73' title='bbox 1235 723 1278 760; x_wconf 92' lang='lat' dir='ltr'>in</span> <span class='ocrx_word' id='word_1_74' title='bbox 1302 723 1465 763; x_wconf 85' lang='lat' dir='ltr'>Palatio</span> <span class='ocrx_word' id='word_1_75' title='bbox 1492 724 1567 763; x_wconf 87' lang='lat' dir='ltr'>Ca-</span> 
     </span>
     <span class='ocr_line' id='line_1_10' title="bbox 119 794 1564 846; baseline 0.002 -14"><span class='ocrx_word' id='word_1_76' title='bbox 119 795 344 846; x_wconf 88' lang='lat' dir='ltr'>pitolioque</span> <span class='ocrx_word' id='word_1_77' title='bbox 376 808 495 844; x_wconf 86' lang='lat' dir='ltr'>quam</span> <span class='ocrx_word' id='word_1_78' title='bbox 525 795 567 832; x_wconf 89' lang='lat' dir='ltr'>in</span> <span class='ocrx_word' id='word_1_79' title='bbox 591 795 770 834; x_wconf 89' lang='lat' dir='ltr'>Ianiculo</span> <span class='ocrx_word' id='word_1_80' title='bbox 801 794 898 832; x_wconf 89' lang='lat' dir='ltr'>fore.</span> <span class='ocrx_word' id='word_1_81' title='bbox 943 794 1090 845; x_wconf 89' lang='lat' dir='ltr'>Itaque</span> <span class='ocrx_word' id='word_1_82' title='bbox 1122 808 1296 841; x_wconf 89' lang='lat' dir='ltr'>monere,</span> <span class='ocrx_word' id='word_1_83' title='bbox 1328 797 1564 846; x_wconf 76' lang='lat' dir='ltr'>praedicere.</span> 
     </span>
     <span class='ocr_line' id='line_1_11' title="bbox 120 866 1566 918; baseline 0.001 -13"><span class='ocrx_word' id='word_1_84' title='bbox 120 871 164 906; x_wconf 90' lang='lat' dir='ltr'>ut</span> <span class='ocrx_word' id='word_1_85' title='bbox 190 871 354 918; x_wconf 91' lang='lat' dir='ltr'>pontem</span> <span class='ocrx_word' id='word_1_86' title='bbox 377 867 496 916; x_wconf 86' lang='lat' dir='ltr'>ferro,</span> <span class='ocrx_word' id='word_1_87' title='bbox 529 867 627 916; x_wconf 86' lang='lat' dir='ltr'>igni,</span> <span class='ocrx_word' id='word_1_88' title='bbox 660 879 897 917; x_wconf 86' lang='lat' dir='ltr'>quacunque</span> <span class='ocrx_word' id='word_1_89' title='bbox 919 867 961 905; x_wconf 84' lang='lat' dir='ltr'>vi</span> <span class='ocrx_word' id='word_1_90' title='bbox 984 866 1150 914; x_wconf 87' lang='lat' dir='ltr'>possint,</span> <span class='ocrx_word' id='word_1_91' title='bbox 1176 867 1494 918; x_wconf 71' lang='lat' dir='ltr'>interrumpantj.</span> <span class='ocrx_word' id='word_1_92' title='bbox 1525 882 1566 906; x_wconf 87' lang='lat' dir='ltr'>se</span> 
     </span>
     <span class='ocr_line' id='line_1_12' title="bbox 121 939 1566 991; baseline 0 -13"><span class='ocrx_word' id='word_1_93' title='bbox 121 940 314 990; x_wconf 88' lang='lat' dir='ltr'>impetum</span> <span class='ocrx_word' id='word_1_94' title='bbox 338 939 528 989; x_wconf 77' lang='lat' dir='ltr'>hostium,</span> <span class='ocrx_word' id='word_1_95' title='bbox 562 943 756 989; x_wconf 87' lang='lat' dir='ltr'>quantum</span> <span class='ocrx_word' id='word_1_96' title='bbox 781 952 948 989; x_wconf 90' lang='lat' dir='ltr'>corpore</span> <span class='ocrx_word' id='word_1_97' title='bbox 973 952 1053 976; x_wconf 90' lang='lat' dir='ltr'>uno</span> <span class='ocrx_word' id='word_1_98' title='bbox 1081 942 1216 989; x_wconf 86' lang='lat' dir='ltr'>posset</span> <span class='ocrx_word' id='word_1_99' title='bbox 1242 939 1396 987; x_wconf 87' lang='lat' dir='ltr'>obsisti,</span> <span class='ocrx_word' id='word_1_100' title='bbox 1428 953 1566 991; x_wconf 86' lang='lat' dir='ltr'>excep-</span> 
     </span>
     <span class='ocr_line' id='line_1_13' title="bbox 120 1011 1608 1062; baseline 0 -12"><span class='ocrx_word' id='word_1_101' title='bbox 120 1016 265 1050; x_wconf 89' lang='lat' dir='ltr'>turum.</span> <span class='ocrx_word' id='word_1_102' title='bbox 312 1011 441 1050; x_wconf 81' lang='lat' dir='ltr'>Vadit</span> <span class='ocrx_word' id='word_1_103' title='bbox 471 1012 564 1050; x_wconf 88' lang='lat' dir='ltr'>inde</span> <span class='ocrx_word' id='word_1_104' title='bbox 596 1012 636 1049; x_wconf 90' lang='lat' dir='ltr'>in</span> <span class='ocrx_word' id='word_1_105' title='bbox 668 1011 844 1061; x_wconf 90' lang='lat' dir='ltr'>primum</span> <span class='ocrx_word' id='word_1_106' title='bbox 876 1011 1028 1049; x_wconf 87' lang='lat' dir='ltr'>aditum</span> <span class='ocrx_word' id='word_1_107' title='bbox 1053 1012 1198 1062; x_wconf 89' lang='lat' dir='ltr'>pontis,</span> <span class='ocrx_word' id='word_1_108' title='bbox 1230 1011 1482 1062; x_wconf 85' lang='lat' dir='ltr'>insignisque</span> <span class='ocrx_word' id='word_1_109' title='bbox 1505 1011 1608 1050; x_wconf 85' lang='lat' dir='ltr'>in-5</span> 
     </span>
     <span class='ocr_line' id='line_1_14' title="bbox 120 1084 1567 1135; baseline 0.001 -13"><span class='ocrx_word' id='word_1_110' title='bbox 120 1088 183 1123; x_wconf 89' lang='lat' dir='ltr'>ter</span> <span class='ocrx_word' id='word_1_111' title='bbox 227 1088 441 1135; x_wconf 87' lang='lat' dir='ltr'>conspecta</span> <span class='ocrx_word' id='word_1_112' title='bbox 480 1084 706 1122; x_wconf 86' lang='lat' dir='ltr'>cedentium</span> <span class='ocrx_word' id='word_1_113' title='bbox 746 1097 883 1134; x_wconf 86' lang='lat' dir='ltr'>pugna</span> <span class='ocrx_word' id='word_1_114' title='bbox 923 1086 1039 1133; x_wconf 88' lang='lat' dir='ltr'>terga</span> <span class='ocrx_word' id='word_1_115' title='bbox 1078 1084 1257 1122; x_wconf 86' lang='lat' dir='ltr'>obversis</span> <span class='ocrx_word' id='word_1_116' title='bbox 1296 1084 1476 1122; x_wconf 87' lang='lat' dir='ltr'>cominus</span> <span class='ocrx_word' id='word_1_117' title='bbox 1516 1084 1567 1123; x_wconf 91' lang='lat' dir='ltr'>ad</span> 
     </span>
     <span class='ocr_line' id='line_1_15' title="bbox 122 1156 1567 1207; baseline -0.001 -12"><span class='ocrx_word' id='word_1_118' title='bbox 122 1157 340 1195; x_wconf 89' lang='lat' dir='ltr'>ineundum</span> <span class='ocrx_word' id='word_1_119' title='bbox 372 1157 558 1207; x_wconf 90' lang='lat' dir='ltr'>proelium</span> <span class='ocrx_word' id='word_1_120' title='bbox 590 1156 723 1204; x_wconf 85' lang='lat' dir='ltr'>armis,</span> <span class='ocrx_word' id='word_1_121' title='bbox 755 1156 842 1207; x_wconf 88' lang='lat' dir='ltr'>ipso</span> <span class='ocrx_word' id='word_1_122' title='bbox 874 1156 1067 1194; x_wconf 89' lang='lat' dir='ltr'>miraculo</span> <span class='ocrx_word' id='word_1_123' title='bbox 1093 1156 1274 1194; x_wconf 85' lang='lat' dir='ltr'>audaciae</span> <span class='ocrx_word' id='word_1_124' title='bbox 1299 1157 1567 1206; x_wconf 87' lang='lat' dir='ltr'>obstupefecit</span> 
     </span>
     <span class='ocr_line' id='line_1_16' title="bbox 120 1226 1608 1279; baseline -0.002 -11"><span class='ocrx_word' id='word_1_125' title='bbox 120 1229 267 1271; x_wconf 88' lang='lat' dir='ltr'>hostes.</span> <span class='ocrx_word' id='word_1_126' title='bbox 328 1228 442 1267; x_wconf 81' lang='lat' dir='ltr'>Duos</span> <span class='ocrx_word' id='word_1_127' title='bbox 483 1233 617 1267; x_wconf 85' lang='lat' dir='ltr'>tamen</span> <span class='ocrx_word' id='word_1_128' title='bbox 650 1242 739 1266; x_wconf 87' lang='lat' dir='ltr'>cum</span> <span class='ocrx_word' id='word_1_129' title='bbox 772 1242 817 1266; x_wconf 90' lang='lat' dir='ltr'>eo</span> <span class='ocrx_word' id='word_1_130' title='bbox 849 1229 979 1279; x_wconf 87' lang='lat' dir='ltr'>pudor</span> <span class='ocrx_word' id='word_1_131' title='bbox 1010 1229 1154 1277; x_wconf 88' lang='lat' dir='ltr'>tenuit,</span> <span class='ocrx_word' id='word_1_132' title='bbox 1199 1226 1268 1278; x_wconf 86' lang='lat' dir='ltr'>Sp.</span> <span class='ocrx_word' id='word_1_133' title='bbox 1299 1227 1488 1265; x_wconf 81' lang='lat' dir='ltr'>Larcium</span> <span class='ocrx_word' id='word_1_134' title='bbox 1521 1229 1608 1266; x_wconf 76' lang='lat' dir='ltr'>acss</span> 
     </span>
     <span class='ocr_line' id='line_1_17' title="bbox 120 1299 1607 1350; baseline -0.001 -11"><span class='ocrx_word' id='word_1_135' title='bbox 120 1300 167 1341; x_wconf 83' lang='lat' dir='ltr'>T.</span> <span class='ocrx_word' id='word_1_136' title='bbox 200 1301 466 1348; x_wconf 86' lang='lat' dir='ltr'>Herminium,</span> <span class='ocrx_word' id='word_1_137' title='bbox 497 1301 635 1340; x_wconf 89' lang='lat' dir='ltr'>ambos</span> <span class='ocrx_word' id='word_1_138' title='bbox 667 1301 795 1339; x_wconf 87' lang='lat' dir='ltr'>claros</span> <span class='ocrx_word' id='word_1_139' title='bbox 826 1314 970 1350; x_wconf 85' lang='lat' dir='ltr'>genere</span> <span class='ocrx_word' id='word_1_140' title='bbox 1001 1301 1209 1350; x_wconf 85' lang='lat' dir='ltr'>factisque.</span> <span class='ocrx_word' id='word_1_141' title='bbox 1258 1299 1358 1337; x_wconf 89' lang='lat' dir='ltr'>Cum</span> <span class='ocrx_word' id='word_1_142' title='bbox 1389 1300 1452 1337; x_wconf 88' lang='lat' dir='ltr'>his</span> <span class='ocrx_word' id='word_1_143' title='bbox 1484 1301 1564 1350; x_wconf 92' lang='lat' dir='ltr'>pri·</span> <span class='ocrx_word' id='word_1_144' title='bbox 1584 1301 1607 1337; x_wconf 93' lang='lat'><strong>7</strong></span> 
     </span>
     <span class='ocr_line' id='line_1_18' title="bbox 120 1372 1566 1424; baseline -0.001 -13"><span class='ocrx_word' id='word_1_145' title='bbox 120 1387 222 1411; x_wconf 79' lang='lat' dir='ltr'>mam</span> <span class='ocrx_word' id='word_1_146' title='bbox 267 1373 441 1424; x_wconf 88' lang='lat' dir='ltr'>periculi</span> <span class='ocrx_word' id='word_1_147' title='bbox 486 1373 705 1424; x_wconf 83' lang='lat' dir='ltr'>procellam</span> <span class='ocrx_word' id='word_1_148' title='bbox 752 1377 790 1410; x_wconf 90' lang='lat' dir='ltr'>et</span> <span class='ocrx_word' id='word_1_149' title='bbox 830 1373 937 1422; x_wconf 91' lang='lat' dir='ltr'>quod</span> <span class='ocrx_word' id='word_1_150' title='bbox 974 1372 1379 1410; x_wconf 87' lang='lat' dir='ltr'>tumultuosissimum</span> <span class='ocrx_word' id='word_1_151' title='bbox 1420 1385 1566 1422; x_wconf 86' lang='lat' dir='ltr'>pugnae</span> 
     </span>
     <span class='ocr_line' id='line_1_19' title="bbox 122 1444 1567 1496; baseline -0.001 -13"><span class='ocrx_word' id='word_1_152' title='bbox 122 1448 219 1491; x_wconf 81' lang='lat' dir='ltr'>erat,</span> <span class='ocrx_word' id='word_1_153' title='bbox 265 1459 482 1496; x_wconf 85' lang='lat' dir='ltr'>parumper</span> <span class='ocrx_word' id='word_1_154' title='bbox 522 1446 731 1491; x_wconf 67' lang='lat' dir='ltr'>sustinuit,</span> <span class='ocrx_word' id='word_1_155' title='bbox 778 1444 923 1482; x_wconf 91' lang='lat' dir='ltr'>deinde</span> <span class='ocrx_word' id='word_1_156' title='bbox 964 1458 1030 1482; x_wconf 91' lang='lat' dir='ltr'>eos</span> <span class='ocrx_word' id='word_1_157' title='bbox 1069 1458 1227 1495; x_wconf 90' lang='lat' dir='ltr'>quoque</span> <span class='ocrx_word' id='word_1_158' title='bbox 1258 1445 1378 1494; x_wconf 88' lang='lat' dir='ltr'>ipsos,</span> <span class='ocrx_word' id='word_1_159' title='bbox 1420 1444 1567 1494; x_wconf 81' lang='lat' dir='ltr'>exigua</span> 
     </span>
     <span class='ocr_line' id='line_1_20' title="bbox 122 1516 1567 1568; baseline -0.001 -13"><span class='ocrx_word' id='word_1_160' title='bbox 122 1521 236 1568; x_wconf 85' lang='lat' dir='ltr'>parte</span> <span class='ocrx_word' id='word_1_161' title='bbox 267 1517 401 1567; x_wconf 82' lang='lat' dir='ltr'>pontis</span> <span class='ocrx_word' id='word_1_162' title='bbox 433 1517 587 1567; x_wconf 83' lang='lat' dir='ltr'>relicta,</span> <span class='ocrx_word' id='word_1_163' title='bbox 619 1516 915 1563; x_wconf 86' lang='lat' dir='ltr'>revocantibus,</span> <span class='ocrx_word' id='word_1_164' title='bbox 950 1517 1020 1566; x_wconf 90' lang='lat' dir='ltr'>qui</span> <span class='ocrx_word' id='word_1_165' title='bbox 1037 1516 1332 1563; x_wconf 83' lang='lat' dir='ltr'>rescindebant,</span> <span class='ocrx_word' id='word_1_166' title='bbox 1365 1516 1507 1554; x_wconf 88' lang='lat' dir='ltr'>cedere</span> <span class='ocrx_word' id='word_1_167' title='bbox 1525 1516 1567 1554; x_wconf 90' lang='lat' dir='ltr'>in</span> 
     </span>
     <span class='ocr_line' id='line_1_21' title="bbox 120 1588 1611 1640; baseline -0.001 -13"><span class='ocrx_word' id='word_1_168' title='bbox 120 1592 252 1627; x_wconf 90' lang='lat' dir='ltr'>tutum</span> <span class='ocrx_word' id='word_1_169' title='bbox 284 1590 429 1640; x_wconf 88' lang='lat' dir='ltr'>coegit.</span> <span class='ocrx_word' id='word_1_170' title='bbox 491 1589 783 1628; x_wconf 87' lang='lat' dir='ltr'>Circumferens</span> <span class='ocrx_word' id='word_1_171' title='bbox 815 1589 909 1627; x_wconf 87' lang='lat' dir='ltr'>inde</span> <span class='ocrx_word' id='word_1_172' title='bbox 939 1592 1071 1626; x_wconf 89' lang='lat' dir='ltr'>truces</span> <span class='ocrx_word' id='word_1_173' title='bbox 1102 1588 1315 1626; x_wconf 84' lang='lat' dir='ltr'>minaciter</span> <span class='ocrx_word' id='word_1_174' title='bbox 1347 1589 1483 1627; x_wconf 87' lang='lat' dir='ltr'>oculos</span> <span class='ocrx_word' id='word_1_175' title='bbox 1516 1588 1611 1627; x_wconf 87' lang='lat' dir='ltr'>ad8</span> 
     </span>
     <span class='ocr_line' id='line_1_22' title="bbox 122 1661 1567 1712; baseline -0.001 -12"><span class='ocrx_word' id='word_1_176' title='bbox 122 1675 306 1712; x_wconf 85' lang='lat' dir='ltr'>proceres</span> <span class='ocrx_word' id='word_1_177' title='bbox 338 1662 599 1700; x_wconf 87' lang='lat' dir='ltr'>Etruscorum</span> <span class='ocrx_word' id='word_1_178' title='bbox 622 1675 727 1699; x_wconf 88' lang='lat' dir='ltr'>nunc</span> <span class='ocrx_word' id='word_1_179' title='bbox 754 1662 936 1711; x_wconf 90' lang='lat' dir='ltr'>singulos</span> <span class='ocrx_word' id='word_1_180' title='bbox 960 1674 1192 1711; x_wconf 80' lang='lat' dir='ltr'>provocare,</span> <span class='ocrx_word' id='word_1_181' title='bbox 1224 1674 1330 1699; x_wconf 91' lang='lat' dir='ltr'>nunc</span> <span class='ocrx_word' id='word_1_182' title='bbox 1356 1661 1567 1711; x_wconf 89' lang='lat' dir='ltr'>increpare</span> 
     </span>
     <span class='ocr_line' id='line_1_23' title="bbox 122 1732 1566 1784; baseline -0.001 -12"><span class='ocrx_word' id='word_1_183' title='bbox 122 1747 276 1772; x_wconf 89' lang='lat' dir='ltr'>omnes:</span> <span class='ocrx_word' id='word_1_184' title='bbox 307 1733 473 1772; x_wconf 86' lang='lat' dir='ltr'>servitia</span> <span class='ocrx_word' id='word_1_185' title='bbox 499 1747 639 1783; x_wconf 90' lang='lat' dir='ltr'>regum</span> <span class='ocrx_word' id='word_1_186' title='bbox 663 1734 941 1784; x_wconf 88' lang='lat' dir='ltr'>superborum,</span> <span class='ocrx_word' id='word_1_187' title='bbox 974 1746 1055 1771; x_wconf 86' lang='lat' dir='ltr'>suae</span> <span class='ocrx_word' id='word_1_188' title='bbox 1083 1732 1289 1771; x_wconf 85' lang='lat' dir='ltr'>libertatis</span> <span class='ocrx_word' id='word_1_189' title='bbox 1315 1733 1566 1771; x_wconf 86' lang='lat' dir='ltr'>immemores</span> 
     </span>
     <span class='ocr_line' id='line_1_24' title="bbox 124 1805 1608 1857; baseline -0.001 -14"><span class='ocrx_word' id='word_1_190' title='bbox 124 1806 294 1844; x_wconf 82' lang='lat' dir='ltr'>alienam</span> <span class='ocrx_word' id='word_1_191' title='bbox 326 1811 602 1857; x_wconf 86' lang='lat' dir='ltr'>oppugnatum</span> <span class='ocrx_word' id='word_1_192' title='bbox 636 1807 782 1844; x_wconf 88' lang='lat' dir='ltr'>venire.</span> <span class='ocrx_word' id='word_1_193' title='bbox 831 1805 1018 1844; x_wconf 79' lang='lat' dir='ltr'>Cunctati</span> <span class='ocrx_word' id='word_1_194' title='bbox 1050 1805 1302 1855; x_wconf 83' lang='lat' dir='ltr'>aliquamdiu</span> <span class='ocrx_word' id='word_1_195' title='bbox 1333 1809 1437 1855; x_wconf 68' lang='lat' dir='ltr'>sunt,</span> <span class='ocrx_word' id='word_1_196' title='bbox 1472 1805 1608 1843; x_wconf 85' lang='lat' dir='ltr'>dum9</span> 
     </span>
     <span class='ocr_line' id='line_1_25' title="bbox 125 1876 1564 1928; baseline -0.001 -12"><span class='ocrx_word' id='word_1_197' title='bbox 125 1878 228 1916; x_wconf 84' lang='lat' dir='ltr'>alius</span> <span class='ocrx_word' id='word_1_198' title='bbox 245 1879 381 1925; x_wconf 85' lang='lat' dir='ltr'>alium,</span> <span class='ocrx_word' id='word_1_199' title='bbox 396 1882 441 1915; x_wconf 89' lang='lat' dir='ltr'>ut</span> <span class='ocrx_word' id='word_1_200' title='bbox 457 1878 642 1928; x_wconf 81' lang='lat' dir='ltr'>proelium</span> <span class='ocrx_word' id='word_1_201' title='bbox 662 1878 869 1928; x_wconf 86' lang='lat' dir='ltr'>incipiant,</span> <span class='ocrx_word' id='word_1_202' title='bbox 887 1878 1244 1927; x_wconf 79' lang='lat' dir='ltr'>circumspectant;</span> <span class='ocrx_word' id='word_1_203' title='bbox 1272 1877 1401 1927; x_wconf 86' lang='lat' dir='ltr'>pudor</span> <span class='ocrx_word' id='word_1_204' title='bbox 1419 1876 1564 1915; x_wconf 92' lang='lat' dir='ltr'>deinde</span> 
     </span>
     <span class='ocr_line' id='line_1_26' title="bbox 122 1949 1565 2000; baseline -0.001 -12"><span class='ocrx_word' id='word_1_205' title='bbox 122 1951 335 1988; x_wconf 86' lang='lat' dir='ltr'>commovit</span> <span class='ocrx_word' id='word_1_206' title='bbox 365 1951 502 1999; x_wconf 79' lang='lat' dir='ltr'>aciem,</span> <span class='ocrx_word' id='word_1_207' title='bbox 537 1953 576 1988; x_wconf 90' lang='lat' dir='ltr'>et</span> <span class='ocrx_word' id='word_1_208' title='bbox 607 1951 781 1988; x_wconf 87' lang='lat' dir='ltr'>clamore</span> <span class='ocrx_word' id='word_1_209' title='bbox 805 1949 964 1988; x_wconf 88' lang='lat' dir='ltr'>sublato</span> <span class='ocrx_word' id='word_1_210' title='bbox 990 1949 1167 2000; x_wconf 91' lang='lat' dir='ltr'>undique</span> <span class='ocrx_word' id='word_1_211' title='bbox 1193 1949 1237 1987; x_wconf 91' lang='lat' dir='ltr'>in</span> <span class='ocrx_word' id='word_1_212' title='bbox 1260 1962 1384 1987; x_wconf 90' lang='lat' dir='ltr'>unum</span> <span class='ocrx_word' id='word_1_213' title='bbox 1408 1949 1565 1987; x_wconf 83' lang='lat' dir='ltr'>hostem</span> 
     </span>
     <span class='ocr_line' id='line_1_27' title="bbox 122 2021 1641 2073; baseline -0.001 -14"><span class='ocrx_word' id='word_1_214' title='bbox 122 2022 204 2059; x_wconf 88' lang='lat' dir='ltr'>tela</span> <span class='ocrx_word' id='word_1_215' title='bbox 236 2022 468 2061; x_wconf 86' lang='lat' dir='ltr'>coniiciunt.</span> <span class='ocrx_word' id='word_1_216' title='bbox 518 2022 615 2070; x_wconf 78' lang='lat' dir='ltr'>Quae</span> <span class='ocrx_word' id='word_1_217' title='bbox 640 2036 761 2073; x_wconf 88' lang='lat' dir='ltr'>quum</span> <span class='ocrx_word' id='word_1_218' title='bbox 785 2023 825 2060; x_wconf 91' lang='lat' dir='ltr'>in</span> <span class='ocrx_word' id='word_1_219' title='bbox 851 2023 1010 2061; x_wconf 93' lang='lat' dir='ltr'>obiecto</span> <span class='ocrx_word' id='word_1_220' title='bbox 1035 2027 1180 2060; x_wconf 86' lang='lat' dir='ltr'>cuncta</span> <span class='ocrx_word' id='word_1_221' title='bbox 1204 2026 1317 2060; x_wconf 85' lang='lat' dir='ltr'>scuto</span> <span class='ocrx_word' id='word_1_222' title='bbox 1343 2021 1564 2068; x_wconf 70' lang='lat' dir='ltr'>haesissent,</span> <span class='ocrx_word' id='word_1_223' title='bbox 1588 2021 1641 2059; x_wconf 90' lang='grc'>10</span> 
     </span>
     <span class='ocr_line' id='line_1_28' title="bbox 122 2093 1566 2146; baseline -0.001 -15"><span class='ocrx_word' id='word_1_224' title='bbox 122 2107 251 2144; x_wconf 89' lang='lat' dir='ltr'>neque</span> <span class='ocrx_word' id='word_1_225' title='bbox 283 2094 351 2132; x_wconf 92' lang='lat' dir='ltr'>ille</span> <span class='ocrx_word' id='word_1_226' title='bbox 382 2095 511 2132; x_wconf 90' lang='lat' dir='ltr'>miuus</span> <span class='ocrx_word' id='word_1_227' title='bbox 543 2095 771 2133; x_wconf 87' lang='lat' dir='ltr'>obstinatus</span> <span class='ocrx_word' id='word_1_228' title='bbox 804 2095 961 2144; x_wconf 87' lang='lat' dir='ltr'>ingenti</span> <span class='ocrx_word' id='word_1_229' title='bbox 993 2100 1157 2146; x_wconf 89' lang='lat' dir='ltr'>pontem</span> <span class='ocrx_word' id='word_1_230' title='bbox 1189 2093 1391 2133; x_wconf 89' lang='lat' dir='ltr'>obtineret</span> <span class='ocrx_word' id='word_1_231' title='bbox 1422 2093 1566 2143; x_wconf 74' lang='lat' dir='ltr'>gradu,</span> 
     </span>
     <span class='ocr_line' id='line_1_29' title="bbox 123 2165 1569 2217; baseline -0.001 -13"><span class='ocrx_word' id='word_1_232' title='bbox 123 2166 201 2204; x_wconf 80' lang='lat' dir='ltr'>iam</span> <span class='ocrx_word' id='word_1_233' title='bbox 233 2167 385 2216; x_wconf 90' lang='lat' dir='ltr'>impetu</span> <span class='ocrx_word' id='word_1_234' title='bbox 415 2166 663 2205; x_wconf 86' lang='lat' dir='ltr'>conabantur</span> <span class='ocrx_word' id='word_1_235' title='bbox 694 2167 909 2205; x_wconf 89' lang='lat' dir='ltr'>detrudere</span> <span class='ocrx_word' id='word_1_236' title='bbox 939 2167 1083 2216; x_wconf 82' lang='lat' dir='ltr'>virum,</span> <span class='ocrx_word' id='word_1_237' title='bbox 1128 2179 1248 2217; x_wconf 90' lang='lat' dir='ltr'>quum</span> <span class='ocrx_word' id='word_1_238' title='bbox 1282 2165 1402 2204; x_wconf 85' lang='lat' dir='ltr'>simul</span> <span class='ocrx_word' id='word_1_239' title='bbox 1433 2166 1569 2214; x_wconf 82' lang='lat' dir='ltr'>fragor</span> 
     </span>
     <span class='ocr_line' id='line_1_30' title="bbox 122 2237 1570 2289; baseline -0.001 -13"><span class='ocrx_word' id='word_1_240' title='bbox 122 2239 232 2288; x_wconf 90' lang='lat' dir='ltr'>rupti</span> <span class='ocrx_word' id='word_1_241' title='bbox 257 2239 403 2289; x_wconf 86' lang='lat' dir='ltr'>pontis,</span> <span class='ocrx_word' id='word_1_242' title='bbox 429 2239 545 2276; x_wconf 88' lang='lat' dir='ltr'>simul</span> <span class='ocrx_word' id='word_1_243' title='bbox 571 2240 719 2278; x_wconf 86' lang='lat' dir='ltr'>clamor</span> <span class='ocrx_word' id='word_1_244' title='bbox 735 2239 1021 2286; x_wconf 86' lang='lat' dir='ltr'>Romanorum,</span> <span class='ocrx_word' id='word_1_245' title='bbox 1047 2239 1258 2277; x_wconf 85' lang='lat' dir='ltr'>alacritate</span> <span class='ocrx_word' id='word_1_246' title='bbox 1283 2237 1455 2289; x_wconf 88' lang='lat' dir='ltr'>perfecti</span> <span class='ocrx_word' id='word_1_247' title='bbox 1475 2249 1570 2287; x_wconf 92' lang='lat' dir='ltr'>ope-</span> 
     </span>
     <span class='ocr_line' id='line_1_31' title="bbox 122 2308 1634 2362; baseline -0.001 -14"><span class='ocrx_word' id='word_1_248' title='bbox 122 2311 177 2349; x_wconf 91' lang='lat' dir='ltr'>ris</span> <span class='ocrx_word' id='word_1_249' title='bbox 208 2311 403 2359; x_wconf 72' lang='lat' dir='ltr'>sublatus⁷</span> <span class='ocrx_word' id='word_1_250' title='bbox 450 2324 600 2361; x_wconf 85' lang='lat' dir='ltr'>pavore</span> <span class='ocrx_word' id='word_1_251' title='bbox 629 2311 763 2350; x_wconf 85' lang='lat' dir='ltr'>subito</span> <span class='ocrx_word' id='word_1_252' title='bbox 796 2312 991 2362; x_wconf 90' lang='lat' dir='ltr'>impetum</span> <span class='ocrx_word' id='word_1_253' title='bbox 1022 2311 1226 2350; x_wconf 86' lang='lat' dir='ltr'>sustinuit.</span> <span class='ocrx_word' id='word_1_254' title='bbox 1288 2310 1392 2348; x_wconf 86' lang='lat' dir='ltr'>Tum</span> <span class='ocrx_word' id='word_1_255' title='bbox 1425 2308 1565 2348; x_wconf 88' lang='lat' dir='ltr'>Cocles</span> <span class='ocrx_word' id='word_1_256' title='bbox 1586 2308 1634 2345; x_wconf 94' lang='grc'>11</span> 
     </span>
     <span class='ocr_line' id='line_1_32' title="bbox 124 2381 1568 2434; baseline -0.001 -14"><span class='ocrx_word' id='word_1_257' title='bbox 124 2382 343 2432; x_wconf 82' lang='lat' dir='ltr'>„Tiberine</span> <span class='ocrx_word' id='word_1_258' title='bbox 367 2383 506 2433; x_wconf 86' lang='lat' dir='ltr'>pater“</span> <span class='ocrx_word' id='word_1_259' title='bbox 535 2383 681 2434; x_wconf 86' lang='lat' dir='ltr'>inquit,</span> <span class='ocrx_word' id='word_1_260' title='bbox 718 2388 782 2434; x_wconf 90' lang='lat' dir='ltr'>„te</span> <span class='ocrx_word' id='word_1_261' title='bbox 805 2388 940 2422; x_wconf 85' lang='lat' dir='ltr'>sancte</span> <span class='ocrx_word' id='word_1_262' title='bbox 966 2397 1120 2434; x_wconf 92' lang='lat' dir='ltr'>precor,</span> <span class='ocrx_word' id='word_1_263' title='bbox 1151 2383 1237 2421; x_wconf 84' lang='lat' dir='ltr'>haeo</span> <span class='ocrx_word' id='word_1_264' title='bbox 1261 2395 1371 2420; x_wconf 87' lang='lat' dir='ltr'>arma</span> <span class='ocrx_word' id='word_1_265' title='bbox 1397 2386 1435 2419; x_wconf 90' lang='lat' dir='ltr'>et</span> <span class='ocrx_word' id='word_1_266' title='bbox 1461 2381 1568 2418; x_wconf 90' lang='lat' dir='ltr'>hunc</span> 
     </span>
     <span class='ocr_line' id='line_1_33' title="bbox 123 2451 1568 2506; baseline -0.003 -14"><span class='ocrx_word' id='word_1_267' title='bbox 123 2455 291 2492; x_wconf 89' lang='lat' dir='ltr'>militem</span> <span class='ocrx_word' id='word_1_268' title='bbox 332 2455 510 2506; x_wconf 89' lang='lat' dir='ltr'>propitio</span> <span class='ocrx_word' id='word_1_269' title='bbox 549 2454 712 2494; x_wconf 80' lang='lat' dir='ltr'>flumine</span> <span class='ocrx_word' id='word_1_270' title='bbox 750 2456 962 2506; x_wconf 74' lang='lat' dir='ltr'>accipias.‘²</span> <span class='ocrx_word' id='word_1_271' title='bbox 1027 2455 1092 2493; x_wconf 86' lang='lat' dir='ltr'>Ita</span> <span class='ocrx_word' id='word_1_272' title='bbox 1123 2455 1181 2493; x_wconf 90' lang='lat' dir='ltr'>sic</span> <span class='ocrx_word' id='word_1_273' title='bbox 1214 2457 1390 2492; x_wconf 85' lang='lat' dir='ltr'>armatus</span> <span class='ocrx_word' id='word_1_274' title='bbox 1424 2453 1466 2489; x_wconf 92' lang='lat' dir='ltr'>in</span> <span class='ocrx_word' id='word_1_275' title='bbox 1499 2451 1568 2489; x_wconf 87' lang='lat' dir='ltr'>Ti-</span> 
     </span>
     <span class='ocr_line' id='line_1_34' title="bbox 121 2521 1568 2579; baseline -0.003 -15"><span class='ocrx_word' id='word_1_276' title='bbox 121 2526 250 2565; x_wconf 90' lang='lat' dir='ltr'>berim</span> <span class='ocrx_word' id='word_1_277' title='bbox 281 2527 456 2578; x_wconf 82' lang='lat' dir='ltr'>desiluit,</span> <span class='ocrx_word' id='word_1_278' title='bbox 490 2527 708 2578; x_wconf 83' lang='lat' dir='ltr'>multisque</span> <span class='ocrx_word' id='word_1_279' title='bbox 732 2527 1128 2579; x_wconf 89' lang='lat' dir='ltr'>superincidentibus</span> <span class='ocrx_word' id='word_1_280' title='bbox 1153 2526 1249 2564; x_wconf 90' lang='lat' dir='ltr'>telis</span> <span class='ocrx_word' id='word_1_281' title='bbox 1276 2523 1492 2562; x_wconf 89' lang='lat' dir='ltr'>incolumis</span> <span class='ocrx_word' id='word_1_282' title='bbox 1518 2521 1568 2560; x_wconf 89' lang='lat' dir='ltr'>ad</span> 
     </span>
     <span class='ocr_line' id='line_1_35' title="bbox 124 2596 1567 2651; baseline -0.002 -16"><span class='ocrx_word' id='word_1_283' title='bbox 124 2611 214 2636; x_wconf 84' lang='lat' dir='ltr'>suos</span> <span class='ocrx_word' id='word_1_284' title='bbox 251 2600 438 2647; x_wconf 84' lang='lat' dir='ltr'>tranavit,</span> <span class='ocrx_word' id='word_1_285' title='bbox 483 2612 567 2638; x_wconf 89' lang='lat' dir='ltr'>rem</span> <span class='ocrx_word' id='word_1_286' title='bbox 607 2613 728 2639; x_wconf 87' lang='lat' dir='ltr'>ausus</span> <span class='ocrx_word' id='word_1_287' title='bbox 768 2601 861 2651; x_wconf 89' lang='lat' dir='ltr'>plus</span> <span class='ocrx_word' id='word_1_288' title='bbox 892 2600 1006 2638; x_wconf 84' lang='lat' dir='ltr'>famae</span> <span class='ocrx_word' id='word_1_289' title='bbox 1038 2598 1270 2637; x_wconf 86' lang='lat' dir='ltr'>habituram</span> <span class='ocrx_word' id='word_1_290' title='bbox 1301 2596 1352 2634; x_wconf 86' lang='lat' dir='ltr'>ad</span> <span class='ocrx_word' id='word_1_291' title='bbox 1384 2598 1567 2645; x_wconf 86' lang='lat' dir='ltr'>posteros</span> 
     </span>
     <span class='ocr_line' id='line_1_36' title="bbox 125 2667 1639 2722; baseline -0.001 -16"><span class='ocrx_word' id='word_1_292' title='bbox 125 2682 242 2719; x_wconf 82' lang='lat' dir='ltr'>quam</span> <span class='ocrx_word' id='word_1_293' title='bbox 272 2670 381 2710; x_wconf 86' lang='lat' dir='ltr'>fidei.</span> <span class='ocrx_word' id='word_1_294' title='bbox 439 2670 567 2710; x_wconf 84' lang='lat' dir='ltr'>Grata</span> <span class='ocrx_word' id='word_1_295' title='bbox 598 2685 694 2722; x_wconf 82' lang='lat' dir='ltr'>erga</span> <span class='ocrx_word' id='word_1_296' title='bbox 724 2675 878 2711; x_wconf 84' lang='lat' dir='ltr'>tantam</span> <span class='ocrx_word' id='word_1_297' title='bbox 909 2671 1099 2710; x_wconf 78' lang='lat' dir='ltr'>virtutem</span> <span class='ocrx_word' id='word_1_298' title='bbox 1132 2669 1274 2706; x_wconf 85' lang='lat' dir='ltr'>civitas</span> <span class='ocrx_word' id='word_1_299' title='bbox 1307 2668 1400 2712; x_wconf 82' lang='lat' dir='ltr'>suit;</span> <span class='ocrx_word' id='word_1_300' title='bbox 1434 2670 1569 2705; x_wconf 81' lang='lat' dir='ltr'>statua</span> <span class='ocrx_word' id='word_1_301' title='bbox 1589 2667 1639 2704; x_wconf 75' lang='lat'>12</span> 
     </span>
    </p>
   </div>
  </div>
 </body>
</html>
