1821 2928
495 113 610 149 Liber
633 113 684 149 11.
735 116 796 158 (A.
825 114 888 149 eh.
915 114 1124 158 493—491.)
1478 117 1529 154 95

95 243 354 294 redemptus?
408 243 548 293 Egone
581 242 649 280 has
673 241 938 292 indignitates
963 242 1112 280 diutius
1136 242 1279 292 patiar,
1313 254 1430 291 quam
1463 255 1528 278 ne·
1551 243 1602 280 10

103 329 208 354 cesse
226 315 314 354 est‘?
345 315 611 365 Tarquinium
639 328 771 364 regem
790 314 859 364 qui
875 327 953 351 non
970 314 1142 360 tulerim,
1161 313 1357 352 Sicinium
1373 314 1496 351 feram
1512 313 1530 350 ?

99 387 269 426 Secedat
308 401 430 433 111111ος
462 390 600 425 avocet
640 386 817 437 plebem3
850 389 959 436 patet
991 386 1055 423 via
1087 387 1126 424 in
1159 385 1324 424 Sacrum
1355 389 1529 423 montem

96 461 276 510 aliosque
302 460 441 507 colles;
466 459 625 509 rapiant
650 459 847 496 frumenta
875 471 922 496 ex
946 458 1054 507 agris
1090 459 1249 504 nostris,
1275 458 1530 508 quemadmo-

97 533 191 570 dum
207 533 328 570 tertio
342 536 436 571 ante
446 545 548 570 anno
566 544 748 581 rapuere.
767 530 971 568 Fruantur
988 543 1158 579 annona,
1177 544 1295 580 quam
1312 532 1445 568 furore
1461 543 1530 568 suo
1553 526 1600 563 ll

102 608 241 642 fecere.
290 604 436 643 Audeo
461 604 604 653 dicere.
638 603 711 641 hoc
740 602 845 640 malo
871 602 1042 640 domitos
1067 603 1173 653 ipsos
1197 603 1332 652 potius
1357 603 1528 640 cultores

102 690 288 728 agrorum
317 678 412 723 fore,
430 690 545 726 quam
569 681 613 713 ut
631 675 774 714 armati
789 688 860 725 per
877 675 1134 713 secessionem
1154 675 1232 712 coli
1248 675 1525 724 prohibeant.“

99 748 221 787 Haud
253 754 332 786 tam
365 749 483 786 facile
509 747 618 785 dictu
644 752 712 791 est,
736 747 1012 785 faciendumne
1036 746 1171 796 fuerit,
1205 761 1322 796 quam
1355 748 1529 797 potuisse
1550 744 1599 782 12

93 821 268 860 arbitror
284 821 381 867 fieri,
398 824 443 859 ut
460 819 767 858 condicionibus
794 818 958 857 laxandi
982 832 1179 857 annonam
1205 822 1245 856 et
1267 819 1530 856 tribuniciam

87 897 326 945 potestatem
345 897 381 931 et
409 893 540 931 omnia
563 893 701 930 invitis
727 892 813 930 iura
840 891 1027 941 imposita
1053 894 1187 941 patres
1216 891 1419 929 demerent
1435 892 1528 932 sibi.

89 965 142 1004 Et
173 966 328 1004 senatui
359 965 479 1002 nimis
496 969 611 1003 atrox
641 965 727 1002 visa
750 964 949 1002 sententia
980 966 1039 1001 est
1070 967 1108 1000 et
1139 963 1297 1013 plebem
1322 964 1382 1001 ira
1404 977 1530 1014 prope
1614 958 1667 1006 35

93 1039 272 1077 armavit.
319 1038 442 1076 Fame
476 1050 518 1075 se
550 1037 626 1075 iam
652 1037 754 1074 sicut
785 1037 920 1074 hostes
952 1036 1048 1086 peti,
1081 1036 1169 1074 cibo
1202 1036 1391 1085 victuque
1421 1036 1528 1073 frau-

91 1111 197 1157 dari;
229 1110 488 1161 peregrinum
520 1110 775 1159 frumentum,
794 1122 882 1158 quae
908 1109 991 1146 sola
1024 1109 1212 1147 alimenta
1244 1122 1292 1145 ex
1326 1108 1529 1158 insperato

93 1184 255 1222 fortuna
288 1182 457 1232 dederit,
491 1182 540 1220 ab
573 1195 640 1219 ore
671 1182 770 1232 rapi,
803 1181 882 1218 nisi
921 1180 993 1220 Cn.
1034 1181 1190 1218 Marcio
1221 1181 1346 1217 vincti
1378 1180 1526 1217 dedan-

92 1260 158 1292 tur
188 1255 356 1300 tribuni,
387 1254 466 1292 nisi
497 1254 545 1292 de
574 1257 688 1303 tergo
720 1254 850 1305 plebis
881 1253 1072 1291 Romanae
1105 1251 1292 1299 satisfiat3
1328 1265 1416 1289 eum
1449 1253 1525 1290 sibi

91 1327 316 1365 carnificem
348 1340 493 1365 novum
526 1330 718 1372 exortum,
750 1326 820 1376 qui
862 1330 929 1364 aut
961 1325 1063 1362 mori
1103 1328 1172 1363 aut
1203 1325 1351 1362 servire
1383 1324 1528 1361 iubeat.

91 1399 138 1437 In
173 1404 378 1437 exeuntem
412 1412 432 1436 e
464 1399 574 1437 curia
614 1399 785 1448 impetus
826 1398 954 1435 factus
994 1401 1108 1445 esset,
1150 1397 1191 1434 111
1223 1396 1566 1446 peropportune2

93 1472 247 1509 tribuni
296 1471 400 1509 diem
449 1470 652 1509 dixissent.
712 1470 780 1507 Ibi
825 1470 883 1508 ira
923 1475 982 1508 est
1012 1483 1244 1520 suppressa3
1278 1482 1317 1506 se
1350 1469 1526 1506 iudicem

93 1544 277 1594 quisque,
311 1557 350 1581 se
383 1543 584 1581 dominum
616 1543 708 1580 vitae
754 1544 943 1592 necisque
983 1542 1133 1580 inimici
1171 1542 1319 1578 factum
1350 1540 1527 1578 videbat.

93 1616 362 1666 Contemptim
381 1616 509 1665 primo
526 1615 706 1652 Marcius
722 1615 913 1653 audiebat
929 1615 1056 1652 minas
1071 1613 1332 1651 tribunicias:
1365 1614 1525 1661 auxilii,
1548 1613 1570 1649 3

91 1702 170 1726 non
213 1701 338 1738 poenae
386 1688 448 1725 ius
495 1687 630 1725 datum
670 1687 734 1724 illi
765 1687 967 1738 potestati,
1000 1687 1220 1737 plebisque,
1261 1699 1340 1723 non
1372 1690 1529 1736 patrum

95 1759 280 1798 tribunos
312 1773 406 1798 esse.
461 1758 540 1798 Sed
573 1759 671 1798 adeo
702 1760 858 1798 infensa
890 1763 976 1798 erat
1007 1763 1145 1797 coorta
1175 1758 1302 1809 plebs,
1335 1762 1380 1795 ut
1410 1759 1529 1796 unius

92 1846 210 1883 poena
229 1832 527 1883 defungendum
544 1836 647 1870 esset
673 1832 866 1882 patribus,
913 1832 1167 1870 Restiterunt
1195 1834 1327 1868 tamen
1360 1831 1529 1869 adversa
1545 1830 1570 1866 4

94 1904 258 1955 invidia,
291 1906 432 1955 usique
463 1909 555 1943 sunt
587 1917 664 1954 qua
696 1905 777 1942 suis
810 1904 991 1955 quisque,
1023 1917 1101 1955 qua
1132 1903 1258 1941 totius
1285 1904 1440 1941 ordinis
1470 1904 1528 1942 vi-

92 1977 218 2015 ribus.
279 1977 342 2014 Ac
387 1977 516 2027 primo
561 1980 715 2015 tentata
760 1991 822 2014 res
868 1981 939 2024 est,
984 1977 1030 2026 si,
1063 1976 1268 2026 dispositis
1301 1976 1531 2023 clientibus,

93 2048 349 2087 absterrendo
381 2049 560 2098 singulos
591 2063 614 2087 a
645 2049 888 2087 coitionibus
927 2049 1187 2099 conciliisque
1226 2048 1409 2086 disiicere
1446 2062 1530 2086 rem

94 2126 267 2171 possent.
301 2120 491 2159 Universi
510 2121 654 2160 deinde
670 2135 898 2172 processere
915 2121 1128 2172 (quicquid
1145 2125 1231 2159 erat-
1245 2125 1418 2171 patrum,
1436 2134 1525 2159 reos
1548 2114 1571 2152 5

93 2193 263 2243 diceres)
288 2193 474 2243 precibus
497 2193 656 2244 plebem
681 2198 948 2245 exposcentes,
973 2207 1096 2232 unum
1128 2193 1206 2232 sibi
1237 2193 1376 2240 civem,
1408 2206 1530 2231 unum

95 2268 330 2311 senatorem,
362 2265 395 2302 si
428 2265 680 2304 innocentem
711 2266 918 2304 absolvere
956 2266 1119 2313 nollent,
1156 2279 1229 2316 pro
1262 2270 1429 2304 nocente
1461 2265 1527 2304 do-

97 2342 249 2375 narent.
296 2337 391 2387 Ipse
424 2351 544 2388 quum
577 2338 642 2376 die
660 2337 767 2376 dicta
784 2352 864 2376 non
883 2338 1049 2385 adesset,
1067 2341 1364 2389 perseveratum
1397 2338 1438 2375 in
1470 2338 1530 2374 ira
1548 2345 1571 2381 6

93 2413 163 2449 est.
225 2408 450 2448 Damnatus
481 2409 622 2448 absens
655 2411 696 2448 in
728 2411 898 2450 Volscos
939 2411 1162 2449 exsulatum
1194 2410 1306 2460 abiit,
1338 2410 1528 2447 minitans

97 2481 238 2531 patriae
268 2481 514 2533 hostilesque
545 2482 622 2520 iam
653 2487 736 2520 tum
767 2483 934 2534 spiritus
966 2496 1118 2533 gerens.

207 2553 447 2591 Venientem
480 2553 620 2593 Volsci
652 2554 824 2604 benigne
855 2568 1058 2606 excepere,
1076 2553 1367 2603 benigniusque
1385 2553 1426 2590 in
1444 2552 1531 2590 dies

97 2624 292 2673 colebant,
324 2638 402 2676 quo
442 2626 570 2665 maior
608 2627 667 2664 ira
708 2627 747 2664 in
785 2641 877 2665 suos
922 2627 1122 2665 eminebat
1160 2625 1388 2674 crebraeque
1425 2637 1530 2662 1111110

96 2696 279 2746 querelae,
310 2711 414 2736 nunc
445 2698 560 2736 minae
591 2699 932 2750 percipiebantur.
978 2698 1168 2748 Hospitio
1200 2697 1388 2734 utebatur
1418 2695 1527 2734 Attii
1548 2697 1570 2733 7
