1821 2928
315 159 394 197 154
681 156 795 191 Liber
820 156 893 191 ΙΙΙ.
943 156 1004 200 (A.
1031 168 1065 190 u.
1093 167 1122 190 e.
1149 157 1359 200 297-303.)

311 284 407 321 buni
435 285 619 330 sinerent,
650 297 728 321 non
755 284 839 321 sine
855 284 1041 334 pactione
1064 289 1208 330 tamen,
1238 288 1294 330 ut,
1325 283 1515 333 quoniam
1531 283 1611 334 ipsi
1628 284 1742 334 quin-

313 355 527 404 quennium
569 355 668 392 elusi
699 360 830 393 essent
867 369 1112 406 parvumque
1144 356 1186 393 id
1225 355 1336 405 plebi
1367 355 1598 405 praesidium
1628 355 1742 402 foret,

275 427 297 463 6
315 427 448 464 decem
481 427 623 465 deinde
652 427 806 464 tribuni
830 428 958 477 plebis
983 431 1223 465 crearentur.
1284 427 1492 476 Expressit
1513 427 1588 465 hoc
1611 439 1744 465 neces-

313 499 409 536 sitas
439 499 640 549 patribus3
674 499 715 536 id
746 499 863 537 modo
895 513 1096 548 excepere,
1129 512 1177 536 ne
1209 502 1347 549 postea
1374 499 1533 536 eosdem
1559 498 1744 536 tribunos

312 570 506 609 viderent.
566 570 804 609 Tribunicia
841 572 1020 620 comitia,
1061 585 1108 608 ne
1139 572 1181 608 id
1213 584 1370 620 quoque
1400 575 1490 620 post
1519 570 1670 608 bellum
1699 573 1745 608 ut

273 643 293 677 7
313 646 445 680 cetera
475 655 618 679 vanum
650 647 763 688 esset,
803 643 1002 692 extemplo
1032 642 1182 682 habita.
1243 641 1466 680 Tricesimo
1497 645 1610 680 sexto
1642 655 1746 679 anno

315 727 337 751 a
368 714 507 763 primis
545 714 700 751 tribuni
730 714 863 763 plebis
904 713 1038 751 decem
1070 714 1195 751 creati
1234 718 1344 761 sunt,
1382 714 1470 752 bini
1502 727 1548 751 ex
1577 712 1748 762 singulis

275 784 527 831 Sclassibus3
570 786 705 835 itaque
745 790 902 823 cautum
942 791 1001 824 est
1030 791 1075 823 ut
1104 790 1244 836 postea
1282 789 1522 823 crearentur.
1580 784 1749 822 Dilectu

316 857 464 895 deinde
495 857 645 903 habito,
677 857 880 895 Minucius
908 862 1047 896 contra
1064 857 1236 896 Sabinos
1261 858 1463 908 profectus
1489 870 1568 894 non
1593 855 1748 893 invenit

316 929 480 967 hostem.
540 929 745 976 Horatius,
776 943 897 979 quum
923 930 1000 966 iam
1018 930 1155 980 AEqui‚
1190 929 1389 967 Corbione
1413 929 1624 966 interfecto
1647 940 1746 977 prae-

316 1000 428 1047 sidio,
460 1000 652 1038 Ortonam
670 1001 787 1038 etiam
806 1001 1016 1051 cepissent,
1047 1003 1087 1039 in
1105 1001 1258 1050 Algido
1277 1005 1449 1051 pugnat;
1480 1000 1628 1038 multos
1644 1012 1748 1036 mor-

315 1073 416 1109 tales
434 1073 596 1119 occidit,
628 1074 741 1121 fugat
757 1074 910 1110 hostem
927 1087 1005 1111 non
1023 1087 1070 1111 ex
1087 1073 1243 1122 Algido
1262 1073 1391 1123 modo,
1424 1072 1494 1110 sed
1511 1085 1534 1109 a
1550 1070 1749 1109 Corbione

319 1140 557 1194 Ortonaque.
587 1144 828 1182 Corbionem
839 1146 958 1182 etiam
977 1145 1102 1182 diruit
1114 1150 1279 1195 propter
1299 1141 1751 1195 proditumpraesidium.

196 1207 242 1254 31
436 1214 597 1253 Deinde
628 1217 683 1253 M.
714 1216 913 1264 Valerius,
945 1215 1012 1266 Sp.
1032 1216 1254 1266 Verginius
1286 1217 1466 1254 consules
1495 1214 1603 1254 facti.
1664 1213 1749 1251 Do-

110 1272 305 1336 ᾷιξῃζῖζξ
316 1287 369 1323 mi
403 1287 582 1338 forisque
608 1289 732 1326 otium
757 1289 853 1335 fuit;
885 1302 1042 1326 annona
1067 1293 1232 1338 propter
1259 1301 1453 1338 aquarum
1477 1285 1752 1336 intemperiem

315 1359 539 1396 laboratum
582 1364 652 1398 est.
711 1359 776 1397 De
807 1360 1011 1398 Aventino
1051 1360 1292 1410 publicando
1324 1361 1406 1398 lata
1436 1360 1501 1397 lex
1531 1362 1601 1396 est.
1660 1356 1752 1393 Tri-

279 1429 301 1465 2
320 1430 417 1467 buni
448 1431 578 1480 plebis
610 1432 733 1469 iidem
763 1432 914 1470 refecti.
975 1432 1031 1469 Hi
1063 1437 1251 1482 sequente
1279 1445 1393 1478 anno,
1425 1430 1470 1469 T.
1485 1429 1676 1475 Romilio,
1709 1427 1752 1466 C.

110 1488 309 1553 ἶιιρξζῖζξ
322 1501 493 1540 Veturio
512 1504 756 1553 consulibus,
775 1505 903 1553 legem
921 1505 1102 1542 omnibus
1114 1504 1369 1542 contionibus
1380 1503 1463 1541 suis
1476 1500 1752 1540 celebrabant:

317 1573 468 1622 pudere
515 1589 556 1612 se
601 1576 757 1613 numeri
803 1576 864 1613 sui
909 1576 1176 1625 nequicquam
1216 1576 1334 1624 aucti,
1384 1576 1417 1613 si
1455 1588 1501 1612 ea
1537 1587 1601 1612 res
1641 1583 1752 1621 aeque

279 1646 302 1683 3
321 1658 391 1682 suo
424 1646 586 1684 biennio
617 1647 776 1693 iaceret,
808 1661 853 1684 ac
878 1650 962 1684 toto
989 1648 1193 1697 superiore
1222 1648 1347 1684 lustro
1373 1647 1574 1684 iacuisset.
1620 1644 1753 1691 Quum

319 1717 491 1756 maxime
528 1718 621 1755 'haec
667 1704 850 1767 agerent,
895 1718 1046 1767 trepidi
1086 1719 1218 1756 nuntii
1264 1719 1313 1756 ab
1359 1717 1532 1758 Tusculo
1577 1715 1754 1761 veniunt,

321 1788 475 1838 AEquos
506 1790 546 1826 in
586 1802 682 1838 agro
713 1789 942 1827 Tusculano
974 1802 1069 1827 esse.
1129 1790 1243 1827 Fecit
1281 1790 1474 1840 pudorem
1505 1800 1642 1825 recens
1672 1786 1754 1823 eius

321 1860 463 1909 populi
489 1861 676 1898 meritum
699 1861 884 1898 morandi
910 1861 1062 1900 auxilii.
1095 1861 1231 1899 Ambo
1259 1862 1440 1899 consules
1469 1874 1557 1898 cum
1574 1857 1755 1896 exercitu

282 1931 307 1966 4
330 1931 440 1969 missi
463 1933 615 1970 hostem
638 1933 678 1970 in
703 1946 774 1970 sua
799 1933 901 1979 sede,
931 1933 974 1970 in
990 1932 1143 1981 Algido
1168 1933 1386 1972 inveniunt.
1431 1932 1499 1970 Ibi
1521 1933 1756 1982 pugnatum.

319 2002 450 2053 Supra
482 2010 638 2054 septem
668 2005 797 2042 millia
827 2004 1004 2042 hostium
1036 2017 1147 2051 caesa,
1187 2005 1256 2042 alii
1286 2004 1434 2054 fugati3
1473 2003 1611 2054 praeda
1639 2004 1756 2051 parta

321 2075 471 2124 ingenS.
533 2076 631 2114 Eam
672 2082 835 2126 propter
875 2076 1052 2125 inopiam
1091 2077 1223 2114 aerarii
1267 2076 1447 2114 consules
1477 2074 1756 2113 vendiderunt.
1795 2076 1797 2078 ’

321 2146 494 2184 Invidiae
517 2153 648 2185 tamen
673 2161 736 2185 res
762 2148 812 2185 ad
839 2148 1057 2185 exercitum
1081 2148 1171 2195 fuit,
1203 2148 1418 2197 eademque
1439 2145 1618 2184 tribunis
1633 2147 1754 2182 mate·

322 2217 421 2255 riam
452 2219 692 2257 criminandi
723 2220 774 2257 ad
804 2219 961 2269 plebem
993 2220 1172 2257 consules
1202 2219 1389 2270 praebuit.

284 2285 302 2296 -r

282 2297 305 2323 ῦ
436 2289 579 2339 Itaque
598 2304 703 2340 erg0,
734 2295 779 2329 ut
794 2291 1030 2339 magistratu
1046 2290 1192 2337 abiere,
1219 2290 1285 2341 Sp.
1305 2290 1493 2340 Tarpeio,
1510 2288 1563 2327 Α.
1583 2286 1754 2326 Aternio

113 2348 551 2412 *fg-“filfi'igffjconsulibus
584 2362 669 2399 dies
701 2362 808 2400 dicta
839 2367 899 2400 est
929 2362 1105 2400 Romilio
1136 2362 1186 2399 ab
1218 2362 1260 2400 C.
1295 2361 1432 2400 Calvio
1460 2358 1652 2399 Cicerone
1680 2357 1754 2396 tri-

280 2427 429 2471 6buno
460 2433 610 2482 plebis,
649 2432 818 2470 Veturio
857 2434 906 2470 ab
937 2433 982 2470 L.
1023 2433 1172 2471 Alieno
1213 2433 1332 2471 aedile
1370 2432 1513 2483 plebis.
1573 2430 1754 2479 Uterque

320 2517 463 2553 magna
493 2508 651 2554 patrum
694 2504 971 2552 indignatione
1009 2505 1228 2552 damnatus,
1269 2503 1469 2542 Romilius
1499 2502 1635 2540 decem
1664 2500 1753 2538 mil-

321 2575 426 2613 libus
458 2576 559 2623 aeris,
589 2574 783 2613 Veturius
822 2575 1062 2624 quindecim.
1124 2575 1206 2614 Nec
1236 2576 1320 2613 haec
1345 2575 1523 2625 priorum
1546 2571 1754 2610 calamitas

322 2647 527 2684 consulum
565 2646 770 2696 segniores
811 2659 934 2684 novos
972 2647 1121 2684 fecerat
1159 2646 1355 2684 consules.
1415 2645 1469 2682 Et
1499 2657 1540 2681 se
1571 2641 1752 2681 damnari

321 2732 437 2768 posse
469 2719 642 2768 aiebant,
676 2721 716 2755 et
746 2717 904 2768 plebem
936 2721 976 2754 et
1004 2717 1186 2754 tribunos
1225 2717 1352 2766 legem
1382 2716 1486 2753 ferre
1515 2727 1596 2752 non
1626 2725 1754 2764 posse.
