1821 2928
569 133 686 169 Liber
709 133 756 168 V.
806 134 869 177 (A.
896 133 961 168 Ch.
988 134 1084 178 390.)
1463 135 1543 173 301

99 276 276 314 corpora
306 267 345 301 et
375 263 508 301 soluta
537 275 673 300 somno
704 262 972 300 trucidantur.
1019 260 1230 298 Extremos
1257 263 1390 297 tamen
1422 273 1547 309 pavor

104 335 308 373 cubilibus
352 335 434 373 suis
479 335 645 381 excitos,
685 347 774 384 quae
806 337 875 371 aut
904 333 1009 371 unde
1054 333 1113 370 vis
1145 336 1260 378 esset,
1307 332 1468 381 ignaros
1505 331 1548 369 in

105 403 242 453 fugam
273 409 314 442 et
343 406 536 456 quosdam
568 406 609 443 in
640 406 794 444 hostem
811 406 940 456 ipsum
968 405 1216 455 improvidos
1246 404 1353 442 tulit.
1399 403 1550 452 Magna

99 488 199 526 pars
231 477 272 514 in
303 491 444 527 agrum
476 478 688 516 Antiatem
720 478 859 525 delati,
903 478 1132 515 incursione
1173 477 1223 515 ab
1255 475 1470 526 oppidanis
1509 475 1549 515 in

105 549 262 599 palatos
292 549 398 589 facta
436 550 818 590 circumveniuntur.

223 621 380 660 Similis
412 622 454 659 in
485 635 581 672 agro
609 622 775 661 Veienti
802 622 1023 660 Tuscorum
1054 621 1160 658 facta
1191 624 1345 669 strages
1377 622 1447 666 est,
1479 619 1591 670 qui4

106 694 219 732 urbis
249 695 328 732 iam
359 708 486 745 prope
517 695 957 745 quadringentesimum
988 707 1135 732 annum
1166 693 1322 738 vicinae,
1355 704 1553 741 oppressae

103 765 159 804 ab
191 766 305 805 hoste
337 767 559 818 invisitato,
593 767 787 817 inaudito,
820 768 920 805 adeo
951 766 1054 804 nihil
1085 765 1256 803 miseriti
1287 768 1391 812 sunt,
1438 768 1484 801 ut
1513 763 1555 801 in

106 852 250 888 agrum
281 839 508 878 Romanum
549 854 594 878 eo
635 844 814 890 tempore
854 839 1102 876 incursiones
1139 838 1327 884 facerent,
1366 836 1555 886 plenique

107 911 256 962 praedae
290 911 416 951 Veios
448 913 584 963 etiam,
616 911 930 963 praesidiumque
962 914 1002 949 et
1032 923 1143 960 spem
1174 909 1356 946 ultimam
1383 908 1557 946 Romani

108 984 296 1034 nominis,
330 985 371 1022 in
403 985 535 1022 animo
553 985 769 1022 habuerint
785 996 1030 1034 oppugnare.
1077 982 1277 1020 Viderant
1308 995 1375 1019 eos
1407 981 1597 1019 milites5

108 1055 288 1094 Romani
319 1060 512 1106 vagantes
549 1071 622 1108 per
660 1071 778 1106 agros
810 1060 850 1094 et
880 1058 1145 1105 congregatos
1177 1054 1347 1104 agmine,
1380 1053 1558 1104 praedam

111 1141 194 1179 prae
226 1143 267 1167 se
298 1134 473 1178 agentes,
506 1132 547 1166 et
577 1134 710 1167 castra
741 1129 957 1167 cernebant
979 1128 1088 1166 haud
1114 1127 1255 1177 procul
1274 1126 1389 1164 Veiis
1415 1126 1558 1176 posita.

110 1200 212 1238 Inde
243 1201 418 1251 primum
436 1202 638 1239 miseratio
657 1201 731 1248 sui,
758 1201 906 1239 deinde
939 1200 1164 1249 indignitas
1188 1203 1309 1250 atque
1341 1213 1388 1236 ex
1421 1212 1468 1236 ea
1494 1199 1556 1236 ira
1573 1198 1596 1235 6

68 1292 77 1299 -
111 1274 265 1312 animos
296 1274 420 1324 cepit:
452 1274 687 1311 Etruscisne
718 1275 850 1320 etiam,
883 1287 905 1310 a
936 1273 1084 1323 quibus
1115 1272 1266 1310 bellum
1283 1270 1485 1308 Gallicum
1516 1271 1559 1308 in

54 1367 58 1370 ·
111 1359 153 1384 se
184 1346 436 1393 avertissent,
467 1346 646 1385 ludibrio
678 1359 762 1384 esse
794 1346 928 1383 clades
958 1344 1079 1382 suas?
1154 1344 1237 1383 Vix
1282 1343 1599 1393 temperavere?

109 1418 277 1466 animis,
325 1419 424 1469 quin
471 1419 675 1469 extemplo
723 1419 918 1468 impetum
963 1417 1160 1463 facerent3
1208 1416 1424 1466 compressi
1457 1430 1480 1452 a
1510 1416 1559 1464 Q.

111 1489 286 1529 Caedicio
318 1490 561 1537 centurione,
609 1504 726 1541 quem
765 1490 928 1528 sibimet
959 1489 1036 1539 ipsi
1067 1488 1344 1539 praefecerant,
1389 1503 1472 1526 rem
1518 1488 1560 1526 in

110 1567 266 1600 noctem
298 1563 537 1600 sustinuere.
583 1562 755 1601 Tantum
786 1576 858 1613 par
877 1562 1048 1600 Camillo
1073 1561 1203 1598 defuit
1233 1565 1392 1608 auctor3
1424 1560 1596 1599 cetera8

110 1634 250 1673 eodem
283 1635 425 1673 ordine
457 1634 676 1685 eodemque
708 1636 879 1673 fortunae
911 1639 1056 1673 eventu
1094 1638 1218 1683 gesta.
1288 1633 1397 1680 Quin
1437 1633 1557 1671 etiam

109 1707 282 1745 ducibus
314 1707 499 1757 captivis,
532 1707 602 1758 qui
634 1708 736 1745 caedi
767 1711 975 1746 nocturnae
1008 1707 1311 1757 superfuerant,
1352 1706 1403 1743 ad
1434 1706 1556 1743 aliam

111 1793 271 1818 manum
302 1779 527 1817 Tuscorum
558 1779 607 1818 ad
640 1778 800 1817 Salinas
840 1777 1024 1829 profecti,
1071 1782 1189 1817 nocte
1236 1779 1469 1829 insequente
1510 1792 1558 1816 ex

111 1852 328 1902 improviso
346 1852 535 1890 maiorem
560 1851 709 1889 caedem
733 1850 907 1898 edidere,
941 1851 1176 1902 duplicique
1202 1851 1375 1889 victoria.
1393 1854 1559 1888 ovantes

111 1923 239 1963 Veios
270 1923 451 1961 redeunt.

227 1995 366 2034 Romae
392 1996 556 2034 interim
579 1996 813 2046 plerumque
841 1996 998 2034 obsidio
1023 1995 1157 2045 segnis
1175 1998 1215 2033 et
1230 1996 1419 2045 utrinque
1437 1995 1555 2032 silen-
1630 1992 1688 2040 46

112 2068 215 2106 tium
247 2081 343 2115 esse,
375 2067 424 2106 ad
456 2068 496 2105 id
527 2071 682 2106 tantum
711 2069 877 2106 intentis
904 2067 1046 2114 Gallis,
1077 2081 1127 2105 ne
1153 2067 1244 2118 quis
1271 2068 1443 2106 hostium
1471 2081 1560 2106 eva-

115 2141 208 2178 dere
240 2140 344 2178 inter
385 2140 580 2178 stationes
611 2145 757 2190 posset,
801 2155 923 2191 quum
959 2143 1125 2191 repente
1167 2140 1324 2178 iuvenis
1355 2140 1561 2178 Romanus

111 2212 382 2252 admiratione
412 2213 454 2249 in
485 2225 526 2250 se
558 2213 664 2251 cives
694 2213 907 2263 hostesque
939 2213 1147 2252 convertit.
1194 2212 1442 2251 Sacrificium
1472 2214 1599 2250 erat2

115 2289 264 2324 statum
297 2285 336 2322 in
369 2284 573 2332 Quirinali
604 2285 706 2324 colle
737 2286 849 2335 genti
880 2286 1033 2324 Fabiae.-
1091 2284 1161 2322 Ad
1199 2285 1242 2323 id
1265 2285 1492 2323 faciendum
1518 2285 1561 2323 C.

116 2357 271 2397 Fabius
302 2358 477 2403 Dorsuo,
509 2356 668 2395 Gabino
700 2359 852 2406 cinctu,
891 2372 1004 2396 sacra
1034 2358 1221 2395 manibus
1252 2371 1407 2407 gerens,
1439 2370 1561 2407 quum

116 2429 167 2468 de
213 2430 416 2481 Capitolio
464 2429 753 2477 descendisset,
807 2444 878 2481 per
931 2430 1080 2468 medias
1134 2430 1310 2468 hostium
1368 2429 1561 2467 stationes

117 2515 314 2552 egressus,
345 2502 449 2540 nihil
474 2502 525 2540 ad
549 2515 684 2540 vocem
710 2502 944 2553 cuiusquam
968 2506 1214 2541 terroremve
1241 2505 1383 2547 motus,
1407 2502 1446 2538 in
1465 2500 1560 2548 Qui-

116 2574 284 2612 rinalem
317 2575 461 2612 collem
493 2575 695 2624 pervenit3
727 2574 865 2625 ibique
889 2576 1074 2614 omnibus
1102 2574 1350 2613 sollemniter
1373 2573 1600 2623 peractis,3

116 2646 258 2684 eadem
288 2650 494 2685 revertens
526 2646 710 2684 similiter
735 2648 935 2685 constanti
960 2647 1073 2685 vultu
1101 2645 1323 2696 graduque,
1355 2646 1450 2682 satis
1477 2658 1563 2695 spe-

119 2730 214 2756 rans
251 2719 454 2769 propitios
491 2732 575 2757 esse
608 2719 716 2766 deos,
757 2733 926 2769 quorum
966 2719 1117 2757 cultum
1148 2732 1197 2756 ne
1229 2717 1368 2755 mortis
1400 2716 1564 2767 quidem
