1821 2928
553 159 640 185 Liber
660 160 728 184 vn.
767 160 814 187 (Α.
835 160 886 185 eh.
907 160 1063 189 κιο-πο.)
1427 150 1476 187 73

101 279 298 326 putarent.
358 276 471 312 Inter
510 275 580 312 hos
621 275 738 323 longe,
780 275 975 312 maximus
1006 275 1165 311 exstitit
1203 279 1332 312 terror
1363 274 1578 312 concilia5

102 344 339 394 populorum
380 344 617 382 Latinorum
658 343 708 381 ad
750 344 880 380 lucum
923 344 1151 380 Ferentinae
1197 343 1336 380 habita
1377 357 1535 392 respon-

102 426 265 463 sumque
283 413 390 450 haud
407 412 639 461 ambiguum
672 412 964 462 imperantibus
996 412 1146 450 milites
1163 412 1357 450 Romanis
1390 412 1537 457 datum,

101 481 343 519 absisterent
375 481 571 531 imperare
596 481 659 527 iis,
691 494 856 530 quorum
882 481 1035 518 auxilio
1054 485 1233 530 egerent3
1264 480 1433 517 Latinos
1463 493 1534 529 pro
1554 480 1579 516 6

102 562 173 586 sua,
204 549 390 587 libertate
431 549 565 599 potius
597 563 715 599 quam
756 563 828 599 pro
860 550 990 587 alieno
1024 550 1193 599 imperio
1234 550 1386 586 laturos
1417 562 1538 586 arma.

102 618 214 655 Inter
246 617 324 656 duo
356 618 474 655 simul
504 618 610 655 bella
643 622 807 655 externa
838 618 1062 655 defectione
1095 618 1214 655 etiam
1247 618 1446 655 sociorum
1477 631 1534 654 se·
1555 618 1578 653 7

103 690 218 723 natus
249 686 405 733 anxius,
436 700 557 735 quum
589 690 778 734 cerneret,
820 690 926 724 metu
957 687 1161 733 tenendos,
1202 700 1300 735 quos
1331 686 1428 723 fides
1459 699 1538 722 non

101 755 314 801 tenuisset,
361 754 573 791 extendere
621 769 754 793 omnes
801 755 962 805 imperii
1007 756 1114 793 vires
1161 755 1340 793 consules
1387 754 1538 790 dilectu

103 823 288 860 habendo
322 824 454 860 iussit:
497 824 611 860 civili
645 824 794 874 quippe
826 824 1008 861 standum
1042 824 1221 861 exercitu
1254 837 1347 869 esse,
1379 822 1538 872 quando

103 892 264 930 socialis
296 891 449 942 [custus]
482 892 690 930 desereret.
750 892 954 942 Undique,
984 906 1063 929 non
1094 892 1248 929 urbana
1272 895 1440 937 tantum,
1470 890 1538 927 sed
1556 891 1583 927 8

104 960 225 998 etiam
243 961 392 1009 agresti
425 961 641 1008 iuventute,
673 962 808 999 decem
840 962 1018 1010 legiones
1050 961 1208 1010 script-<e
1226 960 1415 998 dicuntur
1447 972 1540 1008 qua-

102 1032 261 1066 ternum
286 1029 459 1066 millium
477 1033 515 1066 et
533 1030 775 1067 ducenorum
799 1030 980 1079 peditum
999 1030 1257 1079 equitumque
1280 1034 1542 1074 trecenorum,

104 1111 221 1148 quem
253 1112 355 1135 nunc
387 1113 531 1136 novum
551 1099 781 1146 exercitum,
812 1099 845 1136 si
878 1112 956 1148 qua
988 1104 1152 1135 externa
1183 1098 1243 1135 vis
1276 1099 1449 1146 ingruat,
1479 1097 1540 1133 liae
1559 1098 1582 1133 9

102 1166 209 1203 vires
249 1167 389 1216 populi
429 1167 614 1213 Romani,
661 1180 758 1217 quas
789 1168 857 1205 vix
896 1172 1092 1205 terrarum
1135 1167 1244 1217 capit
1285 1166 1404 1213 orbis,
1451 1179 1540 1202 con-

102 1239 240 1272 tractae
272 1235 314 1272 in
337 1249 458 1273 unum
490 1236 598 1273 haud
628 1236 747 1274 facile
772 1235 967 1282 efficiant3
999 1237 1097 1273 adeo
1132 1236 1173 1272 in
1197 1248 1284 1285 quae
1315 1235 1542 1271 laborantus

57 1335 60 1337 .
103 1304 187 1342 sola
218 1304 427 1351 crevimus,
461 1305 628 1342 divitias
659 1305 949 1354 luxuriamque.

217 1373 330 1410 Inter
361 1377 492 1410 cetera
522 1373 657 1410 tristia
690 1374 774 1410 eius
806 1373 901 1410 anni
933 1373 1071 1410 consul
1102 1372 1328 1421 alterApp.
1347 1369 1541 1408 Claudius
1563 1372 1614 1408 10

106 1443 147 1479 in
181 1442 267 1491 ipso
300 1441 398 1478 belli
417 1445 612 1491 apparatu
630 1442 816 1487 moritur3
848 1442 1132 1491 redieruntque
1163 1454 1225 1478 res
1249 1440 1300 1478 ad
1318 1439 1543 1485 Camillum,

105 1510 169 1547 cui
201 1510 320 1547 unico
345 1510 500 1547 consuli
518 1510 581 1547 vel
600 1511 649 1547 ob
667 1511 788 1548 aliam
806 1510 1081 1559 dignationem
1114 1509 1220 1546 haud
1244 1508 1539 1546 subiiciendam
1562 1510 1609 1546 11

103 1578 316 1616 dictaturae
347 1577 409 1615 vel
442 1578 491 1616 ob
523 1592 637 1615 omen
669 1579 843 1616 faustum
861 1578 911 1616 ad
930 1576 1130 1616 Gallicum
1163 1578 1379 1615 tumultum
1397 1589 1540 1624 cogno·

104 1646 223 1684 minis
255 1645 493 1683 dictatorem
524 1647 707 1695 arrogari
738 1647 846 1684 haud
877 1648 974 1685 satis
1006 1647 1193 1684 decorum
1224 1647 1352 1684 visum
1385 1650 1444 1682 est
1474 1658 1541 1694 pa-

102 1715 246 1752 tribus.
308 1715 468 1762 Consul,
487 1715 641 1753 duabus
673 1716 903 1765 legionibus
934 1716 1026 1753 urbi
1058 1715 1299 1766 praepositis,
1331 1718 1419 1752 octo
1452 1726 1538 1750 cum
1560 1715 1608 1751 12

104 1783 148 1821 L.
179 1783 348 1820 Pinario
379 1787 550 1833 praetore
583 1783 738 1832 divisis,
768 1799 918 1822 memor
948 1788 1125 1835 paternae
1155 1783 1321 1821 virtutis
1339 1781 1541 1819 Gallicum

104 1851 184 1889 sibi
215 1851 364 1889 bellum
410 1856 523 1889 extra
555 1857 700 1890 sortem
733 1854 866 1900 sumit,
896 1857 1107 1904 praetorem
1147 1852 1390 1889 maritimam
1431 1863 1540 1886 oram

101 1920 228 1957 tutari
252 1918 492 1969 Graecosque
525 1935 658 1958 arcere
691 1922 881 1959 litoribus
914 1923 1042 1959 iussit.
1088 1921 1142 1958 Et
1173 1934 1293 1970 quum
1326 1919 1367 1956 in
1399 1931 1538 1967 agrum
1559 1921 1609 1957 13

104 1987 365 2037 Pomptinum
384 1989 667 2036 descendisset,
698 1990 793 2039 quia
817 2004 945 2039 neque
978 1991 1019 2027 in
1037 1989 1188 2038 campis
1205 1987 1398 2037 congredi
1428 1986 1540 2024 nulla

104 2061 268 2105 cogente
300 2070 341 2093 re
372 2056 534 2094 volebat.
565 2061 603 2094 et
634 2058 888 2107 prohibendo
919 2058 1264 2109 populationibus,
1295 2069 1393 2106 quos
1423 2058 1538 2105 rapto

103 2125 238 2163 vivere
271 2126 484 2163 necessitas
503 2131 671 2174 cogeret,
703 2127 801 2164 satis
819 2126 974 2165 domari
992 2127 1182 2164 credebat
1212 2126 1376 2171 host-em,
1408 2124 1538 2160 locum

105 2193 290 2231 idoneum
332 2194 490 2231 stativis
532 2194 696 2243 delegit.
755 2195 841 2232 Ubi
883 2209 1003 2245 quum
1044 2193 1091 2235 ‘in
1135 2193 1379 2233 stationibus
1411 2191 1538 2242 quieti
1615 2191 1673 2238 26

102 2267 258 2312 tempus
288 2266 474 2309 tererent,
516 2261 657 2299 Gallus
698 2265 895 2312 processit
935 2264 1214 2313 magnitudine
1255 2267 1375 2312 atque
1416 2260 1538 2298 armis

105 2330 293 2380 insignis3
335 2331 598 2381 quatiensque
631 2336 784 2369 scutum
823 2333 937 2370 hasta
968 2347 1088 2383 quum
1131 2331 1337 2369 silentium
1369 2329 1538 2374 fecisset,

103 2403 294 2448 provocat
326 2413 395 2449 per
428 2399 684 2449 interpretem
715 2413 835 2437 unum
869 2415 915 2437 ex
930 2401 1137 2448 Romanis,
1169 2402 1237 2450 qui
1270 2413 1400 2438 secum
1432 2400 1537 2437 ferro

105 2467 302 2505 decernat.
360 2467 415 2504 M.
447 2472 533 2506 erat
550 2468 740 2506 Valerius
770 2469 956 2507 tribunus
988 2470 1162 2507 militum
1194 2469 1435 2515 adolescens,
1467 2467 1577 2518 qui2

106 2535 211 2573 haud
243 2536 514 2585 indigniorem
548 2552 592 2574 eo
617 2538 758 2574 decore
791 2552 829 2574 se
848 2551 964 2587 quam
983 2538 1027 2575 Τ.
1046 2539 1242 2576 Manlium
1274 2542 1394 2582 ratus,
1426 2537 1537 2586 prius

106 2603 332 2642 sciscitatus
363 2605 538 2642 consulis
555 2605 814 2652 voluntatem,
846 2606 887 2642 in
919 2606 1092 2643 medium
1125 2611 1300 2643 armatus
1331 2605 1537 2655 processit.
