1821 2928
270 112 323 150 68
715 107 830 143 Liber
854 106 907 142 ΙΙ.
956 108 1017 151 (A.
1044 118 1079 141 u.
1105 118 1135 141 c.
1161 105 1255 149 245.)

267 236 380 274 varia
418 235 586 273 victoria
625 238 663 272 et
705 234 817 272 velut
858 247 970 284 aequo
1002 233 1134 271 Marte
1167 236 1390 283 pugnatum
1421 236 1496 279 est;
1536 232 1701 271 dextera

198 308 247 347 11
267 308 455 358 utrinque
498 319 643 344 cornua
681 306 825 355 vicere,
873 306 973 344 laeva
1004 308 1204 355 superata.
1265 303 1466 351 Veientes,
1511 305 1619 343 vinci
1650 305 1698 342 ab

268 379 449 418 Romano
481 378 608 416 milite
639 378 796 424 assueti,
837 378 915 415 fusi
953 377 1180 427 fugatique3
1220 375 1536 426 Tarquiniensis,
1577 389 1701 415 novus

268 450 405 495 hostis,
444 462 522 486 non
561 449 673 487 stetit
713 450 852 499 solum,
896 449 965 487 sed
997 450 1116 487 etiam
1147 448 1196 486 ab
1229 461 1301 487 sua
1331 452 1445 498 parte
1475 448 1699 486 Romanum

131 521 155 569 7
270 521 439 572 pepulit.
484 521 549 559 Ita
580 535 700 571 quum
732 524 953 572 pugnatum
985 524 1098 567 esset,
1128 523 1264 558 tantus
1293 523 1423 558 terror
1440 519 1701 570 Tarquinium

270 597 390 644 atque
415 593 608 631 Etruscos
633 593 810 643 incessit,
835 597 891 643 ut,
921 593 1065 631 omissa
1091 593 1203 630 irrita
1227 605 1283 640 re,
1310 595 1426 630 nocte
1451 591 1566 630 ambo
1593 605 1704 630 exer-

271 665 387 713 citus,
420 663 570 702 Veiens
602 664 1001 715 Tarquiniensisque,
1042 677 1132 702 suas
1165 664 1335 714 quisque
1366 663 1526 702 abirent
1556 663 1703 702 domos.

227 739 251 776 2
269 736 485 775 Adjiciunt
526 736 720 774 miracula
756 735 849 774 huic
879 749 1041 787 pugnae:
1086 736 1246 774 silentio
1276 735 1468 785 proximae
1499 736 1626 774 noctis
1657 749 1704 774 ex

271 809 373 847 silva
391 808 514 846 Arsia
546 809 746 857 ingentem
778 808 926 846 editam
956 820 1113 854 vocem3
1148 806 1306 845 Silvani
1335 820 1470 845 vocem
1502 820 1589 846 eam
1620 820 1704 845 cre-

273 881 418 927 ditam;
450 881 534 918 haec
567 880 688 917 dicta:
720 893 799 918 uno
831 880 920 930 plus
939 879 1160 918 Tuscorum
1191 878 1380 917 cecidisse
1412 879 1453 916 in
1483 879 1587 926 acie;
1620 879 1705 917 vin·

229 955 253 992 3
271 966 359 991 cere
389 952 499 990 bello
526 952 762 991 Romanum.
809 951 875 990 Ita
907 955 1013 989 certe
1044 951 1137 989 inde
1169 951 1315 997 abiere,
1344 950 1516 988 Romani
1548 954 1593 988 ut
1622 950 1704 989 vic-

271 1028 390 1071 tores,
421 1024 581 1062 Etrusci
611 1036 685 1073 pro
715 1023 849 1069 victis;
883 1037 973 1062 nam
1004 1027 1215 1073 postquam
1238 1021 1377 1059 illuxit
1399 1034 1471 1059 nec
1495 1022 1706 1072 quisquam

272 1096 446 1134 hostium
486 1095 529 1132 in
568 1099 783 1145 conspectu
824 1099 919 1141 erat,
964 1095 1012 1135 P.
1045 1094 1234 1133 Valerius
1265 1094 1403 1132 consul
1433 1094 1562 1144 spolia
1592 1094 1704 1144 legit,

228 1167 604 1218 4triumphansque
644 1167 738 1205 inde
767 1167 936 1205 Romam
978 1166 1114 1206 rediit.
1177 1166 1351 1216 Collegae
1381 1166 1510 1213 funus,
1556 1169 1706 1216 quanto

271 1243 354 1278 tum
386 1239 519 1289 potuit
544 1242 752 1289 apparatu,
781 1239 894 1285 fecit;
928 1238 997 1276 sed
1025 1238 1149 1276 multo
1175 1238 1300 1276 maius
1325 1237 1444 1276 morti
1472 1237 1592 1275 decus
1608 1237 1706 1288 pub-

273 1310 353 1349 lica
384 1310 463 1348 fuit
494 1310 692 1357 maestitia,
725 1323 769 1347 eo
802 1313 894 1348 ante
925 1310 1060 1348 omnia
1090 1309 1274 1359 insignis,
1306 1309 1401 1359 quia
1424 1313 1614 1348 matronae
1639 1323 1705 1348 an-

273 1395 366 1420 num
396 1386 442 1420 ut
470 1384 676 1432 parentem
707 1394 796 1419 eum
825 1381 1025 1428 luxerunt,
1058 1381 1168 1431 quod
1193 1384 1273 1419 tam
1299 1393 1389 1419 acer
1413 1381 1523 1419 ultor
1547 1380 1707 1420 violatae

273 1453 484 1504 pudicitiae
515 1453 669 1492 fuisset.

233 1525 257 1564 5
390 1525 557 1564 Consuli
587 1524 745 1572 deinde,
776 1525 846 1575 qui
877 1525 1144 1575 superfuerat,
1175 1528 1220 1563 ut
1247 1528 1340 1563 sunt
1364 1523 1576 1562 mutabiles
1599 1524 1711 1574 vulgi

275 1597 413 1647 animi,
455 1609 502 1634 ex
531 1597 666 1634 favore
696 1609 775 1633 non
806 1596 959 1635 invidia
990 1596 1120 1645 modo,
1163 1596 1234 1634 sed
1265 1596 1437 1646 suspicio
1469 1596 1590 1633 etiam
1622 1609 1711 1634 cum

235 1668 402 1707 6atroci
444 1667 612 1705 crimine
650 1670 749 1705 orta.
809 1667 993 1716 Regnum
1040 1681 1128 1705 eum
1173 1667 1356 1705 affectare
1401 1667 1505 1706 fama
1546 1668 1712 1715 ferebat,

277 1740 374 1790 quia
403 1752 475 1777 nec
507 1738 703 1787 collegam
735 1739 1024 1788 subrogaverat
1055 1739 1098 1777 in
1129 1739 1259 1777 locum
1276 1738 1397 1776 Bruti
1424 1743 1463 1777 et
1488 1739 1712 1778 aedificabat

277 1812 319 1849 in
344 1824 495 1850 summa
512 1809 652 1848 Velia:
681 1810 762 1848 alto
787 1814 906 1860 atque
933 1811 1085 1849 munito
1111 1811 1199 1849 loco
1215 1823 1347 1849 arcem
1363 1810 1711 1861 inexpugnabilem

239 1883 260 1920 7
280 1883 376 1921 fore.
422 1882 521 1920 Haec
553 1882 660 1920 dicta
690 1882 810 1932 vulgo
843 1883 1075 1932 creditaque
1107 1895 1229 1932 quum
1254 1882 1494 1931 indignitate
1519 1889 1713 1935 angerent

278 1955 452 1993 consulis
469 1954 654 2000 animum,
685 1957 824 1992 vocato
841 1954 892 1992 ad
917 1954 1131 1992 concilium
1157 1954 1320 2004 populo,
1348 1953 1568 1991 summissis
1593 1953 1711 1991 fasci-

278 2027 353 2065 bus
384 2026 426 2064 in
457 2026 683 2064 contionem
713 2026 904 2066 escendit.
951 2025 1122 2064 Gratum
1152 2026 1194 2063 id
1226 2026 1476 2064 multitudini
1507 2028 1711 2076 spectacu-

279 2099 362 2137 lum
392 2098 481 2143 fuit,
512 2097 719 2136 summissa
747 2097 826 2135 sibi
849 2111 933 2136 esse
958 2098 1118 2148 imperii
1145 2097 1320 2147 insignia
1345 2097 1712 2146 confessionemque

278 2170 436 2216 factam,
481 2169 623 2220 populi
667 2182 786 2219 quam
823 2170 997 2208 consulis
1037 2169 1286 2207 maiestatem
1322 2169 1483 2219 vimque
1524 2168 1712 2206 maiorem

240 2241 378 2279 8esse.
437 2240 505 2278 Ibi
550 2240 691 2278 audire
734 2241 864 2288 iussis,
908 2241 1048 2279 consul
1087 2241 1252 2279 laudare
1289 2241 1490 2279 fortunam
1533 2240 1711 2291 collegae,

281 2312 390 2364 quod
420 2312 590 2350 liberata
620 2313 766 2362 patria,
799 2313 841 2350 in
871 2326 1022 2351 summo
1047 2313 1209 2362 honore,
1241 2326 1314 2362 pro
1338 2325 1381 2350 re
1409 2312 1572 2362 publica
1597 2311 1712 2350 dimi-

281 2397 387 2434 cans,
420 2386 575 2421 matura
606 2384 737 2432 gloria
766 2385 932 2422 necdum
964 2398 1004 2422 se
1035 2387 1214 2422 vertente
1244 2384 1285 2421 in
1310 2384 1513 2430 invidiam,
1545 2387 1712 2422 mortem

283 2455 551 2501 occubuisset;
592 2468 632 2492 se
673 2455 926 2504 superstitem
957 2456 1098 2504 gloriae
1129 2468 1210 2494 suae
1241 2454 1292 2493 ad
1323 2455 1471 2493 crimen
1502 2458 1620 2505 atque
1651 2455 1714 2493 in-

282 2527 432 2566 vidiam
463 2539 684 2577 superesse3
716 2539 764 2564 ex
796 2526 1013 2564 liberatore
1044 2527 1186 2577 patriae
1219 2526 1270 2565 ad
1300 2526 1493 2576 Aquilios
1523 2539 1564 2564 se
1582 2525 1711 2565 Vitel-

245 2599 442 2648 9liosque
472 2598 673 2636 recidisse.
737 2597 1027 2647 „Nunquamne
1059 2601 1179 2647 ergo“
1212 2598 1345 2648 inquit
1377 2597 1487 2644 „ulla
1517 2597 1616 2636 adeo
1646 2611 1713 2636 vo-

286 2670 347 2708 bis
374 2673 553 2720 spectata
578 2670 704 2708 virtus
727 2669 815 2716 erit,
838 2672 884 2707 ut
909 2669 1135 2719 suspicione
1151 2669 1294 2707 violari
1311 2668 1510 2718 nequeat?
1535 2669 1623 2719 Ego
1640 2683 1713 2716 me,
