<?xml version="1.0" encoding="UTF-8"?>
<!DOCTYPE html PUBLIC "-//W3C//DTD XHTML 1.0 Transitional//EN"
    "http://www.w3.org/TR/xhtml1/DTD/xhtml1-transitional.dtd">
<html xmlns="http://www.w3.org/1999/xhtml" xml:lang="en" lang="en">
 <head>
  <title>
</title>
<meta http-equiv="Content-Type" content="text/html;charset=utf-8" />
  <meta name='ocr-system' content='tesseract 3.04.00' />
  <meta name='ocr-capabilities' content='ocr_page ocr_carea ocr_par ocr_line ocrx_word'/>
</head>
<body>
  <div class='ocr_page' id='page_1' title='image "./historiarumroman01livyuoft_0252.png"; bbox 0 0 1821 2928; ppageno 0'>
   <div class='ocr_carea' id='block_1_1' title="bbox 197 1805 250 1852">
    <p class='ocr_par' dir='ltr' id='par_1_1' title="bbox 197 1805 250 1852">
     <span class='ocr_line' id='line_1_1' title="bbox 197 1805 250 1852; baseline -0.019 0"><span class='ocrx_word' id='word_1_1' title='bbox 197 1805 250 1852; x_wconf 77' lang='lat'>32</span> 
     </span>
    </p>
   </div>
   <div class='ocr_carea' id='block_1_2' title="bbox 327 104 1316 148">
    <p class='ocr_par' dir='ltr' id='par_1_2' title="bbox 327 104 1316 148">
     <span class='ocr_line' id='line_1_2' title="bbox 327 104 1316 148; baseline 0.003 -12"><span class='ocrx_word' id='word_1_2' title='bbox 327 109 406 146; x_wconf 74' lang='lat'>2526</span> <span class='ocrx_word' id='word_1_3' title='bbox 764 104 877 140; x_wconf 83' lang='lat' dir='ltr'>Liber</span> <span class='ocrx_word' id='word_1_4' title='bbox 902 104 970 139; x_wconf 89' lang='lat' dir='ltr'>IV.</span> <span class='ocrx_word' id='word_1_5' title='bbox 1019 106 1079 148; x_wconf 79' lang='lat' dir='ltr'>(A.</span> <span class='ocrx_word' id='word_1_6' title='bbox 1105 115 1141 138; x_wconf 91' lang='lat' dir='ltr'>u.</span> <span class='ocrx_word' id='word_1_7' title='bbox 1167 116 1196 139; x_wconf 88' lang='lat' dir='ltr'>c.</span> <span class='ocrx_word' id='word_1_8' title='bbox 1223 105 1316 144; x_wconf 49' lang='lat'><strong>328.)</strong></span> 
     </span>
    </p>
   </div>
   <div class='ocr_carea' id='block_1_3' title="bbox 283 231 1793 2787">
    <p class='ocr_par' dir='ltr' id='par_1_3' title="bbox 287 231 1757 497">
     <span class='ocr_line' id='line_1_3' title="bbox 287 231 1754 282; baseline 0.001 -12"><span class='ocrx_word' id='word_1_9' title='bbox 287 233 388 270; x_wconf 78' lang='lat' dir='ltr'>4est</span> <span class='ocrx_word' id='word_1_10' title='bbox 428 235 644 282; x_wconf 79' lang='lat' dir='ltr'>acceptum.</span> <span class='ocrx_word' id='word_1_11' title='bbox 705 231 846 270; x_wconf 82' lang='lat' dir='ltr'>Maesta</span> <span class='ocrx_word' id='word_1_12' title='bbox 885 233 1024 270; x_wconf 82' lang='lat' dir='ltr'>civitas</span> <span class='ocrx_word' id='word_1_13' title='bbox 1065 232 1141 269; x_wconf 75' lang='lat' dir='ltr'>fuit</span> <span class='ocrx_word' id='word_1_14' title='bbox 1171 231 1278 269; x_wconf 89' lang='lat' dir='ltr'>vinci</span> <span class='ocrx_word' id='word_1_15' title='bbox 1309 232 1480 279; x_wconf 81' lang='lat' dir='ltr'>insueta;</span> <span class='ocrx_word' id='word_1_16' title='bbox 1525 231 1654 271; x_wconf 87' lang='lat' dir='ltr'>odisse</span> <span class='ocrx_word' id='word_1_17' title='bbox 1683 235 1754 271; x_wconf 87' lang='lat' dir='ltr'>tri·</span> 
     </span>
     <span class='ocr_line' id='line_1_4' title="bbox 326 303 1755 353; baseline 0.001 -12"><span class='ocrx_word' id='word_1_18' title='bbox 326 305 464 349; x_wconf 85' lang='lat' dir='ltr'>bunos,</span> <span class='ocrx_word' id='word_1_19' title='bbox 509 317 671 353; x_wconf 87' lang='lat' dir='ltr'>poscere</span> <span class='ocrx_word' id='word_1_20' title='bbox 718 303 970 342; x_wconf 82' lang='lat' dir='ltr'>dictatorem:</span> <span class='ocrx_word' id='word_1_21' title='bbox 1018 304 1059 341; x_wconf 87' lang='lat' dir='ltr'>in</span> <span class='ocrx_word' id='word_1_22' title='bbox 1107 316 1151 341; x_wconf 90' lang='lat' dir='ltr'>eo</span> <span class='ocrx_word' id='word_1_23' title='bbox 1196 303 1298 341; x_wconf 76' lang='lat' dir='ltr'>verti</span> <span class='ocrx_word' id='word_1_24' title='bbox 1338 315 1428 353; x_wconf 89' lang='lat' dir='ltr'>spes</span> <span class='ocrx_word' id='word_1_25' title='bbox 1459 304 1643 343; x_wconf 81' lang='lat' dir='ltr'>civitatis.</span> <span class='ocrx_word' id='word_1_26' title='bbox 1703 305 1755 343; x_wconf 88' lang='lat' dir='ltr'>Et</span> 
     </span>
     <span class='ocr_line' id='line_1_5' title="bbox 327 375 1757 426; baseline 0.001 -14"><span class='ocrx_word' id='word_1_27' title='bbox 327 389 447 426; x_wconf 88' lang='lat' dir='ltr'>quum</span> <span class='ocrx_word' id='word_1_28' title='bbox 480 375 537 412; x_wconf 92' lang='lat' dir='ltr'>ibi</span> <span class='ocrx_word' id='word_1_29' title='bbox 569 388 725 425; x_wconf 86' lang='lat' dir='ltr'>quoque</span> <span class='ocrx_word' id='word_1_30' title='bbox 756 376 901 425; x_wconf 83' lang='lat' dir='ltr'>religio</span> <span class='ocrx_word' id='word_1_31' title='bbox 934 376 1121 421; x_wconf 76' lang='lat' dir='ltr'>obstaret,</span> <span class='ocrx_word' id='word_1_32' title='bbox 1153 388 1202 412; x_wconf 91' lang='lat' dir='ltr'>ne</span> <span class='ocrx_word' id='word_1_33' title='bbox 1232 387 1309 411; x_wconf 87' lang='lat' dir='ltr'>non</span> <span class='ocrx_word' id='word_1_34' title='bbox 1340 378 1473 424; x_wconf 86' lang='lat' dir='ltr'>posset</span> <span class='ocrx_word' id='word_1_35' title='bbox 1502 375 1580 414; x_wconf 89' lang='lat' dir='ltr'>nisi</span> <span class='ocrx_word' id='word_1_36' title='bbox 1598 376 1647 414; x_wconf 84' lang='lat' dir='ltr'>ab</span> <span class='ocrx_word' id='word_1_37' title='bbox 1665 390 1757 415; x_wconf 87' lang='lat' dir='ltr'>con-</span> 
     </span>
     <span class='ocr_line' id='line_1_6' title="bbox 327 446 1755 497; baseline 0.001 -12"><span class='ocrx_word' id='word_1_38' title='bbox 327 448 411 486; x_wconf 89' lang='lat' dir='ltr'>sule</span> <span class='ocrx_word' id='word_1_39' title='bbox 443 447 523 485; x_wconf 89' lang='lat' dir='ltr'>dici</span> <span class='ocrx_word' id='word_1_40' title='bbox 556 448 738 494; x_wconf 83' lang='lat' dir='ltr'>dictator,</span> <span class='ocrx_word' id='word_1_41' title='bbox 777 460 945 497; x_wconf 83' lang='lat' dir='ltr'>augures</span> <span class='ocrx_word' id='word_1_42' title='bbox 984 446 1157 485; x_wconf 80' lang='lat' dir='ltr'>consulti</span> <span class='ocrx_word' id='word_1_43' title='bbox 1189 459 1272 484; x_wconf 89' lang='lat' dir='ltr'>eam</span> <span class='ocrx_word' id='word_1_44' title='bbox 1303 446 1537 496; x_wconf 85' lang='lat' dir='ltr'>religionem</span> <span class='ocrx_word' id='word_1_45' title='bbox 1569 460 1755 486; x_wconf 83' lang='lat' dir='ltr'>exemere.</span> 
     </span>
    </p>

    <p class='ocr_par' dir='ltr' id='par_1_4' title="bbox 286 515 1756 783">
     <span class='ocr_line' id='line_1_7' title="bbox 286 515 1755 569; baseline 0.001 -12"><span class='ocrx_word' id='word_1_46' title='bbox 286 519 309 557; x_wconf 89' lang='lat'>5</span> <span class='ocrx_word' id='word_1_47' title='bbox 328 519 380 556; x_wconf 89' lang='lat' dir='ltr'>A.</span> <span class='ocrx_word' id='word_1_48' title='bbox 414 518 621 556; x_wconf 88' lang='lat' dir='ltr'>Cornelius</span> <span class='ocrx_word' id='word_1_49' title='bbox 652 518 885 557; x_wconf 82' lang='lat' dir='ltr'>dictatorem</span> <span class='ocrx_word' id='word_1_50' title='bbox 917 519 1035 556; x_wconf 85' lang='lat' dir='ltr'>Mam.</span> <span class='ocrx_word' id='word_1_51' title='bbox 1068 518 1276 556; x_wconf 86' lang='lat' dir='ltr'>AEmilium</span> <span class='ocrx_word' id='word_1_52' title='bbox 1307 518 1409 555; x_wconf 85' lang='lat' dir='ltr'>dixit</span> <span class='ocrx_word' id='word_1_53' title='bbox 1443 522 1483 556; x_wconf 86' lang='lat' dir='ltr'>et</span> <span class='ocrx_word' id='word_1_54' title='bbox 1513 515 1610 569; x_wconf 72' lang='lat' dir='ltr'>ipse&#39;</span> <span class='ocrx_word' id='word_1_55' title='bbox 1629 519 1679 558; x_wconf 82' lang='lat' dir='ltr'>ab</span> <span class='ocrx_word' id='word_1_56' title='bbox 1711 532 1755 557; x_wconf 91' lang='lat' dir='ltr'>eo</span> 
     </span>
     <span class='ocr_line' id='line_1_8' title="bbox 328 590 1756 640; baseline 0.001 -13"><span class='ocrx_word' id='word_1_57' title='bbox 328 591 517 639; x_wconf 84' lang='lat' dir='ltr'>magister</span> <span class='ocrx_word' id='word_1_58' title='bbox 547 592 724 640; x_wconf 81' lang='lat' dir='ltr'>equitum</span> <span class='ocrx_word' id='word_1_59' title='bbox 755 594 813 628; x_wconf 86' lang='lat' dir='ltr'>est</span> <span class='ocrx_word' id='word_1_60' title='bbox 846 591 996 636; x_wconf 76' lang='lat' dir='ltr'>dictus3</span> <span class='ocrx_word' id='word_1_61' title='bbox 1028 590 1139 636; x_wconf 88' lang='lat' dir='ltr'>adeo,</span> <span class='ocrx_word' id='word_1_62' title='bbox 1171 590 1290 627; x_wconf 92' lang='lat' dir='ltr'>simul</span> <span class='ocrx_word' id='word_1_63' title='bbox 1307 590 1467 628; x_wconf 86' lang='lat' dir='ltr'>fortuna</span> <span class='ocrx_word' id='word_1_64' title='bbox 1483 590 1661 629; x_wconf 84' lang='lat' dir='ltr'>civitatis</span> <span class='ocrx_word' id='word_1_65' title='bbox 1677 591 1756 629; x_wconf 89' lang='lat' dir='ltr'>vir-</span> 
     </span>
     <span class='ocr_line' id='line_1_9' title="bbox 325 661 1756 712; baseline 0 -12"><span class='ocrx_word' id='word_1_66' title='bbox 325 666 410 700; x_wconf 83' lang='lat' dir='ltr'>tute</span> <span class='ocrx_word' id='word_1_67' title='bbox 440 675 535 700; x_wconf 85' lang='lat' dir='ltr'>vera</span> <span class='ocrx_word' id='word_1_68' title='bbox 565 664 684 711; x_wconf 81' lang='lat' dir='ltr'>eguit,</span> <span class='ocrx_word' id='word_1_69' title='bbox 715 663 814 700; x_wconf 84' lang='lat' dir='ltr'>nihil</span> <span class='ocrx_word' id='word_1_70' title='bbox 847 662 1025 700; x_wconf 84' lang='lat' dir='ltr'>censoria</span> <span class='ocrx_word' id='word_1_71' title='bbox 1053 661 1344 699; x_wconf 86' lang='lat' dir='ltr'>animadversio</span> <span class='ocrx_word' id='word_1_72' title='bbox 1362 661 1502 709; x_wconf 84' lang='lat' dir='ltr'>effecit,</span> <span class='ocrx_word' id='word_1_73' title='bbox 1532 675 1610 712; x_wconf 90' lang='lat' dir='ltr'>quo</span> <span class='ocrx_word' id='word_1_74' title='bbox 1628 662 1756 700; x_wconf 87' lang='lat' dir='ltr'>minus</span> 
     </span>
     <span class='ocr_line' id='line_1_10' title="bbox 326 733 1502 783; baseline -0.001 -12"><span class='ocrx_word' id='word_1_75' title='bbox 326 734 504 782; x_wconf 84' lang='lat' dir='ltr'>regimen</span> <span class='ocrx_word' id='word_1_76' title='bbox 535 747 666 772; x_wconf 86' lang='lat' dir='ltr'>rerum</span> <span class='ocrx_word' id='word_1_77' title='bbox 698 747 746 772; x_wconf 86' lang='lat' dir='ltr'>ex</span> <span class='ocrx_word' id='word_1_78' title='bbox 778 737 916 772; x_wconf 79' lang='lat' dir='ltr'>notata</span> <span class='ocrx_word' id='word_1_79' title='bbox 948 733 1112 782; x_wconf 83' lang='lat' dir='ltr'>indigne</span> <span class='ocrx_word' id='word_1_80' title='bbox 1144 733 1260 771; x_wconf 89' lang='lat' dir='ltr'>domo</span> <span class='ocrx_word' id='word_1_81' title='bbox 1291 737 1502 783; x_wconf 81' lang='lat' dir='ltr'>peteretur.</span> 
     </span>
    </p>

    <p class='ocr_par' dir='ltr' id='par_1_5' title="bbox 288 805 1757 999">
     <span class='ocr_line' id='line_1_11' title="bbox 288 805 1757 856; baseline 0 -13"><span class='ocrx_word' id='word_1_82' title='bbox 288 806 311 842; x_wconf 86' lang='grc'><strong>6</strong></span> <span class='ocrx_word' id='word_1_83' title='bbox 447 806 632 843; x_wconf 83' lang='lat' dir='ltr'>Veientes</span> <span class='ocrx_word' id='word_1_84' title='bbox 664 819 705 843; x_wconf 87' lang='lat' dir='ltr'>re</span> <span class='ocrx_word' id='word_1_85' title='bbox 737 806 909 843; x_wconf 86' lang='lat' dir='ltr'>secunda</span> <span class='ocrx_word' id='word_1_86' title='bbox 933 805 1039 852; x_wconf 85' lang='lat' dir='ltr'>elati,</span> <span class='ocrx_word' id='word_1_87' title='bbox 1072 805 1200 842; x_wconf 90' lang='lat' dir='ltr'>missis</span> <span class='ocrx_word' id='word_1_88' title='bbox 1226 806 1372 842; x_wconf 89' lang='lat' dir='ltr'>circum</span> <span class='ocrx_word' id='word_1_89' title='bbox 1389 805 1566 844; x_wconf 84' lang='lat' dir='ltr'>Etruriae</span> <span class='ocrx_word' id='word_1_90' title='bbox 1588 806 1757 856; x_wconf 90' lang='lat' dir='ltr'>populos</span> 
     </span>
     <span class='ocr_line' id='line_1_12' title="bbox 326 877 1756 927; baseline -0.001 -12"><span class='ocrx_word' id='word_1_91' title='bbox 326 878 480 926; x_wconf 82' lang='lat' dir='ltr'>legatis,</span> <span class='ocrx_word' id='word_1_92' title='bbox 512 877 698 915; x_wconf 87' lang='lat' dir='ltr'>iactando</span> <span class='ocrx_word' id='word_1_93' title='bbox 730 881 811 915; x_wconf 87' lang='lat' dir='ltr'>tres</span> <span class='ocrx_word' id='word_1_94' title='bbox 843 878 962 915; x_wconf 89' lang='lat' dir='ltr'>duces</span> <span class='ocrx_word' id='word_1_95' title='bbox 979 877 1180 915; x_wconf 81' lang='lat' dir='ltr'>Romanos</span> <span class='ocrx_word' id='word_1_96' title='bbox 1211 877 1260 914; x_wconf 88' lang='lat' dir='ltr'>ab</span> <span class='ocrx_word' id='word_1_97' title='bbox 1291 890 1332 915; x_wconf 88' lang='lat' dir='ltr'>se</span> <span class='ocrx_word' id='word_1_98' title='bbox 1363 890 1441 915; x_wconf 90' lang='lat' dir='ltr'>uno</span> <span class='ocrx_word' id='word_1_99' title='bbox 1467 877 1610 927; x_wconf 86' lang='lat' dir='ltr'>proelio</span> <span class='ocrx_word' id='word_1_100' title='bbox 1636 878 1756 923; x_wconf 88' lang='lat' dir='ltr'>fusos,</span> 
     </span>
     <span class='ocr_line' id='line_1_13' title="bbox 326 948 1757 999; baseline -0.001 -12"><span class='ocrx_word' id='word_1_101' title='bbox 326 963 447 999; x_wconf 91' lang='lat' dir='ltr'>quum</span> <span class='ocrx_word' id='word_1_102' title='bbox 493 953 624 987; x_wconf 88' lang='lat' dir='ltr'>tamen</span> <span class='ocrx_word' id='word_1_103' title='bbox 670 950 819 986; x_wconf 86' lang='lat' dir='ltr'>nullam</span> <span class='ocrx_word' id='word_1_104' title='bbox 864 949 1020 999; x_wconf 85' lang='lat' dir='ltr'>publici</span> <span class='ocrx_word' id='word_1_105' title='bbox 1065 948 1220 987; x_wconf 88' lang='lat' dir='ltr'>consilii</span> <span class='ocrx_word' id='word_1_106' title='bbox 1262 949 1491 987; x_wconf 86' lang='lat' dir='ltr'>societatem</span> <span class='ocrx_word' id='word_1_107' title='bbox 1531 948 1757 994; x_wconf 81' lang='lat' dir='ltr'>movissent,</span> 
     </span>
    </p>

    <p class='ocr_par' dir='ltr' id='par_1_6' title="bbox 291 1019 1757 1283">
     <span class='ocr_line' id='line_1_14' title="bbox 291 1019 1757 1071; baseline -0.001 -13"><span class='ocrx_word' id='word_1_108' title='bbox 291 1021 577 1059; x_wconf 79' lang='lat' dir='ltr'>7voluntari0s</span> <span class='ocrx_word' id='word_1_109' title='bbox 608 1021 786 1071; x_wconf 90' lang='lat' dir='ltr'>undique</span> <span class='ocrx_word' id='word_1_110' title='bbox 817 1021 867 1058; x_wconf 88' lang='lat' dir='ltr'>ad</span> <span class='ocrx_word' id='word_1_111' title='bbox 898 1034 1006 1071; x_wconf 91' lang='lat' dir='ltr'>spem</span> <span class='ocrx_word' id='word_1_112' title='bbox 1037 1020 1182 1071; x_wconf 88' lang='lat' dir='ltr'>praedae</span> <span class='ocrx_word' id='word_1_113' title='bbox 1213 1020 1479 1058; x_wconf 87' lang='lat' dir='ltr'>adsciverunt.</span> <span class='ocrx_word' id='word_1_114' title='bbox 1524 1019 1608 1058; x_wconf 90' lang='lat' dir='ltr'>Uni</span> <span class='ocrx_word' id='word_1_115' title='bbox 1639 1019 1757 1058; x_wconf 89' lang='lat' dir='ltr'>Fide-</span> 
     </span>
     <span class='ocr_line' id='line_1_15' title="bbox 325 1092 1757 1143; baseline -0.001 -13"><span class='ocrx_word' id='word_1_116' title='bbox 325 1094 477 1130; x_wconf 78' lang='lat' dir='ltr'>natium</span> <span class='ocrx_word' id='word_1_117' title='bbox 509 1093 659 1143; x_wconf 89' lang='lat' dir='ltr'>populo</span> <span class='ocrx_word' id='word_1_118' title='bbox 689 1093 888 1130; x_wconf 80' lang='lat' dir='ltr'>rebellare</span> <span class='ocrx_word' id='word_1_119' title='bbox 919 1093 1091 1143; x_wconf 88' lang='lat' dir='ltr'>placuit;</span> <span class='ocrx_word' id='word_1_120' title='bbox 1133 1096 1172 1130; x_wconf 89' lang='lat' dir='ltr'>et</span> <span class='ocrx_word' id='word_1_121' title='bbox 1201 1096 1392 1142; x_wconf 77' lang='lat' dir='ltr'>tanquam</span> <span class='ocrx_word' id='word_1_122' title='bbox 1423 1092 1500 1129; x_wconf 88' lang='lat' dir='ltr'>nisi</span> <span class='ocrx_word' id='word_1_123' title='bbox 1531 1092 1581 1130; x_wconf 86' lang='lat' dir='ltr'>ab</span> <span class='ocrx_word' id='word_1_124' title='bbox 1611 1092 1757 1130; x_wconf 87' lang='lat' dir='ltr'>scelere</span> 
     </span>
     <span class='ocr_line' id='line_1_16' title="bbox 324 1164 1756 1213; baseline -0.001 -11"><span class='ocrx_word' id='word_1_125' title='bbox 324 1165 475 1205; x_wconf 90' lang='lat' dir='ltr'>bellum</span> <span class='ocrx_word' id='word_1_126' title='bbox 506 1164 634 1201; x_wconf 88' lang='lat' dir='ltr'>ordiri</span> <span class='ocrx_word' id='word_1_127' title='bbox 664 1164 774 1202; x_wconf 86' lang='lat' dir='ltr'>nefas</span> <span class='ocrx_word' id='word_1_128' title='bbox 805 1168 919 1210; x_wconf 80' lang='lat' dir='ltr'>esset,</span> <span class='ocrx_word' id='word_1_129' title='bbox 951 1164 1056 1202; x_wconf 88' lang='lat' dir='ltr'>sicut</span> <span class='ocrx_word' id='word_1_130' title='bbox 1081 1164 1304 1213; x_wconf 83' lang='lat' dir='ltr'>legatorum</span> <span class='ocrx_word' id='word_1_131' title='bbox 1329 1166 1431 1211; x_wconf 84' lang='lat' dir='ltr'>ante,</span> <span class='ocrx_word' id='word_1_132' title='bbox 1462 1164 1521 1202; x_wconf 85' lang='lat' dir='ltr'>ita</span> <span class='ocrx_word' id='word_1_133' title='bbox 1535 1166 1619 1201; x_wconf 82' lang='lat' dir='ltr'>tum</span> <span class='ocrx_word' id='word_1_134' title='bbox 1635 1175 1756 1202; x_wconf 86' lang='lat' dir='ltr'>novo-</span> 
     </span>
     <span class='ocr_line' id='line_1_17' title="bbox 324 1235 1756 1283; baseline -0.001 -10"><span class='ocrx_word' id='word_1_135' title='bbox 324 1249 412 1273; x_wconf 88' lang='lat' dir='ltr'>rum</span> <span class='ocrx_word' id='word_1_136' title='bbox 444 1235 676 1274; x_wconf 89' lang='lat' dir='ltr'>colonorum</span> <span class='ocrx_word' id='word_1_137' title='bbox 707 1235 813 1273; x_wconf 84' lang='lat' dir='ltr'>caede</span> <span class='ocrx_word' id='word_1_138' title='bbox 845 1236 1007 1274; x_wconf 79' lang='lat' dir='ltr'>imbutis</span> <span class='ocrx_word' id='word_1_139' title='bbox 1038 1236 1171 1283; x_wconf 84' lang='lat' dir='ltr'>armis,</span> <span class='ocrx_word' id='word_1_140' title='bbox 1209 1235 1451 1274; x_wconf 77' lang='lat' dir='ltr'>Veientibus</span> <span class='ocrx_word' id='word_1_141' title='bbox 1482 1248 1565 1273; x_wconf 89' lang='lat' dir='ltr'>sese</span> <span class='ocrx_word' id='word_1_142' title='bbox 1596 1235 1756 1273; x_wconf 89' lang='lat' dir='ltr'>coniun-</span> 
     </span>
    </p>

    <p class='ocr_par' dir='ltr' id='par_1_7' title="bbox 285 1305 1757 1507">
     <span class='ocr_line' id='line_1_18' title="bbox 285 1305 1757 1358; baseline 0 -14"><span class='ocrx_word' id='word_1_143' title='bbox 285 1307 436 1356; x_wconf 78' lang='lat' dir='ltr'>Sgunt.</span> <span class='ocrx_word' id='word_1_144' title='bbox 500 1307 738 1346; x_wconf 86' lang='lat' dir='ltr'>Consultare</span> <span class='ocrx_word' id='word_1_145' title='bbox 778 1307 870 1345; x_wconf 91' lang='lat' dir='ltr'>inde</span> <span class='ocrx_word' id='word_1_146' title='bbox 909 1308 1110 1358; x_wconf 85' lang='lat' dir='ltr'>principes</span> <span class='ocrx_word' id='word_1_147' title='bbox 1142 1307 1309 1346; x_wconf 87' lang='lat' dir='ltr'>duorum</span> <span class='ocrx_word' id='word_1_148' title='bbox 1341 1306 1589 1357; x_wconf 85' lang='lat' dir='ltr'>populorum,</span> <span class='ocrx_word' id='word_1_149' title='bbox 1635 1305 1757 1345; x_wconf 90' lang='lat' dir='ltr'>Veios</span> 
     </span>
     <span class='ocr_line' id='line_1_19' title="bbox 324 1378 1757 1430; baseline -0.001 -14"><span class='ocrx_word' id='word_1_150' title='bbox 324 1393 374 1416; x_wconf 88' lang='lat' dir='ltr'>an</span> <span class='ocrx_word' id='word_1_151' title='bbox 392 1379 565 1417; x_wconf 83' lang='lat' dir='ltr'>Fidenas</span> <span class='ocrx_word' id='word_1_152' title='bbox 597 1380 729 1417; x_wconf 88' lang='lat' dir='ltr'>sedem</span> <span class='ocrx_word' id='word_1_153' title='bbox 760 1379 856 1417; x_wconf 90' lang='lat' dir='ltr'>belli</span> <span class='ocrx_word' id='word_1_154' title='bbox 885 1383 1083 1430; x_wconf 87' lang='lat' dir='ltr'>caperent.</span> <span class='ocrx_word' id='word_1_155' title='bbox 1130 1379 1297 1417; x_wconf 83' lang='lat' dir='ltr'>Fidenae</span> <span class='ocrx_word' id='word_1_156' title='bbox 1313 1379 1407 1416; x_wconf 85' lang='lat' dir='ltr'>visae</span> <span class='ocrx_word' id='word_1_157' title='bbox 1432 1378 1757 1428; x_wconf 84' lang='lat' dir='ltr'>opportuniores;</span> 
     </span>
     <span class='ocr_line' id='line_1_20' title="bbox 325 1449 1757 1507; baseline -0.001 -19"><span class='ocrx_word' id='word_1_158' title='bbox 325 1451 459 1500; x_wconf 84' lang='lat' dir='ltr'>itaque</span> <span class='ocrx_word' id='word_1_159' title='bbox 490 1451 660 1488; x_wconf 86' lang='lat' dir='ltr'>traiecto</span> <span class='ocrx_word' id='word_1_160' title='bbox 691 1451 829 1489; x_wconf 87' lang='lat' dir='ltr'>Tiberi</span> <span class='ocrx_word' id='word_1_161' title='bbox 857 1451 1046 1490; x_wconf 77' lang='lat' dir='ltr'>Veientes</span> <span class='ocrx_word' id='word_1_162' title='bbox 1070 1449 1246 1489; x_wconf 87' lang='lat' dir='ltr'>Fidenas</span> <span class='ocrx_word' id='word_1_163' title='bbox 1276 1450 1568 1494; x_wconf 84' lang='lat' dir='ltr'>transtulerunt</span> <span class='ocrx_word' id='word_1_164' title='bbox 1599 1449 1757 1507; x_wconf 86' lang='lat' dir='ltr'>bellum.</span> 
     </span>
    </p>

    <p class='ocr_par' dir='ltr' id='par_1_8' title="bbox 284 1521 1759 1858">
     <span class='ocr_line' id='line_1_21' title="bbox 284 1521 1759 1572; baseline -0.001 -13"><span class='ocrx_word' id='word_1_165' title='bbox 284 1523 464 1560; x_wconf 81' lang='lat' dir='ltr'>9R0mae</span> <span class='ocrx_word' id='word_1_166' title='bbox 505 1526 635 1560; x_wconf 78' lang='lat' dir='ltr'>terror</span> <span class='ocrx_word' id='word_1_167' title='bbox 676 1523 816 1572; x_wconf 86' lang='lat' dir='ltr'>ingens</span> <span class='ocrx_word' id='word_1_168' title='bbox 857 1527 951 1561; x_wconf 82' lang='lat' dir='ltr'>erat.</span> <span class='ocrx_word' id='word_1_169' title='bbox 1012 1523 1157 1561; x_wconf 82' lang='lat' dir='ltr'>Accito</span> <span class='ocrx_word' id='word_1_170' title='bbox 1199 1523 1379 1560; x_wconf 86' lang='lat' dir='ltr'>exercitu</span> <span class='ocrx_word' id='word_1_171' title='bbox 1410 1535 1433 1560; x_wconf 93' lang='lat' dir='ltr'>a</span> <span class='ocrx_word' id='word_1_172' title='bbox 1464 1521 1589 1567; x_wconf 86' lang='lat' dir='ltr'>Veiis,</span> <span class='ocrx_word' id='word_1_173' title='bbox 1633 1533 1759 1570; x_wconf 89' lang='lat' dir='ltr'>eoque</span> 
     </span>
     <span class='ocr_line' id='line_1_22' title="bbox 323 1594 1758 1645; baseline -0.001 -15"><span class='ocrx_word' id='word_1_174' title='bbox 323 1595 409 1643; x_wconf 89' lang='lat' dir='ltr'>ipso</span> <span class='ocrx_word' id='word_1_175' title='bbox 441 1595 490 1630; x_wconf 90' lang='lat' dir='ltr'>ab</span> <span class='ocrx_word' id='word_1_176' title='bbox 523 1607 566 1631; x_wconf 89' lang='lat' dir='ltr'>re</span> <span class='ocrx_word' id='word_1_177' title='bbox 598 1595 700 1632; x_wconf 88' lang='lat' dir='ltr'>male</span> <span class='ocrx_word' id='word_1_178' title='bbox 731 1598 843 1644; x_wconf 85' lang='lat' dir='ltr'>gesta</span> <span class='ocrx_word' id='word_1_179' title='bbox 872 1595 1069 1645; x_wconf 86' lang='lat' dir='ltr'>perculso,</span> <span class='ocrx_word' id='word_1_180' title='bbox 1108 1597 1236 1632; x_wconf 86' lang='lat' dir='ltr'>castra</span> <span class='ocrx_word' id='word_1_181' title='bbox 1268 1594 1452 1632; x_wconf 87' lang='lat' dir='ltr'>locantur</span> <span class='ocrx_word' id='word_1_182' title='bbox 1482 1595 1574 1630; x_wconf 89' lang='lat' dir='ltr'>ante</span> <span class='ocrx_word' id='word_1_183' title='bbox 1603 1595 1758 1642; x_wconf 83' lang='lat' dir='ltr'>portam</span> 
     </span>
     <span class='ocr_line' id='line_1_23' title="bbox 323 1664 1756 1715; baseline 0 -14"><span class='ocrx_word' id='word_1_184' title='bbox 323 1664 532 1710; x_wconf 86' lang='lat' dir='ltr'>Collinam,</span> <span class='ocrx_word' id='word_1_185' title='bbox 576 1669 613 1702; x_wconf 89' lang='lat' dir='ltr'>et</span> <span class='ocrx_word' id='word_1_186' title='bbox 653 1666 694 1702; x_wconf 93' lang='lat' dir='ltr'>in</span> <span class='ocrx_word' id='word_1_187' title='bbox 733 1666 855 1703; x_wconf 86' lang='lat' dir='ltr'>muris</span> <span class='ocrx_word' id='word_1_188' title='bbox 886 1666 1030 1703; x_wconf 86' lang='lat' dir='ltr'>armati</span> <span class='ocrx_word' id='word_1_189' title='bbox 1061 1665 1258 1715; x_wconf 83' lang='lat' dir='ltr'>dispositi,</span> <span class='ocrx_word' id='word_1_190' title='bbox 1301 1668 1341 1703; x_wconf 87' lang='lat' dir='ltr'>et</span> <span class='ocrx_word' id='word_1_191' title='bbox 1371 1665 1570 1702; x_wconf 86' lang='lat' dir='ltr'>iustitium</span> <span class='ocrx_word' id='word_1_192' title='bbox 1600 1665 1642 1702; x_wconf 90' lang='lat' dir='ltr'>in</span> <span class='ocrx_word' id='word_1_193' title='bbox 1671 1664 1756 1702; x_wconf 85' lang='lat' dir='ltr'>foro</span> 
     </span>
     <span class='ocr_line' id='line_1_24' title="bbox 323 1735 1755 1786; baseline -0.001 -13"><span class='ocrx_word' id='word_1_194' title='bbox 323 1737 580 1786; x_wconf 81' lang='lat' dir='ltr'>tabernaeque</span> <span class='ocrx_word' id='word_1_195' title='bbox 621 1736 777 1782; x_wconf 79' lang='lat' dir='ltr'>clausae,</span> <span class='ocrx_word' id='word_1_196' title='bbox 815 1736 996 1786; x_wconf 87' lang='lat' dir='ltr'>fiuntque</span> <span class='ocrx_word' id='word_1_197' title='bbox 1035 1737 1168 1774; x_wconf 88' lang='lat' dir='ltr'>omnia</span> <span class='ocrx_word' id='word_1_198' title='bbox 1207 1736 1346 1774; x_wconf 85' lang='lat' dir='ltr'>castris</span> <span class='ocrx_word' id='word_1_199' title='bbox 1377 1749 1495 1785; x_wconf 87' lang='lat' dir='ltr'>quam</span> <span class='ocrx_word' id='word_1_200' title='bbox 1525 1735 1617 1773; x_wconf 90' lang='lat' dir='ltr'>urbi</span> <span class='ocrx_word' id='word_1_201' title='bbox 1649 1735 1755 1773; x_wconf 84' lang='lat' dir='ltr'>simi·</span> 
     </span>
     <span class='ocr_line' id='line_1_25' title="bbox 326 1806 1756 1858; baseline -0.001 -13"><span class='ocrx_word' id='word_1_202' title='bbox 326 1809 439 1855; x_wconf 89' lang='lat' dir='ltr'>liora,</span> <span class='ocrx_word' id='word_1_203' title='bbox 472 1821 592 1858; x_wconf 90' lang='lat' dir='ltr'>quum</span> <span class='ocrx_word' id='word_1_204' title='bbox 622 1809 822 1858; x_wconf 82' lang='lat' dir='ltr'>trepidam</span> <span class='ocrx_word' id='word_1_205' title='bbox 854 1809 1055 1846; x_wconf 83' lang='lat' dir='ltr'>civitatem</span> <span class='ocrx_word' id='word_1_206' title='bbox 1086 1807 1337 1858; x_wconf 81' lang='lat' dir='ltr'>praeconibus</span> <span class='ocrx_word' id='word_1_207' title='bbox 1363 1821 1434 1858; x_wconf 87' lang='lat' dir='ltr'>per</span> <span class='ocrx_word' id='word_1_208' title='bbox 1459 1807 1567 1845; x_wconf 86' lang='lat' dir='ltr'>vicos</span> <span class='ocrx_word' id='word_1_209' title='bbox 1584 1806 1756 1844; x_wconf 85' lang='lat' dir='ltr'>dimissis</span> 
     </span>
    </p>

    <p class='ocr_par' dir='ltr' id='par_1_9' title="bbox 285 1878 1793 2217">
     <span class='ocr_line' id='line_1_26' title="bbox 285 1878 1757 1930; baseline -0.001 -13"><span class='ocrx_word' id='word_1_210' title='bbox 285 1881 307 1917; x_wconf 82' lang='lat'><strong>2</strong></span> <span class='ocrx_word' id='word_1_211' title='bbox 328 1880 500 1918; x_wconf 87' lang='lat' dir='ltr'>dictator</span> <span class='ocrx_word' id='word_1_212' title='bbox 531 1880 581 1918; x_wconf 87' lang='lat' dir='ltr'>ad</span> <span class='ocrx_word' id='word_1_213' title='bbox 612 1880 838 1918; x_wconf 89' lang='lat' dir='ltr'>contionem</span> <span class='ocrx_word' id='word_1_214' title='bbox 869 1881 1100 1918; x_wconf 86' lang='lat' dir='ltr'>advocatam</span> <span class='ocrx_word' id='word_1_215' title='bbox 1137 1880 1349 1930; x_wconf 88' lang='lat' dir='ltr'>increpuit,</span> <span class='ocrx_word' id='word_1_216' title='bbox 1387 1878 1494 1929; x_wconf 90' lang='lat' dir='ltr'>quod</span> <span class='ocrx_word' id='word_1_217' title='bbox 1526 1878 1679 1917; x_wconf 88' lang='lat' dir='ltr'>animos</span> <span class='ocrx_word' id='word_1_218' title='bbox 1711 1892 1757 1916; x_wconf 82' lang='lat' dir='ltr'>ex</span> 
     </span>
     <span class='ocr_line' id='line_1_27' title="bbox 324 1952 1756 2002; baseline -0.001 -13"><span class='ocrx_word' id='word_1_219' title='bbox 324 1956 405 1990; x_wconf 86' lang='lat' dir='ltr'>tam</span> <span class='ocrx_word' id='word_1_220' title='bbox 437 1952 592 1990; x_wconf 86' lang='lat' dir='ltr'>levibus</span> <span class='ocrx_word' id='word_1_221' title='bbox 623 1952 834 1990; x_wconf 90' lang='lat' dir='ltr'>momentis</span> <span class='ocrx_word' id='word_1_222' title='bbox 864 1953 1034 1990; x_wconf 86' lang='lat' dir='ltr'>fortunae</span> <span class='ocrx_word' id='word_1_223' title='bbox 1067 1965 1276 2002; x_wconf 87' lang='lat' dir='ltr'>suspensos</span> <span class='ocrx_word' id='word_1_224' title='bbox 1307 1953 1500 2001; x_wconf 76' lang='lat' dir='ltr'>gererent,</span> <span class='ocrx_word' id='word_1_225' title='bbox 1539 1954 1594 1998; x_wconf 89' lang='lat' dir='ltr'>ut,</span> <span class='ocrx_word' id='word_1_226' title='bbox 1632 1963 1756 2001; x_wconf 84' lang='lat' dir='ltr'>parva</span> 
     </span>
     <span class='ocr_line' id='line_1_28' title="bbox 324 2022 1757 2074; baseline -0.001 -13"><span class='ocrx_word' id='word_1_227' title='bbox 324 2024 478 2062; x_wconf 85' lang='lat' dir='ltr'>iactura</span> <span class='ocrx_word' id='word_1_228' title='bbox 523 2027 696 2074; x_wconf 85' lang='lat' dir='ltr'>accepta,</span> <span class='ocrx_word' id='word_1_229' title='bbox 741 2036 828 2073; x_wconf 86' lang='lat' dir='ltr'>quae</span> <span class='ocrx_word' id='word_1_230' title='bbox 874 2025 960 2074; x_wconf 90' lang='lat' dir='ltr'>ipsa</span> <span class='ocrx_word' id='word_1_231' title='bbox 1000 2037 1079 2062; x_wconf 91' lang='lat' dir='ltr'>non</span> <span class='ocrx_word' id='word_1_232' title='bbox 1110 2023 1258 2061; x_wconf 89' lang='lat' dir='ltr'>virtute</span> <span class='ocrx_word' id='word_1_233' title='bbox 1289 2023 1461 2061; x_wconf 87' lang='lat' dir='ltr'>hostium</span> <span class='ocrx_word' id='word_1_234' title='bbox 1493 2036 1564 2060; x_wconf 91' lang='lat' dir='ltr'>nec</span> <span class='ocrx_word' id='word_1_235' title='bbox 1594 2022 1757 2072; x_wconf 85' lang='lat' dir='ltr'>ignavia</span> 
     </span>
     <span class='ocr_line' id='line_1_29' title="bbox 323 2094 1755 2144; baseline -0.001 -12"><span class='ocrx_word' id='word_1_236' title='bbox 323 2095 496 2133; x_wconf 84' lang='lat' dir='ltr'>Romani</span> <span class='ocrx_word' id='word_1_237' title='bbox 541 2096 749 2142; x_wconf 81' lang='lat' dir='ltr'>exercitus,</span> <span class='ocrx_word' id='word_1_238' title='bbox 794 2095 862 2133; x_wconf 89' lang='lat' dir='ltr'>sed</span> <span class='ocrx_word' id='word_1_239' title='bbox 907 2095 1111 2134; x_wconf 81' lang='lat' dir='ltr'>discordia</span> <span class='ocrx_word' id='word_1_240' title='bbox 1156 2096 1441 2144; x_wconf 86' lang='lat' dir='ltr'>imperatorum</span> <span class='ocrx_word' id='word_1_241' title='bbox 1489 2097 1652 2143; x_wconf 85' lang='lat' dir='ltr'>accepta</span> <span class='ocrx_word' id='word_1_242' title='bbox 1691 2094 1755 2140; x_wconf 80' lang='lat' dir='ltr'>sit,</span> 
     </span>
     <span class='ocr_line' id='line_1_30' title="bbox 325 2164 1793 2217; baseline -0.001 -13"><span class='ocrx_word' id='word_1_243' title='bbox 325 2166 534 2204; x_wconf 89' lang='lat' dir='ltr'>Veientem</span> <span class='ocrx_word' id='word_1_244' title='bbox 565 2167 716 2205; x_wconf 86' lang='lat' dir='ltr'>hostem</span> <span class='ocrx_word' id='word_1_245' title='bbox 749 2168 873 2205; x_wconf 84' lang='lat' dir='ltr'>sexies</span> <span class='ocrx_word' id='word_1_246' title='bbox 899 2168 1047 2205; x_wconf 89' lang='lat' dir='ltr'>victum</span> <span class='ocrx_word' id='word_1_247' title='bbox 1065 2166 1347 2217; x_wconf 84' lang='lat' dir='ltr'>pertimescant</span> <span class='ocrx_word' id='word_1_248' title='bbox 1363 2165 1615 2215; x_wconf 86' lang='lat' dir='ltr'>Fidenasque</span> <span class='ocrx_word' id='word_1_249' title='bbox 1630 2177 1755 2216; x_wconf 89' lang='lat' dir='ltr'>prope</span> <span class='ocrx_word' id='word_1_250' title='bbox 1790 2164 1793 2165; x_wconf 45' lang='lat'><em>⁷</em></span> 
     </span>
    </p>

    <p class='ocr_par' dir='ltr' id='par_1_10' title="bbox 284 2236 1754 2574">
     <span class='ocr_line' id='line_1_31' title="bbox 284 2236 1754 2289; baseline -0.001 -14"><span class='ocrx_word' id='word_1_251' title='bbox 284 2238 468 2288; x_wconf 85' lang='lat' dir='ltr'>3saepius</span> <span class='ocrx_word' id='word_1_252' title='bbox 513 2242 650 2288; x_wconf 82' lang='lat' dir='ltr'>captas</span> <span class='ocrx_word' id='word_1_253' title='bbox 697 2251 814 2288; x_wconf 88' lang='lat' dir='ltr'>quam</span> <span class='ocrx_word' id='word_1_254' title='bbox 859 2242 1120 2289; x_wconf 86' lang='lat' dir='ltr'>oppugnatas.</span> <span class='ocrx_word' id='word_1_255' title='bbox 1179 2237 1351 2276; x_wconf 88' lang='lat' dir='ltr'>Eosdem</span> <span class='ocrx_word' id='word_1_256' title='bbox 1397 2241 1438 2275; x_wconf 89' lang='lat' dir='ltr'>et</span> <span class='ocrx_word' id='word_1_257' title='bbox 1474 2236 1676 2275; x_wconf 86' lang='lat' dir='ltr'>Romanos</span> <span class='ocrx_word' id='word_1_258' title='bbox 1716 2239 1754 2274; x_wconf 78' lang='lat' dir='ltr'>et</span> 
     </span>
     <span class='ocr_line' id='line_1_32' title="bbox 324 2309 1753 2359; baseline -0.001 -11"><span class='ocrx_word' id='word_1_259' title='bbox 324 2310 456 2348; x_wconf 87' lang='lat' dir='ltr'>hostes</span> <span class='ocrx_word' id='word_1_260' title='bbox 488 2322 583 2355; x_wconf 85' lang='lat' dir='ltr'>esse,</span> <span class='ocrx_word' id='word_1_261' title='bbox 617 2310 684 2358; x_wconf 90' lang='lat' dir='ltr'>qui</span> <span class='ocrx_word' id='word_1_262' title='bbox 715 2323 786 2359; x_wconf 91' lang='lat' dir='ltr'>per</span> <span class='ocrx_word' id='word_1_263' title='bbox 815 2313 876 2348; x_wconf 88' lang='lat' dir='ltr'>tot</span> <span class='ocrx_word' id='word_1_264' title='bbox 906 2311 1049 2348; x_wconf 86' lang='lat' dir='ltr'>saecula</span> <span class='ocrx_word' id='word_1_265' title='bbox 1079 2309 1249 2355; x_wconf 85' lang='lat' dir='ltr'>fuerint;</span> <span class='ocrx_word' id='word_1_266' title='bbox 1281 2309 1440 2347; x_wconf 89' lang='lat' dir='ltr'>eosdem</span> <span class='ocrx_word' id='word_1_267' title='bbox 1471 2309 1636 2354; x_wconf 89' lang='lat' dir='ltr'>animos,</span> <span class='ocrx_word' id='word_1_268' title='bbox 1669 2321 1753 2347; x_wconf 85' lang='lat' dir='ltr'>eas-</span> 
     </span>
     <span class='ocr_line' id='line_1_33' title="bbox 324 2379 1751 2430; baseline -0.001 -12"><span class='ocrx_word' id='word_1_269' title='bbox 324 2381 414 2420; x_wconf 90' lang='lat' dir='ltr'>dem</span> <span class='ocrx_word' id='word_1_270' title='bbox 445 2381 625 2430; x_wconf 87' lang='lat' dir='ltr'>corporis</span> <span class='ocrx_word' id='word_1_271' title='bbox 656 2381 772 2428; x_wconf 87' lang='lat' dir='ltr'>vires,</span> <span class='ocrx_word' id='word_1_272' title='bbox 804 2382 938 2420; x_wconf 87' lang='lat' dir='ltr'>eadem</span> <span class='ocrx_word' id='word_1_273' title='bbox 971 2394 1081 2419; x_wconf 86' lang='lat' dir='ltr'>arma</span> <span class='ocrx_word' id='word_1_274' title='bbox 1110 2393 1262 2429; x_wconf 84' lang='lat' dir='ltr'>gerere.</span> <span class='ocrx_word' id='word_1_275' title='bbox 1309 2379 1361 2417; x_wconf 83' lang='lat' dir='ltr'>Se</span> <span class='ocrx_word' id='word_1_276' title='bbox 1392 2385 1552 2430; x_wconf 70' lang='lat' dir='ltr'>quoque</span> <span class='ocrx_word' id='word_1_277' title='bbox 1585 2380 1751 2418; x_wconf 90' lang='lat' dir='ltr'>eundem</span> 
     </span>
     <span class='ocr_line' id='line_1_34' title="bbox 325 2450 1750 2507; baseline -0.001 -17"><span class='ocrx_word' id='word_1_278' title='bbox 325 2453 562 2491; x_wconf 85' lang='lat' dir='ltr'>dictatorem</span> <span class='ocrx_word' id='word_1_279' title='bbox 591 2451 711 2490; x_wconf 87' lang='lat' dir='ltr'>Mam.</span> <span class='ocrx_word' id='word_1_280' title='bbox 743 2451 952 2490; x_wconf 85' lang='lat' dir='ltr'>AEmilium</span> <span class='ocrx_word' id='word_1_281' title='bbox 984 2466 1078 2507; x_wconf 70' lang='lat' dir='ltr'>esse,</span> <span class='ocrx_word' id='word_1_282' title='bbox 1120 2452 1190 2502; x_wconf 92' lang='lat' dir='ltr'>qui</span> <span class='ocrx_word' id='word_1_283' title='bbox 1221 2455 1340 2490; x_wconf 88' lang='lat' dir='ltr'>antea</span> <span class='ocrx_word' id='word_1_284' title='bbox 1371 2451 1601 2490; x_wconf 85' lang='lat' dir='ltr'>Veientium</span> <span class='ocrx_word' id='word_1_285' title='bbox 1631 2450 1750 2488; x_wconf 89' lang='lat' dir='ltr'>Fide-</span> 
     </span>
     <span class='ocr_line' id='line_1_35' title="bbox 323 2521 1750 2574; baseline -0.001 -13"><span class='ocrx_word' id='word_1_286' title='bbox 323 2524 557 2574; x_wconf 86' lang='lat' dir='ltr'>natiumque</span> <span class='ocrx_word' id='word_1_287' title='bbox 588 2523 787 2561; x_wconf 87' lang='lat' dir='ltr'>adiunctis</span> <span class='ocrx_word' id='word_1_288' title='bbox 821 2523 989 2561; x_wconf 86' lang='lat' dir='ltr'>Faliscis</span> <span class='ocrx_word' id='word_1_289' title='bbox 1021 2524 1070 2561; x_wconf 86' lang='lat' dir='ltr'>ad</span> <span class='ocrx_word' id='word_1_290' title='bbox 1089 2523 1331 2562; x_wconf 87' lang='lat' dir='ltr'>Nomentum</span> <span class='ocrx_word' id='word_1_291' title='bbox 1362 2522 1560 2560; x_wconf 82' lang='lat' dir='ltr'>exercitus</span> <span class='ocrx_word' id='word_1_292' title='bbox 1590 2521 1750 2568; x_wconf 87' lang='lat' dir='ltr'>fuderit,</span> 
     </span>
    </p>

    <p class='ocr_par' dir='ltr' id='par_1_11' title="bbox 283 2593 1750 2787">
     <span class='ocr_line' id='line_1_36' title="bbox 283 2593 1750 2645; baseline -0.002 -12"><span class='ocrx_word' id='word_1_293' title='bbox 283 2597 308 2633; x_wconf 89' lang='lat'>4</span> <span class='ocrx_word' id='word_1_294' title='bbox 326 2600 364 2633; x_wconf 77' lang='lat' dir='ltr'>et</span> <span class='ocrx_word' id='word_1_295' title='bbox 395 2596 629 2645; x_wconf 83' lang='lat' dir='ltr'>magistrum</span> <span class='ocrx_word' id='word_1_296' title='bbox 659 2595 835 2645; x_wconf 80' lang='lat' dir='ltr'>equitum</span> <span class='ocrx_word' id='word_1_297' title='bbox 853 2593 904 2632; x_wconf 91' lang='lat' dir='ltr'>A.</span> <span class='ocrx_word' id='word_1_298' title='bbox 923 2594 1152 2632; x_wconf 87' lang='lat' dir='ltr'>Cornelium</span> <span class='ocrx_word' id='word_1_299' title='bbox 1183 2593 1350 2632; x_wconf 90' lang='lat' dir='ltr'>eundem</span> <span class='ocrx_word' id='word_1_300' title='bbox 1380 2594 1423 2631; x_wconf 92' lang='lat' dir='ltr'>in</span> <span class='ocrx_word' id='word_1_301' title='bbox 1447 2593 1531 2630; x_wconf 87' lang='lat' dir='ltr'>acie</span> <span class='ocrx_word' id='word_1_302' title='bbox 1555 2594 1650 2641; x_wconf 86' lang='lat' dir='ltr'>fore,</span> <span class='ocrx_word' id='word_1_303' title='bbox 1680 2594 1750 2644; x_wconf 89' lang='lat' dir='ltr'>qui</span> 
     </span>
     <span class='ocr_line' id='line_1_37' title="bbox 323 2664 1748 2716; baseline -0.001 -12"><span class='ocrx_word' id='word_1_304' title='bbox 323 2667 456 2716; x_wconf 89' lang='lat' dir='ltr'>priore</span> <span class='ocrx_word' id='word_1_305' title='bbox 486 2667 593 2704; x_wconf 89' lang='lat' dir='ltr'>bello</span> <span class='ocrx_word' id='word_1_306' title='bbox 623 2666 810 2704; x_wconf 86' lang='lat' dir='ltr'>tribunus</span> <span class='ocrx_word' id='word_1_307' title='bbox 834 2665 1015 2712; x_wconf 84' lang='lat' dir='ltr'>militum,</span> <span class='ocrx_word' id='word_1_308' title='bbox 1048 2665 1169 2703; x_wconf 86' lang='lat' dir='ltr'>Larte</span> <span class='ocrx_word' id='word_1_309' title='bbox 1186 2665 1395 2702; x_wconf 83' lang='lat' dir='ltr'>Tolumnio</span> <span class='ocrx_word' id='word_1_310' title='bbox 1412 2677 1504 2713; x_wconf 85' lang='lat' dir='ltr'>rege</span> <span class='ocrx_word' id='word_1_311' title='bbox 1521 2664 1748 2703; x_wconf 86' lang='lat' dir='ltr'>Veientium</span> 
     </span>
     <span class='ocr_line' id='line_1_38' title="bbox 325 2735 1750 2787; baseline -0.001 -13"><span class='ocrx_word' id='word_1_312' title='bbox 325 2739 365 2774; x_wconf 90' lang='lat' dir='ltr'>in</span> <span class='ocrx_word' id='word_1_313' title='bbox 405 2742 617 2787; x_wconf 85' lang='lat' dir='ltr'>conspectu</span> <span class='ocrx_word' id='word_1_314' title='bbox 656 2737 823 2775; x_wconf 90' lang='lat' dir='ltr'>duorum</span> <span class='ocrx_word' id='word_1_315' title='bbox 862 2736 1106 2774; x_wconf 84' lang='lat' dir='ltr'>exercituum</span> <span class='ocrx_word' id='word_1_316' title='bbox 1137 2736 1277 2784; x_wconf 87' lang='lat' dir='ltr'>occiso,</span> <span class='ocrx_word' id='word_1_317' title='bbox 1314 2736 1441 2786; x_wconf 86' lang='lat' dir='ltr'>spolia</span> <span class='ocrx_word' id='word_1_318' title='bbox 1479 2736 1610 2787; x_wconf 90' lang='lat' dir='ltr'>opima</span> <span class='ocrx_word' id='word_1_319' title='bbox 1641 2735 1750 2774; x_wconf 83' lang='lat' dir='ltr'>Iovis</span> 
     </span>
    </p>
   </div>
  </div>
 </body>
</html>
