1821 2928
555 201 645 227 Liber
662 201 748 227 vin.
785 201 832 230 (A.
853 201 904 228 oh.
925 202 996 230 322.)
1367 189 1446 226 139

60 318 209 369 passim
239 317 417 367 ferrique
446 317 630 355 fortunas
661 317 848 363 militum,
888 315 1226 354 vociferabantur.
1287 313 1389 351 Tum
1421 327 1500 351 ma·
1522 313 1572 350 14

61 387 188 436 gist-ro
222 386 401 436 equitum
419 386 546 424 accito
568 415 584 433 ,.
595 385 723 423 Vides
740 389 809 423 tu*
832 385 977 435 inquit,
1013 383 1092 430 ,.M.
1109 382 1226 429 Fabi,
1258 383 1308 420 ab
1326 382 1503 419 hostium

62 455 194 506 equite
226 455 411 492 omissam
442 456 649 505 pugnam?
694 454 861 492 Haerent
894 452 1082 503 impediti
1114 451 1410 501 impedimentis
1434 463 1502 488 no·

61 524 167 561 stris.
241 523 499 572 Aggredere,
540 524 647 573 quod
680 523 785 560 inter
816 521 1077 574 praedandum
1110 520 1217 558 omni
1249 518 1500 557 multitudini
1523 518 1573 555 15

62 593 207 639 evenit,
239 592 472 642 dissipatos3
504 605 616 630 raros
643 592 756 642 equis
773 591 1006 637 insidentes,
1036 602 1160 636 raros,
1185 588 1333 638 quibus
1356 588 1503 625 ferrum

61 661 104 698 in
133 674 253 700 manu
284 661 348 707 sit,
380 660 574 707 invenies;
604 672 648 699 se
679 667 880 710 equosque
905 659 997 696 dum
1024 658 1160 708 praeda
1186 660 1365 703 onerant,
1397 656 1503 693 caede

62 730 242 775 inermes,
274 732 558 779 cruentamque
590 728 672 765 illis
703 728 879 778 praedam
912 727 1046 764 redde.
1099 725 1206 763 Mihi
1233 726 1411 774 legiones
1436 738 1501 774 pe·
1525 724 1572 761 16

63 798 272 848 ditumque
302 810 438 848 pugna
471 810 574 834 curae
607 800 742 843 erunt,
790 809 910 846 penes
947 799 987 833 te
1029 798 1212 844 equestre
1253 794 1306 831 sit
1345 793 1501 830 decusf

60 866 256 916 Equitum
274 865 388 912 acies,
420 866 554 915 qualis
573 866 690 916 [quae]
725 878 808 903 esse
836 864 1147 902 instructissima
1172 865 1314 912 potest,
1346 862 1503 900 invecta
1580 856 1635 903 39

63 935 105 972 in
138 934 356 984 dissipatos
389 934 684 984 impeditosque
716 934 847 971 hostes
879 933 986 970 caede
1018 932 1152 969 omnia
1181 931 1321 981 replet.
1390 931 1543 968 Inter2

61 1003 238 1041 sarcinas
271 1003 437 1040 omissas
466 1006 642 1052 repente,
674 1001 902 1040 obiacentes
927 1001 1098 1051 pedibus
1139 1000 1381 1049 fugientium
1415 1013 1505 1037 con-

62 1075 409 1121 sternatorumque
440 1085 643 1121 equorum,
674 1084 804 1120 neque
834 1082 978 1120 pugnae
1010 1083 1138 1118 neque
1169 1069 1274 1117 fugae
1306 1068 1404 1106 satis
1435 1081 1506 1118 po-

61 1143 191 1177 tentes
223 1139 442 1177 caeduntur.
515 1138 618 1176 Tum
651 1139 784 1176 deleto
822 1151 947 1188 prqpe
985 1138 1171 1188 equitatu
1208 1137 1402 1183 hostium,
1448 1135 1546 1173 M.3

62 1209 226 1254 Fabius,
259 1207 542 1245 circumductis
573 1207 736 1258 paulum
767 1206 854 1253 alis,
896 1206 946 1243 ab
977 1210 1091 1256 tergo
1122 1205 1348 1256 pedestrem
1379 1204 1505 1243 aciem

62 1276 257 1314 adoritur.
319 1275 480 1314 Clamor
511 1276 606 1313 inde
636 1288 763 1314 novus
795 1275 978 1313 accidens
1017 1278 1055 1312 et
1086 1273 1329 1312 Samnitium
1358 1272 1503 1310 terruit
1521 1272 1547 1309 4

38 1345 226 1391 ·animos‚
259 1348 298 1382 et
329 1345 524 1392 dictator,
569 1344 641 1382 ubi
686 1347 958 1393 respectantes
998 1343 1175 1381 hostium
1220 1342 1506 1390 antesignanos

60 1415 302 1463 turbataque
333 1414 449 1463 signa
479 1417 518 1451 et
549 1413 809 1450 fluctuantem
840 1412 967 1449 aciem
998 1411 1123 1458 vidit,
1170 1414 1255 1448 tum
1287 1410 1504 1460 appellare,

61 1485 146 1519 tum
163 1481 373 1520 adhortari
396 1481 557 1528 milites,
587 1481 773 1518 tribunos
799 1480 1082 1530 principesque
1111 1479 1298 1517 ordinum
1325 1478 1504 1516 nomina-

62 1550 136 1587 tim
168 1551 219 1588 ad
257 1550 483 1588 iterandam
521 1563 653 1587 secum
693 1562 868 1599 pugnam
906 1561 1059 1586 vocare.
1133 1547 1291 1586 Novato
1332 1545 1546 1585 clamore5

63 1619 177 1668 signa
195 1618 434 1666 inferuntur,
459 1622 498 1655 et
515 1618 711 1668 quicquid
737 1617 1115 1668 progrediebantur,
1146 1617 1274 1666 magis
1297 1615 1506 1665 magisque

62 1688 246 1725 turbatos
261 1688 395 1725 hostes
413 1688 639 1725 cernebant.
699 1686 834 1736 Eques
858 1685 945 1736 ipse
972 1685 1052 1723 iam
1080 1685 1226 1735 primis
1253 1687 1339 1722 erat
1357 1684 1400 1721 in
1418 1696 1507 1721 con-

63 1760 213 1807 spectu,
259 1759 299 1794 et
330 1755 540 1794 Cornelius
571 1755 793 1806 respiciens
824 1754 875 1792 ad
906 1754 1134 1804 manipulos
1165 1753 1351 1800 militum,
1397 1751 1506 1801 quod
1525 1751 1547 1787 6

64 1838 193 1871 manu,
226 1824 334 1875 quod
365 1838 462 1862 voce
492 1827 662 1874 poterat,
694 1823 954 1869 monstrabat,
986 1823 1137 1860 vexilla
1168 1836 1208 1860 se
1233 1834 1392 1860 suorum
1418 1833 1507 1870 par-

64 1907 227 1943 masque
260 1906 420 1930 cernere
452 1892 643 1942 equitum.
704 1891 824 1940 Quod
855 1891 925 1928 ubi
953 1891 1136 1928 auditum
1161 1890 1280 1928 simul
1296 1889 1505 1938 visumque
1526 1888 1548 1924 7

65 1965 135 2009 est,
167 1961 266 1999 adeo
298 1965 463 2011 repente
495 1961 646 1999 laboris
677 1974 747 2010 per
781 1960 887 1997 diem
926 1973 1038 2009 paene
1068 1963 1198 1997 totum
1228 1958 1391 1996 tolerati
1422 1957 1508 1994 vul-

65 2043 284 2080 nerumque
315 2029 435 2067 obliti
468 2032 571 2076 sunt,
602 2033 647 2066 ut
678 2028 783 2066 haud
817 2042 938 2075 secus,
971 2041 1090 2078 quam
1123 2028 1157 2065 si
1187 2031 1271 2066 tum
1305 2025 1456 2075 integri
1490 2039 1509 2062 e

66 2099 208 2137 eastris
240 2098 397 2147 signum
429 2110 572 2148 pugnae
605 2097 862 2147 accepissent,
894 2096 1190 2134 concitaverint
1213 2110 1252 2133 se
1277 2095 1319 2133 in
1344 2095 1510 2132 hostem.

67 2167 150 2206 Nec
179 2167 287 2204 ultra
304 2165 462 2204 Samnis
493 2166 664 2204 tolerare
695 2169 889 2203 terrorem
922 2165 1102 2215 equitum
1133 2165 1396 2215 peditumque
1426 2162 1550 2200 vi1n8

68 2235 220 2286 potuit;
251 2235 399 2285 partim
435 2235 475 2272 in
508 2234 641 2272 medio
659 2234 762 2280 caesi,
794 2233 941 2283 partim
968 2233 1010 2270 in
1034 2234 1169 2282 fugam
1194 2232 1383 2283 dissipati
1406 2234 1509 2268 sunt,

68 2303 199 2342 Pedes
229 2307 424 2342 restantes
455 2316 500 2341 ac
517 2303 810 2341 circumventos
836 2301 1002 2349 cecidit,
1034 2302 1084 2340 ab
1107 2302 1242 2352 equite
1266 2299 1508 2349 fugientium
1528 2299 1551 2336 9

69 2376 221 2421 strages
253 2376 311 2410 cst
341 2372 459 2419 facta,
491 2372 596 2409 inter
629 2385 727 2421 quos
759 2375 797 2408 et
830 2371 915 2421 ipse
947 2371 1168 2420 imperator
1200 2369 1357 2407 cecidit.

183 2441 273 2479 Hoc
306 2440 463 2478 demum
490 2440 677 2490 proelium
696 2438 938 2476 Samnitium
971 2452 1033 2476 res
1066 2439 1124 2476 ita
1149 2438 1326 2487 infregit,
1358 2440 1402 2473 ut
1428 2449 1508 2473 om-
1530 2435 1580 2472 10

70 2509 190 2547 nibus
222 2509 407 2547 conciliis
439 2509 663 2554 fremerent,
696 2507 858 2544 minime
890 2506 932 2544 id
964 2507 1126 2557 quidem
1158 2507 1302 2544 mirum
1334 2518 1438 2550 esse,
1477 2504 1511 2541 si

71 2577 196 2627 impio
228 2577 335 2615 bello
368 2581 406 2614 et
433 2579 573 2615 contra
599 2576 728 2614 foedus
745 2578 942 2625 suscepto,
976 2575 1251 2613 infestioribus
1269 2574 1410 2611 merito
1428 2572 1513 2609 deis

73 2658 191 2694 quam
207 2644 451 2692 hominibus,
482 2645 586 2682 nihil
612 2657 800 2694 prospere
818 2648 1001 2693 agerent:
1035 2642 1278 2693 expiandum
1298 2641 1339 2678 id
1357 2641 1511 2679 bellum
1534 2641 1576 2677 11
