1821 2928
747 146 862 181 Liber
887 146 918 180 Ι.
1491 145 1542 182 41

109 277 201 315 inde
219 277 270 316 ad
285 280 406 314 tantae
423 275 481 313 rei
497 274 733 312 miraculum
751 277 852 322 orto,
871 274 1023 311 excitos
1040 285 1165 322 reges,
1186 275 1225 308 et
1243 284 1363 320 quum
1383 269 1546 319 quidam

109 349 365 387 familiarium
383 360 526 397 aquam
544 346 594 383 ad
610 344 939 395 restinguendum
958 345 1090 390 ferret,
1111 344 1160 381 ab
1178 343 1318 392 regina
1335 345 1544 391 retentum,

110 420 327 470 sedatoque
375 433 460 457 eam
490 419 668 456 tumultu
700 418 851 455 moveri
884 417 1058 455 vetuisse
1090 429 1271 465 puerum,
1320 415 1444 452 donec
1476 426 1548 451 sua

111 496 251 543 sponte
283 494 540 542 experrectus
571 493 695 536 esset;
726 503 817 527 mox
850 502 938 526 cum
963 501 1098 526 somno
1126 491 1165 524 et
1188 488 1386 525 flammam
1403 485 1546 524 abisse.

110 563 212 601 Tum
243 563 417 602 abducto
450 564 490 600 in
522 565 717 600 secretum
749 562 835 598 viro
867 559 1068 610 Tanaquil
1103 559 1275 608 „Viden'
1306 562 1351 596 tu
1382 557 1591 608 puerum3

110 636 239 674 hunc“
274 636 420 685 inquit,
454 648 597 684 „quem
628 638 709 672 tam
729 632 874 670 humili
901 633 1012 670 cultu
1039 631 1281 670 educamus?
1313 629 1423 668 Scire
1440 630 1547 679 licet,

110 708 215 746 hunc
261 708 394 745 lumen
441 706 642 756 quondam
687 706 807 743 rebus
854 705 1002 742 nostris
1041 703 1175 741 dubiis
1207 704 1383 740 futurum
1415 702 1549 751 praesi-

111 780 301 830 diumque
346 779 466 828 regiae
499 778 675 823 afflictae3
722 777 892 827 proinde
939 777 1146 813 materiam
1186 775 1359 824 ingentis
1390 774 1551 824 publice

110 852 379 902 privatimque
435 851 588 888 decoris
645 851 751 888 omni
799 849 1052 897 indulgentia
1105 850 1239 885 nostra
1283 846 1548 884 nutriamus.“

110 923 212 962 Inde
244 936 413 974 puerum
445 923 616 960 liberum
650 922 738 959 loco
765 926 937 971 coeptum
961 920 1101 958 haberi
1132 918 1366 968 erudirique
1384 918 1552 963 artibus,
1570 918 1596 954 4

112 996 258 1046 quibus
291 995 453 1045 ingenia
484 994 534 1032 ad
565 1007 718 1043 magnae
750 994 922 1031 fortunae
954 992 1104 1031 cultum
1122 991 1360 1029 excitantur.
1407 990 1554 1028 Evenit

112 1068 242 1115 facile,
274 1067 380 1117 quod
415 1067 477 1104 dis
509 1066 619 1104 cordi
653 1069 722 1103 est.
783 1066 948 1103 Iuvenis
982 1065 1109 1102 evasit
1139 1077 1234 1102 vere
1267 1062 1415 1100 indolis
1432 1062 1554 1110 regiae

112 1154 196 1187 nec,
243 1153 365 1190 quum
405 1141 653 1188 quaereretur
684 1151 808 1186 gener
839 1137 1071 1187 Tarquinio,
1119 1137 1327 1186 quisquam
1360 1134 1554 1172 Romanae

113 1211 333 1250 iuventutis
378 1211 463 1248 ulla
511 1213 595 1247 arte
641 1210 813 1248 conferri
853 1210 996 1259 potuit,
1041 1209 1245 1258 filiamque
1277 1207 1312 1244 ei
1343 1221 1454 1244 suam
1486 1219 1555 1244 rex

114 1283 341 1333 despondit.
389 1282 471 1320 Hic
503 1295 739 1332 quacunque
771 1282 820 1319 de
854 1295 971 1319 eausa
995 1283 1129 1318 tantus
1156 1280 1214 1316 illi
1241 1279 1368 1316 honos
1393 1279 1554 1316 habitus
1574 1278 1598 1316 5

114 1355 277 1393 credere
308 1354 508 1404 prohibet,
524 1367 639 1391 serva
655 1357 793 1391 natum
813 1367 901 1391 eum
932 1365 1182 1402 parvumque
1214 1352 1344 1401 ipsum
1375 1351 1555 1389 servisse.

114 1426 264 1465 Eorum
288 1426 416 1475 magis
432 1426 640 1463 sententiae
671 1438 770 1474 sum,
804 1425 886 1474 qui,
919 1424 1135 1462 Corniculo
1155 1427 1282 1473 capto,
1314 1422 1398 1460 Ser.
1418 1422 1558 1469 Tullii,

117 1499 186 1548 qui
218 1498 403 1548 princeps
431 1498 470 1535 in
502 1498 575 1534 illa
591 1497 691 1534 urbe
708 1497 849 1542 fuerat,
881 1496 1090 1545 gravidam
1108 1495 1196 1533 viro
1217 1495 1346 1532 occiso
1378 1508 1554 1543 uxorem,

119 1583 240 1620 quum
272 1570 377 1607 inter
407 1570 583 1619 reliquas
616 1569 795 1618 captivas
829 1569 992 1617 cognita
1009 1570 1123 1613 esset,
1157 1567 1207 1604 ob
1232 1568 1391 1605 unicam
1416 1567 1559 1605 nobili-

118 1644 240 1680 tatem
286 1641 336 1679 ab
376 1641 518 1690 regina
549 1641 732 1678 Romana
762 1640 1009 1691 prohibitam
1039 1640 1175 1677 ferunt
1205 1640 1368 1676 servitio
1399 1643 1559 1689 partum

119 1713 258 1751 Romae
305 1713 476 1750 edidisse
507 1713 637 1750 Prisci
668 1712 882 1762 Tarquinii
924 1712 1052 1758 (lomi3
1095 1711 1189 1749 inde
1220 1715 1332 1750 tanto
1365 1711 1555 1750 beneficio
1574 1711 1597 1748 6

121 1789 159 1823 et
205 1785 310 1823 inter
356 1785 546 1823 mulieres
593 1785 911 1822 familiaritatem
958 1791 1116 1822 auctam
1147 1788 1186 1821 et
1218 1797 1397 1833 puerum,
1444 1787 1489 1821 ut
1519 1784 1560 1821 in

122 1856 239 1895 domo
272 1871 294 1894 a
324 1870 448 1906 parvo
481 1857 682 1906 eductum,
715 1858 757 1894 in
789 1857 956 1894 caritate
989 1861 1108 1906 atque
1138 1857 1287 1894 honore
1305 1856 1449 1901 fuisse;
1483 1856 1561 1893 for·

121 1933 257 1967 tunam
292 1929 442 1976 matris,
483 1928 589 1978 quod
621 1931 739 1979 capta
768 1929 902 1979 patria
935 1929 976 1965 in
1006 1928 1181 1966 hostium
1215 1941 1352 1965 manus
1395 1928 1561 1974 venerit,

122 2004 167 2038 ut
197 2014 311 2039 serva
342 2004 458 2039 natus
489 2002 732 2047 crederetur,
763 2001 917 2040 fecisse.

237 2072 692 2123 Duodequadragesimo
724 2073 847 2110 ferme
874 2086 993 2119 anno,
1022 2085 1071 2110 ex
1097 2085 1174 2122 quo
1198 2085 1367 2120 regnare
1393 2074 1569 2121 coeperat
1641 2067 1701 2115 40

125 2144 383 2195 Tarquinius,
407 2159 487 2183 non
511 2145 617 2196 apud
640 2158 775 2194 regem
802 2144 931 2192 mod0‚
963 2145 1032 2182 sed
1050 2144 1158 2194 apud
1175 2149 1307 2194 patres
1325 2144 1564 2193 plebemque

125 2217 243 2266 longe
273 2217 447 2254 maximo
479 2217 629 2255 honore
661 2215 747 2256 Ser.
766 2216 924 2254 Tullius
957 2221 1056 2255 erat.
1104 2215 1207 2254 Tum
1238 2216 1346 2254 Anci
1377 2215 1452 2252 filii
1485 2215 1605 2253 duoss

127 2289 201 2327 etsi
231 2293 347 2326 antea
378 2302 532 2339 semper
562 2302 634 2339 pro
667 2288 948 2339 indignissimo
966 2288 1203 2334 habuerant,
1235 2301 1275 2325 se
1292 2287 1424 2337 patrio
1440 2301 1564 2336 regno

126 2361 272 2398 tutoris
318 2361 457 2398 fraude
502 2361 649 2410 pulsos,
698 2373 866 2409 regnare
898 2360 1037 2398 Romae
1084 2360 1278 2398 advenam
1324 2373 1403 2396 non
1449 2358 1566 2397 modo

128 2432 284 2479 vicinae,
303 2433 372 2470 sed
388 2446 438 2471 ne
456 2432 612 2470 Italicae
629 2433 789 2482 quidem
807 2432 958 2482 stirpis,
983 2436 1116 2469 tamen
1133 2432 1349 2482 impensius
1367 2431 1415 2468 iis
1434 2430 1565 2479 indig-

129 2504 234 2542 nitas
267 2517 456 2553 crescere,
489 2505 523 2542 si
557 2517 606 2542 ne
637 2504 687 2543 ab
704 2504 928 2554 Tarquinio
960 2504 1121 2553 quidem
1154 2504 1203 2541 ad
1235 2516 1275 2540 se
1307 2502 1457 2540 rediret
1479 2514 1566 2550 reg·

132 2589 235 2622 num,
266 2576 334 2614 sed
358 2589 535 2626 praeceps
562 2576 656 2614 inde
681 2589 801 2626 porro
827 2576 878 2614 ad
895 2575 1059 2614 servitia
1076 2576 1249 2620 caderet,
1280 2578 1324 2611 ut
1356 2575 1395 2610 in
1427 2573 1566 2610 eadem
1583 2575 1608 2612 3

133 2648 292 2686 civitate
316 2651 407 2698 post
431 2649 690 2686 centesimum
714 2648 796 2685 fere
826 2660 985 2695 annum,
1019 2646 1127 2697 quod
1144 2646 1354 2694 Romulus,
1388 2645 1462 2682 deo
1478 2657 1567 2694 pro-

133 2723 288 2769 gnatus,
322 2720 419 2757 deus
450 2720 547 2770 ipse,
576 2719 753 2758 tenuerit
784 2732 966 2768 regnum,
1000 2718 1123 2756 donec
1158 2717 1198 2754 in
1229 2716 1347 2753 terris
1363 2715 1496 2761 fuerit,
1527 2715 1569 2753 id
