1821 2928
690 220 780 246 Liber
798 220 835 245 X.
873 220 921 246 (A.
942 220 992 246 ch.
1013 221 1084 250 293.)
1465 211 1543 248 251

161 339 276 374 centa
307 336 519 385 sexaginta
550 335 628 372 duo
645 338 826 373 trecenta
841 336 986 385 viginti
1017 348 1150 373 unum.
1198 334 1392 374 Censores
1422 337 1604 374 vicesimi

162 404 266 442 sexti
318 418 341 442 a
391 403 534 454 primis
579 404 831 452 censoribus,
883 404 1052 442 lustrum
1096 404 1190 442 inde
1234 404 1467 443 vicesimum
1513 406 1602 444 fuit.

161 472 315 511 Eodem
346 486 450 510 anno
481 473 660 510 coronati
691 473 865 523 primum
897 473 948 511 ob
979 487 1042 511 res
1071 473 1178 510 bello
1205 473 1305 510 bene
1331 477 1465 523 gestas
1488 474 1604 512 ludos
1623 475 1646 511 3

160 541 364 580 Romanos
394 545 637 591 spectarunt,
666 542 890 592 palmaeque
915 545 1000 579 tum
1025 542 1209 592 primum,
1239 542 1435 580 translato
1454 556 1474 579 e
1492 541 1603 580 Grae-

162 610 225 649 cia
254 623 375 657 more,
406 609 627 648 victoribus
659 610 775 649 datae.
820 610 971 648 Eodem
989 623 1092 648 anno
1110 611 1160 648 ab
1178 610 1364 648 aedilibus
1381 611 1603 659 curulibus,
1621 611 1646 648 4

164 679 234 730 qui
250 693 317 718 eos
334 679 450 716 ludos
466 679 656 726 fecerunt,
691 679 891 717 damnatis
917 679 1073 729 aliquot
1094 679 1307 729 pecuariis,
1337 679 1403 717 via
1419 693 1442 717 a
1458 679 1606 718 Martis

162 748 274 785 silice
305 747 358 786 ad
388 747 570 785 Bovillas
601 751 802 798 perstrata
832 752 901 785 est.

278 816 452 855 Comitia
484 817 711 854 consularia
740 816 787 854 L.
818 816 1011 866 Papirius
1042 815 1202 862 habuit3
1241 817 1394 855 creavit
1420 817 1603 855 consules
1623 816 1646 854 5

163 886 210 933 Q.
243 885 418 923 Fabium
450 885 619 923 Maximi
655 885 782 923 filium
821 883 1035 935 Gurgitem
1076 890 1116 922 et
1146 884 1199 922 D.
1230 884 1393 923 Iunium
1434 885 1607 924 Brutum

163 952 352 992 Scaevam.
414 954 507 1004 Ipse
538 954 729 1005 Papirius
759 957 908 1004 praetor
939 953 1080 991 factus.

275 1022 420 1060 Multis
452 1024 572 1061 rebus
603 1023 718 1061 laetus
760 1036 887 1061 annus
918 1022 985 1060 vix
1022 1022 1073 1060 ad
1111 1022 1298 1060 solatium
1337 1022 1456 1060 unius
1497 1022 1644 1070 mali,6

162 1091 408 1141 pestilentiae
439 1092 594 1130 urentis
624 1092 742 1129 simul
773 1091 914 1129 urbem
938 1094 1058 1140 atque
1079 1103 1208 1139 agros,
1239 1091 1414 1137 suffecit;
1446 1096 1607 1141 porten-

162 1164 285 1210 toque
316 1160 396 1198 iam
427 1160 572 1198 similis
604 1161 739 1199 clades
770 1164 868 1208 erat,
899 1163 938 1197 et
968 1159 1067 1197 libri
1098 1160 1212 1207 aditi,
1243 1160 1408 1210 quinam
1429 1160 1520 1197 finis
1538 1163 1609 1197 aut

163 1228 271 1278 quod
302 1229 525 1267 remedium
557 1229 642 1268 eius
674 1229 770 1268 mali
796 1229 846 1267 ab
874 1228 935 1266 dis
952 1229 1126 1266 daretur.
1185 1228 1400 1267 Inventum
1417 1229 1459 1266 in
1476 1228 1607 1276 libris,
1626 1229 1648 1264 7

164 1297 442 1348 AEsculapium
491 1298 540 1336 ab
586 1298 792 1348 Epidauro
831 1297 1003 1336 Romam
1048 1297 1344 1344 arcessendum;
1390 1311 1519 1347 neque
1559 1310 1606 1335 eo

163 1380 279 1414 anno,
310 1366 407 1416 quia
436 1366 544 1404 bello
577 1366 764 1416 occupati
796 1367 977 1404 consules
1008 1370 1134 1413 erant,
1165 1366 1379 1417 quicquam
1410 1366 1459 1404 de
1491 1379 1536 1404 ea
1566 1378 1609 1403 re

164 1439 308 1481 actum,
339 1438 610 1486 praeterquam
641 1434 748 1485 quod.
788 1449 912 1473 unum
953 1434 1059 1473 diem
1090 1435 1327 1485 AEsculapio
1365 1434 1608 1485 supplicatio

165 1503 304 1541 habita
335 1507 404 1541 est.
