1821 2928
504 124 620 160 Liber
644 123 718 159 111.
768 125 830 169 (A.
858 125 922 160 ch.
949 126 1160 171 464—463.)
1466 129 1539 168 131

99 253 396 292 sustinuissent.
471 253 561 292 Non
605 254 756 292 diutius
799 267 839 291 se
879 254 919 291 in
952 253 1131 292 Hernico
1170 253 1296 292 hostis
1329 253 1546 299 continuit3
1568 257 1589 293 7

98 326 232 377 pergit
258 325 352 364 inde
378 325 547 364 infestus
577 326 616 363 in
643 339 762 376 agros
779 325 993 372 Romanos,
1026 327 1145 364 etiam
1165 326 1249 364 sine
1272 325 1371 364 belli
1399 326 1550 364 iniuria

97 402 285 438 vastatos.
347 397 429 436 Ubi
461 412 583 448 quum
627 398 769 436 obvius
801 411 916 436 nemo
949 413 998 436 ne
1030 398 1195 436 inermis
1229 398 1390 449 quidem
1421 397 1549 447 fieret,

96 484 248 522 perque
291 471 424 510 omnia
463 484 541 508 non
575 471 780 521 praesidiis
812 471 930 509 modo
963 471 1142 517 deserta,
1185 471 1254 508 sed
1287 471 1405 508 etiam
1437 471 1551 508 cultu

97 544 248 594 agresti
278 544 509 590 transirent,
541 557 761 594 pervenere
793 544 844 581 ad
875 544 1041 581 tertium
1073 542 1252 594 lapidem
1278 542 1440 582 Gabina
1472 544 1549 581 via.

96 616 282 654 Mortuus
315 616 507 654 AEbutius
540 620 625 654 erat
643 616 849 654 Romanus
874 616 1036 662 consul,
1069 616 1223 665 collega
1250 616 1333 654 eius
1351 615 1546 654 Servilius
1565 611 1590 649 8

99 689 246 738 exigua
289 689 331 726 in
373 701 444 739 spe
474 689 661 727 trahebat
693 689 889 736 animam;
937 688 1070 726 affecti
1100 689 1282 739 plerique
1313 688 1554 739 principum,

97 765 258 813 patrum
291 761 418 799 maior
448 775 558 812 pars,
591 761 784 799 militaris
816 761 900 799 fere
933 764 1028 798 aetas
1062 762 1213 811 omnis,
1247 764 1293 799 ut
1323 774 1401 799 non
1434 761 1551 798 modo

96 834 145 872 ad
177 834 464 885 expeditiones.
499 848 597 884 quas
630 835 671 871 in
703 837 816 872 tanto
847 835 1023 871 tumultu
1055 848 1118 872 res
1149 834 1352 884 poscebat,
1384 834 1452 871 sed
1484 834 1552 872 vix

96 907 146 945 ad
179 907 334 958 quietas
362 907 554 945 stationes
581 906 739 944 viribus
764 906 1006 946 sufficerent.
1055 907 1205 944 Munus
1230 906 1465 956 vigiliarum
1494 920 1549 944 se·
1570 908 1592 945 9

94 983 266 1028 natores,
299 980 368 1030 qui
400 993 472 1030 per
504 983 661 1017 aetatem
694 994 739 1018 ac
765 979 1040 1018 valetudinem
1069 983 1270 1030 poterant,
1302 992 1374 1029 per
1401 993 1441 1017 se
1475 979 1553 1029 ipsi

97 1053 283 1099 obibant;
317 1053 541 1090 circumitio
574 1066 619 1090 ac
652 1066 747 1090 cura
779 1052 959 1090 aedilium
985 1052 1097 1103 plebi
1130 1055 1237 1099 erat3
1271 1052 1321 1089 ad
1351 1065 1417 1089 eos
1449 1065 1552 1088 sum—

95 1139 160 1163 ma
190 1138 323 1163 rerum
363 1138 407 1162 ac
446 1125 633 1163 maiestas
673 1125 897 1163 consularis
938 1125 1102 1175 imperii
1142 1129 1316 1163 venerat.
1376 1124 1551 1163 Deserta

98 1198 244 1245 omnia,
277 1197 366 1235 sine
397 1198 545 1248 capite,
578 1198 663 1235 sine
688 1197 857 1244 viribus,
891 1198 933 1235 di
965 1197 1157 1248 praesides
1185 1212 1229 1236 ac
1253 1199 1415 1235 fortuna
1438 1196 1550 1234 urbis

98 1273 229 1309 tutata
261 1274 340 1320 est,
373 1283 462 1320 quae
495 1269 654 1308 Volscis
686 1271 913 1320 AEquisque
944 1270 1179 1320 praedonum
1211 1270 1345 1321 potius
1377 1274 1550 1308 mentem

99 1356 216 1393 quam
247 1343 422 1380 hostium
455 1343 578 1380 dedit.
641 1342 756 1381 Adeo
789 1343 895 1380 enim
927 1343 1078 1380 nullam
1111 1357 1219 1393 spem
1246 1356 1327 1381 non
1357 1342 1546 1393 potiundi
1565 1345 1588 1380 2

99 1415 231 1465 mod0,
263 1415 334 1453 sed
365 1428 414 1452 ne
446 1414 621 1452 adeundi
654 1415 814 1464 quidem
833 1415 1016 1453 Romana
1047 1416 1193 1453 moenia
1225 1416 1379 1453 animus
1412 1428 1548 1452 eorum

100 1488 217 1537 cepit,
247 1491 433 1537 tectaque
464 1487 606 1537 procul
638 1487 724 1525 visa
756 1492 875 1537 atque
908 1487 1166 1526 imminentes
1191 1488 1337 1526 tumuli
1368 1492 1548 1526 averter»

97 1563 248 1597 mentes
280 1573 429 1599 eorum.
462 1563 523 1608 ut,
554 1560 651 1598 totis
683 1560 831 1610 passim
865 1560 1008 1598 castris
1040 1561 1203 1598 fremitu
1235 1564 1343 1611 orto,
1376 1560 1475 1611 quid
1507 1561 1547 1598 in
1567 1564 1590 1600 3

98 1636 210 1670 vasto
242 1645 287 1670 ac
319 1632 478 1670 deserto
510 1645 609 1681 agro
642 1633 750 1670 inter
780 1632 913 1670 tabem
944 1646 1134 1683 pecorum
1157 1633 1447 1684 hominumque
1480 1632 1550 1670 de-

96 1705 201 1743 sides
233 1705 317 1742 sine
348 1705 485 1754 praeda
515 1709 672 1755 tempus
704 1709 894 1752 tererent,
928 1719 1050 1755 quum
1084 1706 1244 1757 integra
1269 1706 1368 1753 loca,
1399 1705 1550 1743 Tuscu-

96 1777 231 1815 lanum
271 1789 412 1826 agrum
455 1778 630 1828 opimum
663 1779 814 1829 copiis,
847 1782 984 1829 petere
1015 1782 1196 1828 possent,
1237 1779 1354 1829 signa
1384 1782 1550 1828 repente

98 1850 371 1888 convellerent
400 1851 723 1901 transversisque
755 1851 969 1889 itineribus
1000 1864 1072 1901 per
1103 1851 1328 1889 Lavicanos
1359 1864 1476 1900 agros
1509 1851 1550 1886 in

98 1921 348 1960 Tusculanos
380 1923 502 1960 colles
527 1923 760 1961 transirent.
806 1923 867 1962 Eo
894 1924 954 1961 vis
979 1924 1108 1961 omnis
1130 1927 1429 1974 tempestasque
1453 1923 1551 1960 belli

100 2007 292 2033 conversa
323 1998 394 2034 est.
456 1995 623 2033 Interim
657 1996 829 2033 Hernici
861 1995 1078 2046 Latinique
1108 1995 1262 2046 pudore
1294 1996 1436 2045 etiam,
1469 1992 1591 2033 non4

99 2067 383 2106 misericordia
410 2067 539 2105 solum
569 2068 680 2117 moti,
715 2068 749 2105 si
767 2081 839 2105 nec
864 2068 1118 2106 obstitissent
1135 2068 1412 2106 communibus
1428 2069 1550 2107 hosti-

98 2140 172 2178 bus
212 2140 358 2178 infesto
408 2141 568 2189 agmine
606 2140 829 2178 Romanam
867 2141 1006 2179 urbem
1046 2141 1280 2191 petentibus
1322 2154 1396 2179 nec
1435 2154 1550 2191 opem

99 2212 224 2250 ullam
256 2211 429 2250 obsessis
461 2213 581 2250 sociis
612 2213 776 2260 ferrent,
809 2214 1020 2252 coniuncto
1053 2214 1230 2252 exercitu
1260 2213 1431 2252 Romam
1462 2226 1550 2264 per-

100 2288 210 2334 gunt.
282 2284 365 2322 Ubi
404 2297 526 2334 quum
567 2285 703 2324 hostes
742 2300 820 2324 non
861 2286 1128 2336 invenissent,
1174 2287 1301 2325 secuti
1332 2287 1474 2324 famam
1508 2284 1596 2323 ac5

100 2357 274 2406 vestigia
304 2357 414 2395 obvii
445 2357 548 2395 fiunt
579 2357 915 2397 descendentibus
947 2358 996 2396 ab
1022 2358 1254 2397 Tusculano
1286 2359 1328 2396 in
1347 2358 1552 2397 Albanam

101 2429 259 2467 vallem.
318 2430 385 2468 Ibi
416 2430 727 2481 haudquaquam
761 2444 874 2481 aequo
906 2431 1049 2482 proelio
1080 2433 1303 2482 pugnatum
1335 2434 1406 2478 est,
1436 2430 1552 2467 fides·

103 2514 179 2551 que
225 2514 296 2540 sua
337 2503 455 2540 sociis
495 2516 637 2553 parum
669 2503 767 2541 felix
799 2504 840 2541 in
871 2503 1091 2554 praesentia
1121 2504 1208 2542 fuit.
1269 2503 1393 2541 Haud
1424 2502 1594 2540 minoi-6

102 2572 240 2611 Romae
271 2573 318 2611 fit
357 2575 495 2613 morbo
528 2578 704 2625 strages,
749 2589 866 2626 quam
901 2580 1051 2626 quanta
1081 2576 1186 2613 ferro
1218 2575 1416 2613 sociorum
1448 2574 1553 2612 facta

104 2649 201 2683 erat.
264 2645 433 2695 Consul,
473 2648 542 2697 qui
580 2661 683 2686 unus
723 2651 953 2699 supererat,
990 2647 1178 2692 moritum
1220 2646 1367 2684 mortui
1410 2649 1448 2684 et
1479 2646 1551 2684 alii

105 2717 206 2755 clari
236 2718 333 2765 viri,
371 2719 426 2756 M.
459 2719 672 2767 Valerius,
711 2719 756 2757 T.
790 2719 1011 2770 Verginius
1042 2718 1206 2756 Rutilus
1239 2731 1434 2768 augureS,
1467 2717 1556 2756 Seu

1274 2789 1316 2821 9*
