1821 2928
541 102 656 138 Liber
680 102 754 137 111.
805 103 864 148 (A.
892 101 958 138 eh.
983 102 1077 146 449.)
1447 105 1526 143 175

90 231 270 270 Profecti
301 231 450 280 gaudio
483 231 638 280 ingenti
668 231 800 281 plebis
832 231 872 267 in
904 234 1034 268 castra
1064 230 1329 280 accipiuntur,
1371 231 1524 281 quippe
1545 233 1567 267 :2

91 304 331 342 liberatores
355 303 463 341 haud
480 303 602 340 dubie
619 306 660 340 et
675 305 807 340 motus
824 302 940 340 initio
958 306 998 340 et
1015 303 1127 340 exitu
1144 303 1214 340 rei.
1276 302 1338 341 Ob
1368 303 1451 340 haec
1481 303 1527 340 iis

91 375 395 413 advenientibus
420 375 558 424 gratiae
585 378 701 419 actae;
733 373 874 412 Icilius
899 387 972 424 pro
997 374 1256 412 multitudine
1278 375 1403 413 verba
1416 375 1528 413 facit.
1548 375 1571 411 :3

91 447 218 493 Idem,
250 461 372 498 quum
404 447 452 484 de
485 446 791 485 condicionibus
823 449 1020 495 ageretur,
1059 447 1333 496 quaerentibus
1365 448 1524 495 legatis,

90 533 179 571 quae
210 520 414 571 postulata
443 519 575 570 plebis
607 522 751 566 essent,
798 519 1016 568 composito
1061 519 1139 556 iam
1178 522 1270 556 ante
1309 519 1522 557 adventum

87 593 311 641 legatorum
343 592 526 637 consilio,
557 604 603 628 ea
634 590 865 641 postulavit,
910 594 956 627 ut
986 595 1207 641 appareret,
1253 592 1293 628 in
1335 593 1526 641 aequitate

89 678 221 702 rerum
260 665 352 715 plus
393 678 512 714 quam
554 664 593 701 in
633 664 753 701 armis
791 663 935 713 reponi
965 663 1062 713 spei.
1138 662 1387 700 Potestatem
1420 663 1566 701 enim4

88 737 345 775 tribuniciam
364 736 773 787 provocationemque
790 735 1036 785 repetebant,
1069 749 1157 785 quae
1175 739 1266 773 ante
1282 735 1526 774 decemviros

88 813 242 847 creatos
274 809 427 847 auxilia
457 809 587 859 plebis
617 809 786 855 fuerant,
820 812 859 845 et
890 821 939 844 ne
971 807 1036 844 cui
1066 808 1200 845 fraudi
1226 811 1329 845 esset
1353 809 1529 846 concisse

86 882 238 919 milites
269 886 338 920 aut
368 881 525 932 plebem
551 880 602 917 ad
627 880 885 931 repetendam
911 894 982 930 per
1007 880 1267 917 secessionem
1286 880 1528 918 libertatem.

87 953 151 991 De
183 954 499 992 decemvirorum
525 952 643 991 modo
671 953 872 1003 supplicio
897 956 1012 990 atrox
1037 952 1284 1002 postulatum
1301 953 1397 999 fuit3
1430 952 1523 990 dedi
1543 949 1565 986 5

91 1026 244 1076 quippe
277 1039 343 1063 eos
376 1039 532 1076 aequum
564 1024 791 1073 censebant,
840 1025 1035 1075 vivosque
1077 1025 1162 1073 igni
1202 1030 1521 1063 concrematuros

88 1098 356 1138 minabantur.
418 1098 563 1147 Legati
590 1097 640 1135 ad
667 1111 729 1135 ea:
766 1097 890 1145 „Quae
919 1097 1080 1135 consilii
1097 1098 1269 1144 fuerunt,
1300 1097 1398 1135 adeo
1416 1095 1565 1148 aequass

87 1171 317 1221 postulatis.
349 1174 394 1208 ut
417 1171 524 1208 ultro
548 1170 666 1208 vobis
698 1169 914 1207 deferenda
943 1170 1109 1216 fuerint3
1143 1170 1325 1207 libertati
1351 1170 1455 1207 enim
1482 1184 1528 1207 ea

86 1243 275 1294 praesidia
291 1243 441 1293 petitis,
469 1256 549 1280 non
566 1242 742 1280 licentiae
760 1242 810 1279 ad
829 1241 1122 1292 impugnandos
1145 1242 1257 1280 alios.
1290 1242 1369 1279 Irae
1386 1245 1530 1279 vestrae
1549 1237 1570 1269 7

91 1315 218 1365 magis
249 1315 534 1364 ignoscendum
553 1328 671 1365 quam
690 1314 982 1362 indulgendum
1000 1318 1068 1359 est,
1102 1314 1250 1364 quippe
1268 1314 1338 1364 qui
1355 1315 1525 1352 crudeli-

83 1388 180 1425 tatis
213 1387 303 1425 odio
333 1388 374 1424 in
399 1387 678 1425 crudelitatem
702 1387 820 1423 ruitis
838 1390 876 1423 et
892 1386 1003 1436 prius
1020 1399 1147 1436 paene,
1180 1400 1297 1436 quam
1316 1387 1393 1437 ipsi
1411 1387 1528 1424 liberi

86 1459 185 1504 sitis,
219 1459 417 1497 dominari
443 1459 520 1495 iam
547 1458 588 1495 in
606 1458 857 1496 adversarios
874 1459 1009 1496 vultis.
1055 1458 1322 1508 Nunquamne
1346 1459 1528 1509 quiescet
1545 1455 1569 1492 8

89 1531 233 1568 civitas
265 1534 401 1569 nostra
433 1544 455 1568 a
486 1531 696 1581 suppliciis
725 1535 792 1568 aut
809 1534 969 1581 patrum
988 1531 1027 1568 in
1046 1530 1203 1581 plebem
1221 1530 1441 1569 Romanam
1460 1536 1528 1568 aut

93 1603 223 1653 plebis
255 1603 297 1641 in
328 1603 491 1653 patres‘.>
537 1602 659 1641 Scuto
697 1603 812 1641 vobis
844 1603 971 1652 magis
1002 1617 1121 1654 quam
1152 1603 1288 1652 gladio
1321 1617 1419 1653 opus
1451 1608 1521 1641 est.

88 1673 194 1712 Satis
225 1688 424 1725 superque
456 1675 600 1712 humili
632 1679 703 1720 est,
736 1676 806 1726 qui
826 1676 910 1714 iure
929 1689 1043 1726 aequo
1073 1676 1115 1713 in
1132 1676 1294 1714 civitate
1310 1676 1421 1721 vivit,
1453 1690 1524 1714 nec
1544 1670 1566 1705 9

85 1747 293 1785 inferendo
318 1747 505 1785 iniuriam
530 1761 602 1785 nec
628 1747 834 1798 patiendo.
902 1748 1075 1786 Etiamsi
1103 1747 1264 1798 quando
1289 1749 1522 1786 metuendos
1545 1743 1594 1780 10

83 1832 154 1857 vos
170 1819 386 1869 praebituri
403 1820 510 1861 estis.
540 1834 677 1870 quum,
700 1821 949 1870 recuperatis
966 1820 1271 1870 magistratibus
1289 1821 1526 1871 legibusque

86 1891 243 1938 vestris,
274 1891 424 1929 iudicia
454 1906 576 1942 penes
607 1906 678 1930 vos
710 1897 827 1930 erunt
858 1893 906 1930 de
938 1893 1068 1943 capite
1092 1895 1227 1930 nostro
1260 1894 1522 1944 fortunisque,

83 1966 192 2010 tunc,
225 1967 271 2000 ut
302 1977 469 2014 quaeque
501 1977 622 2002 causa
654 1965 743 2010 erit,
775 1966 980 2010 statuetis;
1010 1979 1114 2002 nunc
1140 1965 1371 2003 libertatem
1397 1967 1526 2016 repeti

86 2036 182 2073 satis
215 2039 311 2074 est.“
376 2036 583 2083 Facerent,
614 2039 659 2074 ut
684 2037 845 2082 vellent,
878 2038 1204 2087 permittentibus
1231 2038 1398 2088 cunctis,
1433 2052 1523 2076 mox
1600 2037 1655 2084 54

87 2107 291 2145 redituros
322 2121 363 2145 se
394 2109 519 2157 legati
550 2109 670 2147 rebus
699 2109 890 2159 perfectis
922 2109 1134 2149 affirmant.
1196 2110 1376 2148 Profecti
1408 2125 1528 2161 quum
1548 2114 1570 2148 2

91 2179 281 2217 mandata
311 2179 441 2230 plebis
471 2181 654 2230 patribus
679 2182 970 2232 exposuissent,
1005 2183 1074 2220 alii
1106 2182 1333 2230 decemviri,
1366 2183 1525 2233 quando

90 2251 253 2302 quidem
283 2255 430 2302 praeter
460 2265 570 2302 spem
599 2253 775 2303 ipsorum
803 2255 998 2305 supplicii
1016 2255 1078 2292 sui
1104 2255 1217 2292 nulla
1232 2256 1381 2293 mentio
1399 2256 1525 2297 fieret.

86 2323 194 2361 haud
225 2324 439 2374 quicquam
457 2323 651 2371 abnuere;
683 2325 859 2376 Appius,
891 2327 996 2364 truci
1013 2327 1177 2376 ingenio
1197 2330 1235 2364 et
1253 2327 1408 2364 invidia
1425 2341 1522 2377 prae-
1542 2328 1565 2363 3

90 2394 219 2445 cipua,
254 2395 389 2433 odium
423 2396 465 2433 in
497 2409 538 2433 se
570 2396 741 2435 aliorum
773 2412 844 2436 suo
875 2399 916 2436 in
948 2413 1014 2437 eos
1039 2399 1208 2437 metiens
1235 2399 1340 2447 odio,
1378 2398 1524 2448 „Haud

88 2465 256 2517 ignaro“
292 2467 425 2517 inquit
458 2468 666 2515 „imminet
696 2469 869 2508 fortuna.
930 2471 1073 2517 Video,
1105 2471 1230 2509 donec
1255 2484 1365 2508 arma
1388 2470 1524 2506 adver·
1543 2476 1568 2512 4

90 2539 204 2577 seriis
219 2539 445 2588 tradantur,
479 2540 633 2578 differri
651 2541 841 2579 adversus
870 2555 941 2580 nos
966 2547 1180 2580 certamen.
1227 2541 1396 2585 Dandus
1422 2541 1523 2578 invi-

91 2610 166 2648 diae
197 2615 259 2649 est
289 2612 462 2662 sanguis.
523 2612 639 2650 Nihil
669 2626 718 2650 ne
750 2627 822 2663 ego
850 2614 1012 2664 quidem
1038 2628 1184 2660 moror,
1216 2626 1294 2662 quo
1313 2613 1442 2649 minus
1460 2613 1528 2650 de.-

91 2682 308 2720 cemviratu
339 2684 516 2723 abeam.“
586 2684 755 2723 Factum
787 2690 948 2724 senatus
980 2686 1214 2729 consultum,
1247 2687 1293 2721 ut
1323 2683 1520 2722 decemvi-
1539 2685 1562 2722 5
