1821 2928
774 145 891 180 Liber
915 145 945 180 Ι.
1523 143 1571 181 21

140 291 187 316 ea
218 277 400 322 maxime,
448 288 535 326 quae
581 288 685 312 nunc
717 274 766 311 ad
799 273 960 312 Dialem
993 273 1190 310 flaminem
1223 270 1436 322 pertinent.
1497 266 1617 305 Sed2

140 349 234 400 quia
266 349 306 386 in
339 348 504 386 civitate
535 346 730 384 bellicosa
761 346 896 396 plures
921 344 1085 382 Romuli
1120 357 1236 394 quam
1255 342 1395 381 Numae
1427 340 1577 378 similes

139 434 252 470 reges
283 420 452 471 putabat
482 420 578 465 fore,
625 419 828 467 iturosque
860 417 970 467 ipsos
1001 415 1050 453 ad
1078 415 1197 462 bella,
1242 428 1291 452 ne
1316 426 1428 451 sacra
1455 411 1577 461 regiae

139 493 240 530 vicis
279 492 569 537 desererentur,
614 490 814 527 flaminem
847 488 936 526 Iovi
984 486 1187 524 assiduum
1220 485 1465 523 sacerdotem
1498 496 1578 520 cre-

140 565 235 604 avit,
251 564 482 613 insignique
508 576 596 600 eum
621 566 730 599 veste
754 565 793 598 et
818 560 946 597 curuli
972 558 1082 607 regia
1100 558 1199 595 sella
1217 557 1438 595 adornavit.
1471 554 1579 593 Huic

142 637 243 674 duos
274 636 454 673 flamines
480 634 641 680 adiecit,
673 633 796 670 Marti
813 645 948 677 unum,
981 631 1151 668 alterum
1169 629 1354 677 Quirino.
1384 628 1580 677 virgines·
1600 625 1623 662 3

141 721 218 759 que
234 708 373 746 Vestae
405 707 515 755 legit,
546 706 656 743 Alba
689 703 902 742 oriundum
935 702 1203 740 sacerdotium
1237 706 1274 738 et
1306 700 1416 749 genti
1447 698 1581 736 condi·

137 781 238 818 toris
269 779 376 818 haud
409 779 596 816 alienum.
651 777 721 823 Iis,
753 781 796 813 ut
829 775 1000 813 assiduae
1031 774 1173 823 templi
1206 773 1407 810 antistites
1439 774 1581 817 essent,

140 852 381 902 stipendium
413 851 461 888 de
492 850 654 900 publico
686 849 846 893 statuit;
879 847 1113 896 virginitate
1145 845 1316 894 aliisque
1343 843 1581 881 caerimoniis

140 924 392 961 venerabiles
439 937 483 960 ac
531 925 686 959 sanctas
733 921 840 958 fecit.
903 918 1033 956 Salios
1079 919 1173 955 item
1215 916 1425 954 duodecim
1456 910 1623 952 Marti4

141 995 318 1033 Gradivo
344 995 453 1043 legit,
482 994 707 1043 tunicaeque
732 993 851 1042 pictae
876 992 1032 1040 insigne
1060 989 1171 1027 dedit
1199 992 1238 1026 et-
1262 1001 1383 1038 super
1405 987 1581 1024 tunicam

140 1079 305 1105 aeneum
338 1066 493 1117 pectori
524 1069 729 1114 tegumen3
779 1064 1035 1112 caelestiaque
1068 1076 1188 1108 arma,
1220 1073 1308 1111 quae
1340 1059 1483 1097 ancilia
1516 1071 1582 1108 ap-

139 1139 355 1189 pellantur,
390 1139 493 1175 ferre
525 1151 569 1174 ac
600 1150 672 1187 per
702 1137 841 1173 urbem
873 1136 931 1172 ire
963 1138 1150 1172 canentes
1181 1133 1355 1170 carmina
1388 1144 1475 1168 cum
1507 1130 1577 1167 tri-

140 1211 278 1262 pudiis
310 1210 572 1260 sollemnique
606 1209 753 1246 saltatu
785 1208 915 1246 iussit.
963 1205 1203 1244 Pontificem
1236 1204 1383 1242 deinde
1414 1202 1584 1240 Numam
1604 1198 1626 1236 5

141 1282 338 1321 Marcium
371 1282 500 1319 Marci
547 1281 671 1318 filium
720 1294 765 1318 ex
797 1280 980 1330 patribus
1027 1279 1127 1327 legit
1158 1277 1275 1327 eique
1306 1289 1417 1313 sacra
1451 1273 1583 1311 omnia

141 1355 340 1405 exscripta
365 1354 650 1403 exsignataque
676 1352 874 1397 attribuit,
910 1350 1054 1400 quibus
1079 1349 1234 1397 hostiis,
1261 1348 1405 1398 quibus
1431 1346 1583 1391 diebus,

140 1426 189 1464 ad
221 1439 308 1476 quae
339 1426 488 1475 templa
521 1438 633 1462 sacra
663 1424 817 1467 fierent,
851 1426 969 1472 atque
1001 1421 1106 1459 unde
1138 1421 1179 1458 in
1212 1434 1278 1458 eos
1310 1423 1490 1470 sumptus
1514 1430 1580 1467 pe-

140 1498 258 1535 cunia
305 1500 548 1546 erogaretur.
610 1495 755 1533 Cetera
795 1508 954 1544 quoque
987 1494 1118 1531 omnia
1150 1493 1314 1543 publica
1345 1492 1582 1542 privataque
1602 1489 1624 1526 6

140 1582 251 1606 sacra
283 1568 485 1618 pontificis
517 1569 625 1606 scitis
651 1567 837 1612 subiecit,
869 1569 914 1603 ut
948 1570 1062 1612 esset,
1094 1579 1172 1616 quo
1199 1565 1420 1602 consultum
1447 1561 1585 1612 plebes

141 1641 308 1686 veniret,
334 1654 383 1677 ne
401 1641 497 1690 quid
516 1640 644 1677 divini
661 1639 760 1677 iuris
779 1638 1024 1687 negligendo
1041 1637 1195 1688 patrios
1212 1637 1314 1674 ritus
1332 1634 1584 1686 peregrinos·

141 1725 216 1762 que
241 1712 498 1750 adsciscendo
523 1712 772 1756 turbaretur;
795 1724 867 1748 nec
895 1710 1068 1747 caelestes
1086 1709 1203 1746 modo
1221 1708 1481 1754 caerimonias,
1506 1706 1575 1744 sed
1596 1707 1617 1742 7

145 1785 251 1822 iusta
293 1797 451 1834 quoque
483 1783 666 1820 funebria
697 1782 997 1832 placandosque
1028 1795 1164 1819 manes
1194 1785 1238 1818 ut
1269 1775 1374 1818 idem
1404 1779 1587 1830 pontifex

145 1856 346 1904 edoceret,
378 1868 547 1906 quaeque
589 1855 775 1905 prodigia
807 1855 1046 1892 fulminibus
1079 1854 1209 1892 aliove
1243 1866 1320 1903 quo
1351 1853 1439 1890 visu
1468 1852 1587 1889 missa

145 1928 442 1978 susciperentur
473 1931 592 1977 atque
625 1930 872 1965 curarentur.
920 1926 988 1964 Ad
1022 1939 1066 1963 ea
1090 1925 1285 1962 elicienda
1313 1938 1362 1961 ex
1387 1923 1587 1961 mentibus

146 1999 294 2036 divinis
325 1999 415 2054 lovi
446 1998 579 2037 Elicio
612 2012 720 2037 aram
753 1999 793 2036 in
826 1998 1033 2036 Aventino
1066 1997 1226 2044 dicavit,
1265 1997 1462 2046 deumque
1495 2008 1589 2032 con-

146 2071 271 2108 suluit
303 2070 493 2119 auguriis,
524 2084 611 2120 quae
643 2070 896 2121 suscipienda
928 2073 1070 2108 essent.

259 2142 327 2180 Ad
359 2142 444 2179 haec
476 2142 739 2180 consultanda
770 2142 1105 2192 procurandaque
1135 2140 1395 2179 multitudine
1428 2139 1535 2177 omni
1567 2153 1587 2175 a
1671 2139 1724 2187 21

144 2214 186 2251 vi
217 2218 257 2251 et
287 2215 408 2252 armis
440 2227 644 2260 conversa,
676 2218 715 2251 et
741 2214 863 2251 animi
891 2214 1048 2263 aliquid
1075 2213 1230 2263 agendo
1256 2213 1440 2263 occupati
1465 2215 1590 2257 erant,

146 2289 186 2324 et
212 2285 373 2323 deorum
399 2285 561 2323 assidua
584 2286 762 2324 insidens
789 2299 896 2333 cura,
920 2299 1042 2335 quum
1060 2286 1250 2323 interesse
1268 2285 1388 2323 rebus
1406 2284 1589 2322 humanis

145 2358 302 2395 caeleste
332 2370 477 2395 numen
504 2357 722 2404 videretur,
746 2371 792 2395 ea
816 2358 967 2408 pietate
993 2358 1169 2395 omnium
1196 2361 1360 2408 pectora
1376 2357 1589 2401 imbuerat,

145 2432 192 2466 ut
220 2428 320 2466 fides
345 2443 390 2466 ac
418 2429 478 2466 ius
505 2428 718 2466 iurandum
744 2442 818 2479 pro
845 2429 1021 2467 obnoxio
1046 2429 1180 2478 legum
1205 2442 1248 2466 ac
1275 2441 1484 2479 poenarum
1509 2439 1588 2464 me·

144 2504 190 2538 tu
216 2501 418 2538 civitatem
450 2504 648 2550 regerent.
697 2500 750 2538 Et
773 2513 894 2551 quum
922 2501 1000 2551 ipsi
1026 2514 1066 2538 se
1090 2501 1270 2539 homines
1295 2500 1336 2537 in
1354 2499 1462 2548 regis
1479 2498 1589 2535 velut
1605 2499 1629 2535 2

142 2572 252 2610 unici
279 2571 451 2622 exempli
475 2585 604 2609 mores
630 2572 859 2619 formarent,
891 2576 975 2610 tum
1000 2572 1161 2610 finitimi
1185 2572 1307 2610 etiam
1332 2570 1486 2620 populi,
1520 2570 1606 2619 qui⁴

148 2648 267 2682 antea
298 2647 440 2691 castra,
486 2656 565 2681 non
596 2644 735 2681 urbem
766 2645 938 2695 positam
973 2645 1012 2682 in
1044 2644 1177 2681 medio
1209 2643 1259 2680 ad
1291 2641 1588 2680 sollicitandam

146 2715 320 2753 omnium
346 2728 483 2765 pacem
511 2715 781 2766 crediderant,
809 2716 849 2753 in
876 2729 962 2753 eam
986 2714 1267 2753 verecundiam
1293 2713 1457 2751 adducti
1484 2717 1587 2762 sunt,
