1821 2928
395 186 470 222 172
801 193 888 217 Liber
906 192 960 217 ix.
997 191 1044 219 (A.
1065 199 1093 217 u.
1113 198 1138 216 c.
1157 193 1312 222 440—441.)

334 308 615 358 multiplicatis
647 307 809 344 summis
840 306 1071 352 honoribus,
1123 308 1214 354 post
1242 319 1304 343 res
1348 308 1410 342 tot
1440 304 1549 343 (lomi
1579 305 1765 354 belloque

335 382 478 425 gestas,
509 379 682 413 ceterum
715 375 864 411 invisus
894 374 1112 420 nobilitati,
1149 387 1304 411 causam
1343 373 1446 410 dixit
1482 373 1765 422 absolutusque

272 446 322 482 22
343 449 411 482 est.
471 444 553 481 Nec
585 443 749 489 diutius,
780 446 825 479 ut
854 442 910 488 fit,
941 456 1059 491 quam
1091 443 1181 479 dum
1214 455 1350 478 recens
1381 444 1476 487 erat,
1507 441 1673 490 quaestio
1696 453 1766 490 per

336 514 443 550 clara
473 512 637 550 nomina
667 524 825 548 reorum
855 510 1008 557 viguit3
1050 510 1143 547 inde
1180 510 1262 547 labi
1293 510 1415 559 coepit
1445 509 1495 547 ad
1526 509 1672 546 viliora
1703 522 1765 546 ca-

334 583 431 632 pita,
463 582 586 618 donec
619 579 865 617 coitionibus
896 578 1230 628 factionibusque,
1261 579 1451 616 adversus
1482 591 1580 627 quas
1612 590 1765 626 compa-

336 653 422 687 rata
453 653 548 695 erat,
580 661 768 697 oppressa
800 651 869 683 est.

205 714 257 759 ’,Π
449 717 598 753 Earum
638 716 743 752 fania
781 729 924 761 rerum,
956 715 1082 763 magis
1111 718 1245 752 tamen
1276 728 1363 764 spes
1395 714 1606 763 Campanae
1637 711 1764 749 defee-

334 785 470 831 tionis,
502 785 543 821 in
575 797 693 832 quani
725 783 974 820 coniuratum
1007 787 1102 829 erat,
1135 782 1334 820 Sanmites
1359 782 1400 819 in
1417 781 1610 831 Apuliam
1633 793 1768 817 versos

296 853 473 890 2rursus
510 853 560 889 ad
599 851 796 888 (laudium
834 851 1046 897 revocavit,
1087 854 1131 888 ut
1162 851 1254 887 inde
1286 864 1332 887 ex
1362 849 1600 899 propinquo,
1631 848 1665 885 si
1697 847 1767 896 qui

299 921 320 957 3
339 925 468 958 motus
499 919 745 958 occasionem
778 919 964 968 aperiret,
1002 919 1180 968 Capuam
1210 918 1402 955 Romanis
1433 917 1643 966 eriperent.
1708 916 1767 953 Eo

336 989 515 1026 consules
548 1001 634 1024 cum
665 988 801 1025 valido
834 987 1008 1024 exercitu
1030 990 1234 1023 venerunt.
1280 986 1334 1022 Et
1355 985 1484 1034 primo
1507 984 1615 1021 circa
1631 983 1766 1029 saltus,

338 1070 458 1106 quum
504 1056 693 1105 utrinque
739 1055 790 1092 ad
827 1055 978 1092 hostem
1017 1055 1157 1104 iniqua
1193 1054 1258 1090 via
1299 1056 1410 1099 esset,
1451 1052 1627 1090 cunctati
1658 1055 1767 1097 sunt3

298 1124 484 1162 *ldeinde
515 1123 713 1160 Samnites
745 1136 814 1172 per
845 1126 983 1172 aperta
1014 1123 1100 1160 loca
1130 1123 1243 1160 brevi
1274 1122 1445 1158 circuitu
1469 1121 1509 1158 in
1534 1122 1621 1158 loca¹
1637 1120 1769 1170 plana,

338 1193 559 1241 Campanos
597 1204 768 1240 campos,
808 1204 948 1239 agmen
982 1190 1209 1236 demittunt,
1247 1189 1386 1238 ibique
1429 1189 1600 1238 primum
1639 1191 1768 1226 castra

297 1261 320 1297 5
338 1261 378 1297 in
411 1264 662 1309 conspectum
695 1259 876 1296 hostibus
908 1258 1014 1305 data,
1045 1258 1190 1295 deinde
1221 1258 1377 1295 levibus
1402 1257 1567 1307 proeliis,
1591 1256 1767 1306 equitum

337 1328 482 1377 saepius
521 1341 640 1376 quam
678 1327 868 1377 peditum,
908 1327 1096 1375 utrinque
1134 1327 1354 1375 periculum
1392 1326 1560 1371 factum
1597 1337 1668 1362 nec
1700 1328 1769 1361 aut

337 1399 498 1433 eventus
540 1410 673 1433 eorum
713 1395 939 1433 Romanum
980 1397 1048 1431 aut
1086 1406 1216 1440 morae,
1259 1407 1336 1443 qua
1365 1393 1580 1430 trahebant
1608 1392 1769 1438 bellum,

295 1464 561 1513 sspaenitebat.
636 1462 875 1500 Samnitium
917 1466 1053 1500 contra
1094 1462 1262 1499 (lucibus
1294 1465 1332 1498 et
1363 1461 1475 1511 carpi
1505 1461 1641 1511 parvis
1673 1473 1766 1509 quo-

333 1532 433 1568 tidie
465 1532 620 1568 damnis
653 1535 691 1568 et
721 1544 921 1568 senescere
954 1530 1148 1567 dilatione
1174 1530 1270 1567 belli
1295 1530 1402 1567 vires
1419 1542 1499 1566 suae
1515 1528 1767 1566 videbantur.

297 1601 317 1636 ῖ
335 1600 478 1648 Itaque
510 1599 550 1636 in
583 1599 707 1636 aciem
731 1599 963 1648 procedunt,
988 1598 1193 1647 equitibus
1221 1599 1261 1635 in
1288 1611 1437 1635 cornua
1453 1597 1605 1643 divisis,
1624 1596 1768 1645 quibus

334 1670 577 1716 praeceptum
610 1671 705 1712 erat,
738 1667 972 1704 intentiores
1015 1667 1065 1703 ad
1095 1669 1317 1715 respectum
1350 1669 1579 1712 cast-rorum,
1610 1679 1658 1702 ne
1691 1677 1767 1714 qua

337 1749 381 1772 eo
414 1735 473 1772 vis
503 1734 627 1779 fieret,
668 1748 785 1783 quam
816 1735 867 1771 ad
898 1734 1085 1783 proelium
1117 1737 1282 1770 starent:
1317 1729 1440 1770 acieni
1471 1732 1608 1782 pedite
1639 1735 1767 1770 tutam

296 1803 432 1841 Sfore.
493 1802 686 1839 Consules
718 1802 922 1851 Sulpicius
955 1802 996 1838 in
1028 1801 1180 1848 dextro,
1216 1801 1410 1838 Poetelius
1442 1801 1484 1837 in
1513 1800 1613 1837 laevo
1645 1813 1767 1837 cornu

335 1871 566 1907 consistunt.
641 1870 797 1907 Dextra
836 1884 939 1919 pars,
979 1883 1057 1919 qua
1098 1872 1138 1906 etv
1177 1867 1374 1906 Samnites
1413 1868 1515 1906 raris
1546 1867 1767 1914 ordinibus,

335 1942 403 1975 aut
444 1939 495 1975 ad
536 1938 835 1975 circumeundos
876 1939 1007 1975 hostes
1039 1941 1107 1975 aut
1137 1951 1185 1974 ne
1217 1937 1296 1986 ipsi
1327 1936 1647 1983 circumirentur,
1677 1949 1766 1974 con-

296 2008 318 2040 f,
337 2006 532 2052 stiterunt,
574 2007 694 2043 latius
733 2006 933 2055 patefacta
971 2005 1097 2051 stetit3
1143 2005 1326 2051 sinistris,
1363 2008 1628 2054 praeterquam
1660 2004 1766 2054 quod

335 2074 593 2111 confertiores
625 2077 826 2119 steterant,
858 2074 1067 2123 repentino
1099 2073 1266 2110 consilio
1299 2073 1463 2109 Poetelii
1494 2072 1668 2109 consulis
1699 2071 1765 2109 ad-

335 2141 431 2178 ditae
461 2141 579 2187 vires,
610 2143 679 2190 qui
703 2141 964 2179 subsidiarias
990 2142 1181 2187 cohortes,
1207 2154 1293 2190 quae
1320 2141 1487 2188 integrae
1503 2139 1554 2177 ad
1569 2140 1764 2188 longioris

334 2222 477 2258 pugnae
510 2222 623 2246 casus
654 2209 971 2255 reservabantur,
1002 2209 1043 2246 in
1070 2209 1238 2258 primam
1263 2208 1386 2245 aciem
1410 2208 1607 2257 extemplo
1625 2207 1766 2254 emisit,

268 2278 318 2314 10
334 2277 610 2325 universisque
642 2277 790 2314 hostem
826 2277 954 2326 primo
987 2277 1139 2326 impetu
1163 2275 1320 2312 viribus
1345 2275 1517 2325 impulit.
1561 2275 1766 2313 Commota

336 2344 512 2393 pedestri
545 2345 639 2390 acie,
671 2344 910 2381 Samnitium
943 2358 1060 2393 eques
1093 2344 1135 2380 in
1165 2355 1338 2392 pugnam
1362 2342 1549 2380 succedit.
1589 2343 1639 2380 In
1661 2343 1772 2393 hunc>

336 2414 564 2448 transverso
611 2412 768 2460 agmine
815 2413 919 2449 inter
957 2413 1054 2449 (luas
1091 2411 1196 2449 acies
1227 2425 1267 2448 se.
1299 2411 1532 2448 inferentem
1561 2411 1765 2449 Romanus

336 2479 538 2527 equitatus
576 2480 752 2517 concitat
792 2494 913 2529 equos
953 2480 1147 2528 signaque
1178 2483 1216 2516 et
1247 2479 1407 2516 ordines
1436 2478 1614 2527 peditum
1645 2482 1765 2528 atque

337 2547 517 2596 equitum
549 2548 769 2593 confundit,
802 2548 923 2583 donec
942 2547 1169 2584 universam
1193 2547 1242 2584 ab
1267 2559 1312 2582 ea
1335 2549 1448 2594 part-e
1464 2546 1612 2583 avertit
1627 2546 1763 2583 aciem.

270 2616 316 2651 ll
337 2615 386 2652 In
418 2629 462 2652 eo
494 2628 617 2652 cornu
649 2628 726 2652 non
743 2614 935 2652 Poetelius
968 2615 1085 2661 solus,
1116 2615 1183 2651 sed
1202 2613 1405 2662 Sulpicius
1436 2613 1553 2650 etiam
1583 2614 1764 2651 hortator
