1821 2928
545 230 635 256 Liber
653 230 738 256 vm.
777 230 825 259 (A.
846 231 898 258 ch.
918 232 1074 260 335—331.)
1402 218 1478 256 115

93 344 214 382 ritate
245 348 402 382 senatus
434 343 565 382 dictus
596 344 642 382 P.
676 345 885 383 Cornelius
915 345 1104 392 Rufinus,
1136 344 1326 394 magister
1357 343 1537 393 equitum

92 411 148 449 Μ.
164 412 378 451 Antonius.
438 413 599 463 Religio
631 413 775 451 deinde
799 414 973 462 incessit,
1004 414 1103 452 vitio
1129 427 1194 452 eos
1219 416 1383 459 creatos,
1413 411 1535 461 magi-
1555 411 1579 448 4

93 482 302 530 stratuque
318 494 358 519 se
375 481 681 527 abdicaverunt;
714 485 752 519 et
769 482 864 532 quia
881 482 1114 532 pestilentia
1131 482 1310 519 insecuta
1327 484 1395 527 est,
1426 480 1539 518 velut

92 549 275 587 omnibus
306 563 350 588 eo
373 549 473 587 vitio
497 550 690 587 contactis
715 551 915 601 auspiciis,
946 565 1010 589 res
1033 551 1084 589 ad
1109 550 1381 598 interregnum
1404 548 1538 586 rediit.

205 617 274 656 Ab
320 618 549 668 interregno
592 619 694 657 inito
740 633 812 669 per
857 620 1042 669 quintum
1087 618 1245 656 demum
1284 618 1534 667 interregem,
1554 615 1576 653 5

89 686 144 724 M.
176 686 387 725 Valerium
428 686 619 734 Corvum,
666 688 792 726 creati
838 688 1016 726 consules
1047 686 1099 726 A.
1139 685 1349 724 Cornelius
1386 687 1530 724 iterum
1549 671 1743 734 ἓζὲΐζὲἓζ

89 757 129 792 et
160 754 230 792 Cn.
261 754 526 805 Domitius.¹)
587 755 835 807 Tranquillis
866 756 987 795 rebus
1019 756 1124 794 fama
1149 753 1299 792 Gallici
1330 754 1429 793 belli
1461 767 1533 805 pro
1553 755 1576 791 6

87 823 265 862 tumultu
294 824 433 871 valuit,
463 828 509 862 ut
539 825 777 863 dictatorem
803 825 883 863 dici
900 825 1096 876 placeret,
1128 822 1260 860 dictus
1275 823 1330 861 M.
1347 823 1537 873 Papirius

89 891 254 931 Crassus
287 895 327 930 et
356 893 547 942 magister
571 895 752 944 equitum
769 894 815 932 P.
832 894 1022 932 Valerius
1040 892 1264 930 Publicola.
1324 891 1365 929 A
1390 891 1535 941 quibus
1556 892 1576 928 7

88 974 210 1012 quum
248 960 417 999 dilectus
456 961 648 1000 intentius
687 976 806 1013 quam
844 963 1036 1001 adversus
1076 960 1249 999 finitima
1279 959 1388 998 bella
1418 959 1537 997 habe-

86 1032 209 1077 retur,
241 1029 517 1079 exploratores
548 1031 659 1069 missi
678 1031 913 1079 attulerunt,
947 1031 1085 1081 quieta
1109 1029 1243 1067 omnia
1269 1028 1376 1078 apud
1394 1026 1535 1065 Gallos

86 1111 182 1136 esse.
257 1096 464 1135 Samnium
503 1112 661 1149 quoque
700 1099 780 1138 iam
820 1100 991 1138 alterum
1032 1112 1179 1137 annum
1218 1096 1375 1135 turbari
1417 1096 1576 1134 novis8

86 1166 266 1204 consiliis
297 1170 525 1216 suspectum
556 1172 662 1215 erat;
701 1181 746 1206 eo
787 1182 833 1206 ex
871 1182 968 1218 agro
1002 1166 1188 1205 Sidicino
1227 1165 1423 1204 exercitus
1454 1164 1535 1202 Ro·

84 1248 225 1273 manus
262 1248 342 1273 non
384 1235 590 1274 deductus.
666 1236 855 1275 Ceterum
886 1236 1086 1275 Samnites
1125 1234 1275 1272 bellum
1307 1232 1575 1271 Alexandri9

84 1301 297 1352 Epirensis
329 1303 369 1340 in
401 1303 586 1343 Lucanos
617 1306 762 1352 traxit,
793 1306 863 1355 qui
896 1306 975 1343 duo
1008 1303 1148 1355 populi
1179 1303 1370 1340 adversus
1401 1315 1535 1351 regem

37 1362 40 1365 ’
84 1372 353 1410 escensionem
399 1386 421 1410 a
458 1372 593 1411 Paesto
632 1374 843 1411 facientem
881 1374 1007 1423 signis
1046 1371 1203 1411 collatis
1241 1374 1534 1420 pugnaverunt,

83 1438 144 1477 Eo
176 1440 390 1477 certamine
421 1441 602 1491 superior
619 1441 865 1490 Alexander,
895 1443 1103 1488 incertum,
1135 1454 1214 1490 qua
1236 1439 1315 1477 fide
1342 1439 1533 1486 culturus,
1553 1439 1604 1477 lO

83 1508 116 1545 si
161 1507 329 1558 perinde
375 1512 505 1546 cetera
550 1512 854 1560 processissent,
900 1524 1038 1561 pacem
1077 1522 1165 1546 cum
1195 1507 1389 1546 Romanis
1426 1507 1533 1545 fecit.

86 1574 239 1614 Eodem
270 1590 373 1615 anno
401 1591 540 1615 census
566 1582 677 1616 actus
702 1579 876 1628 novique
900 1579 1007 1616 cives
1024 1578 1143 1616 censi.
1203 1575 1351 1614 Tribus
1368 1579 1532 1626 propter
1554 1576 1599 1613 11

86 1657 152 1682 eos
183 1645 332 1683 additae
349 1645 491 1685 Maecia
519 1651 556 1685 et
584 1646 764 1698 Scaptia3
796 1661 978 1685 censores
1002 1646 1248 1685 addiderunt
1264 1644 1312 1691 Q.
1329 1643 1534 1681 Publilius

85 1711 217 1761 Philo,
249 1712 316 1764 Sp.
348 1713 593 1753 Postumius.
653 1716 827 1754 Romani
851 1716 946 1754 facti
970 1714 1170 1754 Acerrani
1202 1713 1289 1761 lege
1321 1711 1371 1749 ab
1389 1711 1435 1749 L.
1452 1711 1529 1750 Pa·
1552 1714 1600 1751 12

83 1780 188 1831 pirio
219 1785 391 1832 praetore
421 1783 514 1830 lata,
545 1798 624 1834 qua
657 1784 797 1822 civitas
828 1785 912 1822 sine
944 1782 1134 1832 suffragio
1174 1781 1279 1818 data.
1355 1779 1454 1818 Haec
1486 1794 1531 1819 eo

84 1862 188 1888 anno
221 1851 328 1888 domi
360 1851 595 1902 militiaeque
626 1855 749 1902 gesta.
1635 1894 1637 1896 .

198 1919 348 1957 Foedus
378 1920 590 1970 insequens
622 1934 748 1958 annus
780 1935 848 1958 seu
879 1919 1115 1970 intemperie
1148 1917 1234 1954 caeli
1266 1929 1334 1954 seu
1357 1917 1528 1956 humana
1604 1916 1659 1964 18

81 1988 222 2026 fraude
253 1988 340 2035 fuit,
371 1988 426 2026 M.
445 1987 614 2027 Claudio
631 1989 838 2036 Marcello,
871 1988 912 2027 C.
931 1989 1100 2027 Valerio
1124 1985 1366 2025 consulibus.
1412 1987 1526 2024 Flac·
1546 1975 1659 2040 22¹3ss
1676 1979 1736 2041 ἓξὲξ

83 2069 171 2095 cum
188 2056 448 2107 Potitumque
472 2058 582 2096 varie
606 2058 647 2095 in
671 2057 884 2095 annalibus
908 2070 1128 2108 cognomen
1153 2056 1328 2094 consulis
1351 2056 1528 2103 inveni03
1546 2058 1569 2095 2

81 2127 256 2163 ceterum
287 2125 330 2162 in
362 2139 406 2164 eo
438 2125 553 2175 parvi
582 2125 706 2163 refert
737 2126 836 2175 quid
866 2128 952 2166 veri
986 2129 1055 2175 sit3
1087 2129 1190 2167 illud
1221 2128 1416 2179 pervelim
1442 2127 1530 2175 (nec

81 2205 216 2231 omnes
248 2197 429 2232 auctores
461 2196 570 2243 sunt)
602 2193 808 2244 proditum
839 2195 940 2234 falso
973 2210 1068 2245 esse,
1098 2201 1261 2238 venenis
1285 2199 1528 2247 absumptos,

81 2274 250 2311 quorum
266 2275 373 2300 mors
390 2262 577 2300 infamem
595 2275 742 2299 annum
761 2263 996 2313 pestilentia
1018 2265 1176 2315 fecerit3
1208 2268 1312 2306 siout
1340 2265 1528 2316 proditur
1546 2266 1569 2303 3

79 2332 213 2368 tamen
243 2344 324 2378 res,
369 2344 418 2368 ne
456 2331 520 2368 cui
559 2334 765 2368 auctorum
804 2331 923 2370 fidem
955 2333 1248 2384 abrogaverim,
1295 2331 1530 2384 exponenda

80 2401 149 2436 est.
223 2399 357 2446 Quum
408 2399 603 2449 primores
649 2399 826 2438 civitatis
871 2401 1066 2441 similibus
1112 2404 1261 2442 morbis
1308 2402 1527 2451 eodemque
1546 2402 1571 2439 4

79 2466 201 2505 ferme
226 2480 360 2505 omnes
384 2470 527 2506 eventu
549 2471 810 2516 morerentur,
842 2470 989 2510 aneilla
1021 2473 1202 2522 quaedam
1221 2472 1272 2511 ad
1289 2472 1337 2519 Q.
1355 2470 1527 2508 Fabium

78 2533 301 2573 Maximum
333 2535 489 2575 aedilem
528 2536 723 2584 curulem,
768 2537 1036 2578 indicaturam
1076 2554 1116 2578 se
1154 2553 1314 2579 causam
1353 2538 1527 2590 publicae

106 2634 131 2679 ¹)
155 2635 259 2686 Anni
291 2647 325 2670 u.
359 2647 389 2671 c.
415 2637 479 2670 421
516 2637 565 2681 (a.
591 2635 657 2670 Ch.
683 2637 765 2680 333)
799 2638 970 2673 consules
995 2638 1126 2674 Livius
1159 2639 1331 2675 omisisse
1363 2637 1524 2679 videtur,

159 2691 223 2724 qui
248 2681 337 2716 alibi
362 2681 615 2724 nominantur,
642 2681 685 2716 L.
711 2681 887 2727 Papirius
913 2683 1064 2728 Cursor,
1092 2684 1130 2719 C.
1157 2684 1350 2720 Poetelius.

1175 2753 1216 2787 8*
