1821 2928
507 107 622 143 Liber
645 107 698 142 ΙΙ.
750 108 811 152 (A.
840 107 906 144 Oh.
931 108 1141 153 495-494.)
1480 114 1531 151 87

95 237 212 287 longe
243 237 332 283 alia,
364 249 482 286 quam
507 235 638 286 primo
666 236 936 283 instituerant,
962 237 1028 275 via
1044 236 1346 287 grassabantur,
1380 236 1533 288 Despe-
1555 241 1579 278 8

93 313 181 348 rato
212 309 314 346 enim
348 308 554 346 consulum
585 310 828 358 senatusque
860 309 1023 357 auxilio,
1057 323 1177 359 quum
1205 309 1245 347 in
1263 308 1323 347 ius
1341 308 1433 346 duci
1467 308 1532 347 de-

91 381 262 420 bitorem
277 380 485 428 vidissent,
500 379 679 430 undique
698 380 971 419 convolabant.
1014 380 1155 431 Neque
1186 381 1390 419 decretum
1417 394 1532 419 exau-

93 453 173 491 diri
205 453 378 491 consulis
409 465 491 502 prae
522 452 693 502 strepitu
742 456 781 490 et
823 453 994 491 clamore
1033 456 1204 503 poterat,
1238 467 1377 503 neque,
1409 466 1533 504 quum

93 525 302 572 decresset,
351 525 559 575 quisquam
608 525 921 575 obtemperabat.
982 524 1036 562 Vi
1083 525 1288 574 agebatur,
1323 529 1532 576 metusque
1554 532 1576 569 9

93 597 221 636 omnis
254 601 291 635 et
321 597 557 648 periculum,
591 610 712 646 quum
739 598 780 634 in
808 599 1023 647 conspectu
1041 596 1216 634 consulis
1234 598 1384 647 singuli
1403 611 1425 635 a
1442 599 1532 648 plu-

91 669 201 707 ribus
232 669 495 719 violarentur,
527 669 568 706 in
597 669 815 707 creditores
833 682 855 706 a
872 669 1122 707 debitoribus
1139 673 1353 707 verterant.
1403 668 1534 721 Super
1556 673 1608 710 10

90 741 173 779 haec
203 741 326 780 timor
357 741 520 779 incessit
551 740 695 779 Sabini
726 742 843 788 belli;
875 741 1103 792 dilectuque
1132 741 1305 790 decreto,
1332 755 1446 780 nemo
1465 755 1534 780 no-

91 827 178 852 men
211 813 335 859 dedit,
367 815 525 852 furente
556 814 695 864 Appio
728 818 767 851 et
797 813 1018 851 insectante
1049 813 1306 851 ambitionem
1355 814 1534 863 collegae,

93 886 162 936 qui
192 887 380 936 populari
411 887 572 925 silentio
607 900 688 925 rem
723 886 927 936 publicam
959 885 1151 936 proderet
1183 889 1221 923 et
1254 885 1305 923 ad
1337 886 1390 935 id,
1426 887 1533 936 quod

91 957 139 996 de
170 958 322 996 credita
352 959 524 1009 pecunia
554 959 615 997 ius
645 972 725 996 non
757 958 933 1005 dixisset,
965 958 1173 1007 adiiceret,
1199 961 1244 995 ut
1259 971 1307 995 ne
1342 957 1532 996 dilectum

89 1030 252 1081 quidem
285 1045 333 1068 ex
367 1035 526 1069 senatus
559 1031 741 1069 consulto
766 1031 950 1069 haberet:
982 1043 1060 1068 non
1079 1043 1163 1068 esse
1178 1034 1312 1068 tamen
1332 1029 1532 1069 desertam
1555 1025 1602 1062 ll

89 1103 250 1141 omnino
274 1117 359 1141 rem
387 1103 590 1153 publicam
615 1117 743 1154 neque
770 1103 992 1153 proiectum
1011 1103 1219 1141 consulare
1237 1102 1448 1152 imperium
1468 1116 1474 1148 ς
1491 1115 1531 1139 se

89 1187 212 1213 unum
245 1180 283 1213 et
314 1189 392 1213 suae
426 1180 463 1213 et
494 1180 654 1226 patrum
685 1176 908 1214 maiestatis
938 1175 1137 1214 vindicem
1154 1175 1250 1214 fore.
1300 1175 1434 1222 Quum
1454 1174 1531 1212 cir·
1552 1174 1601 1211 12

89 1251 306 1286 cumstaret
336 1247 573 1299 quotidiana
603 1248 819 1286 multitudo
851 1248 1015 1286 licentia
1046 1261 1222 1294 accensa,
1254 1247 1378 1297 arripi
1408 1259 1530 1284 unum

92 1319 286 1369 insignem
319 1320 457 1358 ducem
490 1320 728 1359 seditionum
762 1320 888 1358 iussit.
935 1320 1011 1357 Ille
1037 1332 1157 1369 quum
1184 1319 1436 1357 alictoribus
1453 1319 1530 1355 iam

89 1391 329 1438 traheretur,
355 1393 608 1442 provocavit3
640 1405 712 1430 nec
740 1393 923 1430 cessisset
954 1391 1228 1442 provocationi
1256 1391 1408 1432 consul.
1437 1392 1531 1442 quia

90 1476 168 1501 non
201 1463 365 1501 dubium
399 1468 486 1502 erat
515 1464 654 1515 populi
687 1464 889 1511 iudicium,
920 1464 999 1502 nisi
1031 1477 1135 1513 aegre
1167 1464 1274 1502 victa
1305 1464 1531 1514 pertinacia

91 1535 193 1573 foret
225 1537 390 1574 consilio
424 1537 549 1585 magis
581 1540 621 1574 et
651 1537 890 1575 auctoritate
914 1536 1141 1586 principum
1161 1549 1278 1586 quam
1295 1537 1435 1586 populi
1453 1537 1529 1576 cla·

91 1621 218 1655 more;
251 1609 349 1646 adeo
368 1612 603 1659 supererant
633 1609 755 1646 animi
787 1609 837 1646 ad
869 1608 1139 1646 sustinendam
1171 1608 1375 1646 invidiam.
1438 1608 1530 1648 Cre—
1553 1611 1603 1649 13

89 1693 196 1718 scere
230 1680 320 1718 inde
353 1681 498 1718 malum
532 1682 575 1718 in
607 1681 704 1728 dies,
735 1695 813 1720 non
847 1680 1089 1719 clamoribus
1121 1680 1238 1718 modo
1269 1682 1428 1731 apertis,
1447 1683 1533 1730 sed,

89 1751 196 1802 quod
227 1753 350 1791 multo
383 1754 646 1803 perniciosius
680 1757 776 1800 erat,
798 1754 1019 1791 secessione
1037 1752 1285 1802 occultisque
1305 1753 1529 1804 colloquiis.

88 1824 266 1862 Tandem
298 1826 417 1863 invisi
449 1825 562 1876 plebi
581 1826 763 1864 consules
782 1826 1020 1875 magistratu
1039 1825 1204 1876 abeunt,
1222 1823 1418 1864 Servilius
1436 1840 1529 1865 neu-

88 1897 174 1947 tris,
207 1897 367 1947 Appius
399 1897 583 1947 patribus
615 1898 714 1936 mire
746 1902 897 1948 gratus.

201 1969 254 2006 A.
300 1968 520 2018 Verginius
562 1970 655 2008 inde
695 1974 735 2009 et
776 1970 820 2008 T.
861 1970 1057 2009 Vetusius
1090 1969 1339 2008 consulatum
1373 1971 1522 2011 ineunt.
1611 1970 1666 2019 28

88 2040 190 2079 Tum
221 2054 314 2079 vero
347 2041 460 2092 plebs
493 2042 656 2091 incerta,
689 2043 824 2093 quales
849 2043 1039 2082 habitura
1066 2043 1248 2080 consules
1269 2047 1382 2091 esset,
1400 2049 1524 2083 coetus
1544 2044 1734 2112 {Mac-{gg-

87 2117 316 2162 nocturnos,
344 2127 436 2164 pars
461 2114 667 2166 Esquiliis,
693 2129 784 2166 pars
810 2116 849 2153 in
877 2115 1094 2165 Aventino,
1120 2115 1265 2164 facere,
1292 2129 1340 2154 ne
1367 2117 1408 2154 in
1440 2118 1526 2156 foro
1577 2103 1583 2111 ι
1649 2104 1655 2111 .
1727 2105 1733 2112 ⁸

87 2185 230 2223 subitis
262 2185 484 2236 trepidaret
516 2188 693 2226 consiliis
725 2192 764 2226 et
796 2188 929 2227 omnia
952 2192 1100 2226 temere
1130 2201 1175 2225 ac
1192 2188 1356 2226 fortuito
1376 2193 1525 2238 ageret.

86 2256 184 2295 Eam
218 2270 300 2296 rem
334 2259 514 2297 consules
558 2260 652 2307 rati,
696 2264 741 2298 ut
780 2265 875 2307 erat,
909 2260 1178 2311 perniciosam
1211 2260 1260 2298 ad
1292 2264 1427 2310 patres
1461 2261 1568 2300 (ᾖε-2

86 2329 229 2376 ferunt,
261 2330 329 2368 sed
361 2330 534 2369 delatam
567 2333 772 2370 consulere
805 2332 945 2370 ordine
977 2346 1055 2370 non
1088 2332 1218 2379 licuit;
1255 2333 1353 2371 adeo
1380 2334 1524 2371 tumul·

85 2404 198 2439 tuose
229 2406 394 2453 excepta
426 2407 484 2440 est
515 2404 758 2443 clamoribus
785 2404 962 2455 undique
987 2408 1026 2442 et
1043 2403 1322 2454 indignatione
1353 2410 1524 2455 patrum.

86 2473 132 2519 si,
163 2474 271 2524 quod
301 2475 470 2525 imperio
503 2477 704 2514 consulari
737 2476 1034 2527 exsequendum
1067 2480 1182 2523 esset,
1208 2477 1405 2514 invidiam
1439 2476 1524 2514 eius

87 2546 266 2584 consules
298 2546 348 2585 ad
380 2552 558 2586 senatum
584 2549 808 2589 reiicerent.
841 2549 1044 2595 Profecto,
1068 2548 1101 2586 si
1131 2551 1262 2586 essent
1280 2549 1319 2585 in
1351 2561 1393 2585 re
1425 2547 1524 2598 pub·
1544 2547 1568 2585 3

86 2616 166 2655 lica
195 2619 465 2669 magistratus,
496 2620 651 2658 nullum
683 2620 861 2658 futurum
893 2621 1015 2659 fuisse
1046 2620 1184 2658 Romae
1210 2620 1288 2657 nisi
1315 2619 1523 2669 publicum

88 2689 316 2738 consilium3
349 2705 452 2730 nunc
484 2693 525 2729 in
552 2692 662 2730 mille
694 2693 825 2730 curias
857 2693 1152 2742 contionesque,
1177 2704 1298 2741 quum
1333 2690 1412 2728 alia
1445 2691 1522 2742 [in]
