1821 2928
351 182 429 218 15ss
801 191 891 215 Lihm-
908 191 961 216 1x.
999 190 1046 215 (Α.
1067 197 1094 214 u.
1114 197 1138 214 c.
1159 190 1228 217 439.)

289 306 392 343 freti.
425 309 554 342 castra
585 305 732 351 eodem,
765 318 841 354 quo
874 308 1000 350 antea,
1032 304 1118 341 loco
1150 306 1378 353 posuerunt,
1405 303 1720 352 lacessentesque

251 374 274 410 3
292 374 433 422 proelio
465 373 669 410 Romanos
700 376 877 410 avertere
909 373 956 409 ab
983 372 1192 409 obsidione
1217 371 1474 409 conabantur.
1518 370 1576 408 Eo
1596 371 1720 408 inten-

288 442 368 478 tius
392 441 564 478 dictator
582 441 621 477 in
638 441 781 477 moenia
798 441 967 477 hostium
992 453 1128 477 versus
1154 439 1192 476 id
1217 440 1366 477 bellum
1392 442 1548 476 tantum
1565 438 1720 485 ducere,

289 522 367 558 quo
399 509 535 545 urbem
568 509 837 557 oppugnabat,
868 508 1042 545 securior
1073 508 1120 545 ab
1146 505 1393 544 Samnitibus
1425 520 1552 555 agere,
1584 507 1718 544 statio-

250 577 409 614 4nibus
440 576 556 613 modo
588 577 792 625 oppositis,
824 589 871 612 ne
903 589 980 624 qua
1013 575 1054 611 in
1086 579 1213 612 cast-ra
1246 575 1306 612 vis
1336 574 1458 612 fieret.
1524 574 1583 611 Eo
1620 574 1720 612 fero-

290 645 371 681 cius
409 644 640 693 adequitare
680 643 875 680 Sanmites
912 643 1018 681 vallo
1058 657 1186 692 neque
1225 644 1347 680 otium
1377 643 1479 692 pati;
1525 646 1564 680 et
1595 656 1718 692 quum

289 712 368 749 iam
398 725 522 761 prope
553 712 594 748 in
624 713 751 762 portis¹
785 715 1002 749 castrorum
1028 715 1129 749 esset
1155 711 1290 756 hostis,
1312 711 1416 747 nihil
1442 711 1619 748 consulto
1640 711 1720 748 die-

288 783 417 817 tatore
447 781 635 828 magister
665 781 841 829 equitum
874 780 919 826 Q.
937 779 1085 817 Aulius
1103 779 1342 833 Cerretanus
1372 791 1514 826 magno
1545 778 1721 815 tumultu

250 848 272 886 5
290 861 378 884 cum
411 847 592 884 omnibus
621 849 762 885 turmis
793 848 968 897 equitum
1001 851 1156 884 evectus
1187 846 1398 883 summovit
1413 846 1574 884 hostem.
1620 845 1720 882 Tum

290 917 329 952 in
360 916 520 952 minime
552 916 745 965 pertinaci
776 930 918 965 genere
950 929 1092 965 pugnae
1133 916 1187 952 sic
1218 915 1378 952 fortuna
1410 915 1586 951 exercuit
1618 928 1722 964 opes.

289 988 333 1020 ut
364 984 539 1031 insignes
579 984 766 1033 utrinque
804 984 938 1021 clades
977 988 1015 1020 et
1053 984 1162 1020 clara
1202 984 1376 1033 ipsorum
1415 982 1559 1019 ducum
1590 981 1723 1018 ederet

250 1056 271 1090 ὓ
290 1053 439 1089 funera.
508 1052 627 1088 Prior
666 1051 905 1089 Samnitium
938 1053 1165 1101 imperator,
1196 1064 1299 1099 aegre.
1330 1051 1496 1099 patiens,
1528 1062 1605 1099 quo
1634 1051 1721 1086 tam

290 1120 475 1157 ferociter
505 1119 783 1168 adequitasset,
817 1120 907 1157 inde
939 1134 979 1157 se
1010 1119 1121 1156 fundi
1145 1119 1366 1167 fugarique,
1390 1118 1539 1155 orando
1562 1117 1721 1155 hortan—

254 1189 275 1224 7
294 1188 423 1237 doque
455 1187 607 1237 equites
637 1188 821 1237 proelium
855 1188 1029 1233 iteravit;
1061 1188 1101 1224 in
1134 1200 1249 1236 quem
1281 1186 1476 1235 insignem
1505 1186 1609 1223 inter
1632 1198 1721 1222 suos

291 1256 457 1292 cientem
497 1269 670 1305 pugnam
707 1257 895 1303 magister
935 1257 1112 1305 equitum
1143 1256 1347 1292 Romanus
1385 1254 1530 1291 infesta
1562 1251 1723 1302 cuspide

290 1324 347 1360 ita
378 1323 557 1372 permisit
589 1337 744 1372 equum,
775 1327 819 1360 ut
849 1337 926 1360 uno
953 1324 1033 1361 ictu
1071 1323 1289 1360 exanimem
1314 1336 1414 1371 equo
1439 1321 1721 1371 praecipitaret.

289 1392 384 1437 Nec,
413 1394 457 1427 ut
488 1389 543 1437 fit,
574 1392 624 1428 ad
655 1391 766 1428 ducis
798 1405 929 1428 casum
960 1392 1142 1440 perculsa
1172 1391 1297 1439 magis
1328 1404 1445 1439 quam
1476 1390 1634 1426 irritata
1664 1392 1721 1424 est

245 1460 269 1495 8
286 1459 518 1504 multitud03
551 1472 697 1499 omnes,
730 1460 797 1508 qui
821 1459 925 1496 circa
949 1463 1070 1505 erant,
1098 1460 1139 1496 in
1165 1458 1333 1496 Aulium
1355 1461 1502 1495 temere
1524 1457 1722 1494 invectum

250 1540 272 1576 9
290 1540 359 1576 per
389 1527 562 1564 hostium
592 1531 744 1565 turmas
773 1528 855 1564 tela
886 1527 1154 1573 coniecerunt3
1185 1527 1297 1564 fratri
1328 1525 1574 1576 praecipuum
1605 1523 1723 1561 decus

289 1595 363 1632 ulti
395 1594 633 1632 Samnitium
673 1595 923 1644 imperatoris
948 1593 994 1633 (Zo'
1017 1595 1225 1632 dederunt.
1276 1595 1318 1632 Is
1348 1595 1539 1632 victorem
1570 1591 1721 1628 detrac-

288 1667 373 1700 tum
411 1676 458 1700 ex
498 1676 598 1711 equo
636 1662 866 1710 magistrum
907 1663 1084 1711 equitum
1121 1664 1262 1712 plenus
1292 1662 1470 1699 maeroris
1501 1663 1619 1709 atque
1651 1659 1722 1696 irae

289 1731 515 1777 trucidavit,
546 1743 616 1767 nec
647 1730 814 1766 multum
845 1730 958 1776 afuit,
997 1731 1093 1779 quin
1132 1743 1296 1780 corpore
1328 1730 1458 1775 etiam,
1489 1727 1585 1777 quia
1617 1727 1722 1764 inter

222 1798 272 1835 10
289 1800 453 1837 hostiles
485 1798 682 1836 ceciderat
710 1801 872 1844 turmas,
903 1796 1099 1835 Samnites
1129 1799 1368 1848 potirentur.
1421 1795 1501 1834 Sed
1526 1793 1721 1843 extemplo

288 1867 338 1905 ad
368 1867 489 1916 pedes
519 1866 748 1903 descensum
773 1865 822 1902 ab
846 1865 1038 1903 Roma-nis
1063 1869 1132 1912 est,
1160 1866 1365 1915 coactique
1389 1864 1495 1902 idem
1519 1862 1720 1901 Samnites

287 1936 434 1981 facere3
467 1938 506 1972 et
534 1933 744 1983 repentina
775 1933 879 1970 acies
910 1934 1014 1971 circa
1045 1947 1213 1983 corpora
1244 1934 1387 1970 ducum
1410 1932 1594 1982 pedestre
1618 1943 1719 1980 proe-

288 2003 386 2039 lium
417 2003 522 2049 iniit,
553 2015 631 2051 quo
663 2001 771 2038 haud
794 2001 912 2038 dubie
936 2005 1097 2051 superat.
1118 2002 1334 2046 Romanus,
1365 2002 1718 2050 recuperatumque

287 2070 403 2108 Aulii
436 2084 579 2119 corpus
610 2070 733 2106 mixta
764 2083 852 2106 cuin
883 2069 1018 2106 dolore
1048 2069 1190 2106 laetit-ia
1212 2070 1382 2106 victores
1408 2069 1449 2105 in
1473 2070 1603 2105 castra
1620 2065 1718 2103 refe-

223 2138 268 2174 11
290 2142 392 2175 runt.
466 2136 676 2176 Samnites.
716 2137 814 2174 duce
851 2138 994 2175 amisso
1027 2142 1063 2174 et
1096 2151 1166 2186 per
1197 2140 1378 2186 equestre
1409 2138 1608 2173 certamen
1637 2136 1722 2170 ten-

287 2207 381 2243 tatis
421 2205 585 2251 viribrs7
624 2206 766 2242 omissa
800 2204 988 2251 Saticula,
1030 2218 1147 2254 quam
1178 2205 1442 2253 nequicquam
1474 2201 1633 2240 defendi
1662 2213 1722 2237 re-

289 2274 445 2319 bantur,
475 2272 525 2310 ad
556 2272 739 2310 Plisticae
766 2272 1011 2310 obsidionem
1040 2272 1223 2318 redeunt,
1255 2273 1440 2321 intraque
1462 2282 1609 2320 paucos
1636 2268 1722 2305 dies

289 2340 468 2378 Saticula
505 2340 709 2377 Romanus
742 2353 813 2388 per
851 2340 1110 2386 deditionemy
1142 2340 1310 2377 Plistica
1340 2353 1412 2389 per
1448 2338 1529 2375 vim
1568 2335 1724 2374 Samnis

288 2410 451 2458 potitur.

156 2471 214 2517 23
409 2477 565 2513 Mutata
617 2475 709 2512 inde
759 2475 856 2512 belli
900 2475 1010 2511 sedes
1057 2479 1131 2520 est3
1183 2473 1233 2511 ad
1279 2473 1418 2511 Soram
1471 2486 1517 2510 ex
1563 2470 1722 2509 Samnio

250 2544 525 2593 :2Apuliaque
563 2543 758 2582 traductae
800 2543 986 2590 legiones.
1062 2541 1159 2580 Sora
1199 2542 1250 2578 ad
1288 2540 1487 2579 Samnites
1525 2539 1723 2576 defecerat

289 2612 507 2648 interfectis
545 2610 697 2648 colonis
735 2609 1017 2647 Romanorum.
1092 2611 1180 2656 Quo
1220 2622 1340 2658 quum
1379 2607 1487 2657 prior
1518 2607 1723 2644 Romanus

296 2679 491 2715 exercitus
522 2678 573 2715 ad
604 2665 870 2715 ulciscendam
901 2677 1045 2714 civium
1077 2689 1210 2714 necem
1241 2674 1630 2725 recuperandamque
1662 2686 1722 2710 co-
