1821 2928
572 135 687 172 Liber
711 134 758 170 V.
802 136 863 180 (A.
892 135 955 171 oh.
982 136 1076 181 390.)
1466 140 1547 178 303

105 268 206 312 sent,
221 264 424 302 tradentes
451 263 544 302 inde
570 277 691 310 arma,
725 264 795 301 ubi
822 263 921 314 quid
944 264 1073 314 iniqui
1101 268 1214 311 esset,
1245 264 1393 302 alterni
1420 265 1549 302 innixi

107 337 443 386 sublevantesque
475 336 514 372 in
546 336 673 374 vicem
706 340 745 373 et
774 337 978 374 trahentes
1010 336 1079 373 alii
1120 336 1233 383 alios,
1265 340 1386 387 prout
1415 341 1550 387 postu-

108 409 210 448 laret
233 409 356 455 locus,
387 411 500 446 tanto
525 408 686 446 silentio
714 409 753 446 in
773 421 967 446 summum
995 421 1169 455 evasere,
1200 413 1243 446 ut
1268 423 1346 447 non
1364 409 1547 447 custodes
1566 410 1590 445 3

107 482 235 520 solum
267 480 565 526 fallerent„sed
596 493 645 517 ne
678 494 794 518 canes
833 480 1024 531 quidem,-
1051 481 1268 518 sollicitum
1310 482 1458 519 animal
1499 481 1549 519 ad

107 557 322 592 nocturnos
339 554 541 603 strepitus,
574 553 809 591 excitarent.
858 552 1035 590 Anseres
1066 566 1145 591 non
1176 554 1366 600 fefellere,
1399 554 1586 603 quibus-1

108 626 231 664 sacris
276 625 443 663 Iunonis
490 626 529 662 in
576 638 728 663 summa
776 626 912 675 inopia
957 625 1038 662 cibi
1082 628 1214 663 tamen
1262 625 1550 663 abstinebatur.

109 698 207 746 Quae
239 711 302 735 res
333 698 454 735 saluti
485 698 582 744 fuit3
613 711 783 747 namque
815 698 1003 746 clangore
1036 710 1171 735 eorum
1204 698 1436 748 alarumque
1469 711 1550 736 cre-

105 771 195 821 pitu
227 770 381 808 excitus
413 770 467 807 M.
498 770 689 817 Manlius,
721 771 790 821 qui
819 769 996 808 triennio
1028 773 1119 806 ante
1150 770 1288 808 consul
1315 771 1456 817 fuerat,
1490 771 1552 808 vir

106 842 214 881 bello
246 842 444 892 egregius,
475 843 598 880 armis
630 843 815 893 arreptis,
860 842 977 880 simul
1023 843 1073 879 ad
1107 856 1216 879 arma
1257 845 1409 880 ceteros
1440 843 1550 880 ciens

107 914 222 954 vadit
254 919 302 962 et,
334 915 426 952 dum
460 915 584 952 ceteri
616 915 834 965 trepidant,
868 913 1043 960 Gallum,
1089 915 1158 964 qui
1203 915 1280 952 iam
1327 915 1367 952 in
1399 928 1550 952 summo

107 987 352 1034 constiterat,
383 987 554 1025 umbone
601 987 724 1025 ictum
767 987 966 1024 deturbat.
1041 986 1165 1024 Cuius
1212 1000 1324 1024 casus
1370 988 1592 1038 prolapsi-²3

109 1073 230 1111 quum
261 1060 466 1110 proximos
498 1063 704 1106 sterneret,
736 1059 986 1109 trepidantes
1024 1060 1124 1097 alios
1164 1059 1364 1110 armisque
1396 1060 1552 1098 omissis

108 1146 214 1180 saxa,
246 1133 393 1182 quibus
419 1132 691 1180 adhaerebant,
722 1132 903 1169 manibus
930 1132 1134 1182 amplexos
1151 1132 1340 1170 trucidat.
1386 1132 1554 1183 Iamque

109 1207 149 1242 et
179 1204 250 1242 alii
282 1205 516 1253 congregati
547 1205 638 1242 telis
670 1204 971 1254 missilibusque
1003 1205 1110 1243 saxis
1140 1205 1380 1255 proturbare
1406 1205 1553 1251 hostes,

108 1276 305 1327 ruinaque
349 1279 435 1314 tota
479 1277 668 1327 prolapsa
713 1277 819 1315 acies
865 1277 904 1314 in
945 1290 1122 1327 praeceps
1169 1277 1327 1315 deferri.
1403 1276 1596 1316 Sedatoss

55 1369 59 1372 ·
107 1348 253 1386 deinde
283 1349 459 1387 tumultu
490 1349 690 1399 reliquum
721 1349 863 1398 noctis,
906 1353 1098 1399 quantum
1139 1348 1314 1387 turbatis
1355 1351 1553 1388 mentibus

107 1424 276 1472 poterat,
308 1435 429 1471 quum
453 1421 703 1471 praeteritum
721 1435 880 1471 quoque
906 1421 1129 1471 periculum
1150 1421 1402 1469 sollicitaret,
1427 1422 1554 1472 quieti

112 1492 249 1532 datum
282 1497 352 1531 est.
385 1493 497 1530 Luce
528 1497 626 1539 ort-a,
657 1494 811 1531 vocatis
844 1493 1008 1531 classico
1037 1493 1086 1531 ad
1113 1494 1328 1532 concilium
1351 1495 1548 1532 militibus
1567 1494 1590 1528 7

112 1565 163 1603 ad
194 1565 392 1611 tribunos,
423 1579 545 1616 quum
578 1570 618 1603 et
647 1569 754 1604 recte
787 1570 826 1602 et
856 1579 1066 1616 perperam
1092 1566 1198 1604 facto
1228 1566 1405 1617 pretium
1437 1567 1555 1604 debe-

112 1641 235 1684 retur,
267 1637 443 1676 Manlius
474 1638 647 1688 primum
679 1639 729 1676 ob
761 1639 948 1676 virtutem
976 1638 1164 1676 laudatus
1195 1639 1445 1688 donatusque
1476 1652 1556 1677 non

113 1710 163 1747 ab
193 1710 371 1748 tribunis
402 1710 530 1748 solum
563 1711 748 1758 militum,
787 1711 856 1748 sed
897 1724 1089 1749 consensu
1121 1712 1239 1749 etiam
1271 1711 1462 1759 militari3
1494 1711 1600 1749 cuiS

111 1782 293 1820 universi
324 1782 493 1821 selibras
524 1783 642 1820 farris
673 1786 713 1821 et
743 1784 969 1833 quartarios
999 1783 1084 1821 vini
1123 1783 1173 1821 ad
1206 1783 1310 1821 aedes
1342 1783 1437 1831 eius,
1469 1796 1557 1833 quae

115 1854 158 1893 in
188 1868 279 1893 arce
309 1858 434 1903 erant,
465 1856 731 1902 contulerunt,
761 1869 846 1893 rem
878 1856 988 1893 dictu
1013 1869 1188 1906 parvam,
1218 1859 1395 1893 ceterum
1423 1856 1560 1906 inopia

114 1928 267 1966 fecerat
297 1941 381 1965 eam
414 1930 692 1976 argumentum
723 1928 862 1978 ingens
893 1928 1086 1974 caritatis,
1134 1941 1255 1978 quum
1301 1941 1342 1966 se
1388 1928 1559 1978 quisque

115 2000 228 2039 victu
259 2013 329 2037 suo
359 1999 548 2038 fraudans
580 1999 804 2038 detractum
830 2001 991 2050 corpori
1014 2004 1136 2051 atque
1161 2000 1301 2038 usibus
1325 2000 1559 2038 necessariis

117 2073 169 2111 ad
199 2073 390 2111 honorem
421 2072 538 2109 unius
569 2072 648 2109 viri
678 2073 888 2110 conferret.
936 2073 1038 2110 Tum
1069 2073 1213 2122 vigiles
1245 2073 1328 2110 eius
1359 2073 1448 2120 loci,
1480 2073 1598 2123 qua9

117 2145 318 2184 fefellerat
347 2144 592 2181 adscendens
632 2144 770 2191 hostis,
803 2146 933 2191 citati3
979 2148 1018 2182 et
1059 2159 1180 2195 quum
1213 2145 1254 2183 in
1285 2158 1421 2183 omnes
1452 2159 1560 2183 more

119 2217 292 2256 militari
309 2231 350 2254 se
375 2216 745 2255 animadversurum
771 2217 818 2265 Q.
837 2217 1040 2268 Sulpicius
1063 2218 1250 2256 tribunus
1273 2218 1447 2256 militum
1470 2232 1560 2269 pro-

118 2290 356 2336 nuntiasset,
404 2289 676 2327 consentiente
717 2290 889 2328 clamore
935 2290 1120 2338 militum,
1157 2291 1197 2328 in
1242 2304 1365 2328 unum
1395 2290 1558 2339 vigilem
1582 2289 1630 2326 lO

124 2363 421 2401 coniicientium
439 2361 608 2412 culpam,
642 2362 859 2400 deterritus
884 2376 906 2400 a
929 2362 1072 2400 ceteris
1089 2363 1296 2410 abstinuit,
1327 2376 1438 2400 reum
1455 2362 1560 2399 haud

122 2435 289 2474 dubium
322 2435 407 2472 eius
438 2447 564 2481 noxae,
595 2435 912 2484 approbantibus
954 2435 1119 2481 cunctis,
1167 2420 1216 2472 de
1261 2448 1358 2472 saxo
1404 2434 1561 2472 deiecit.

122 2507 225 2546 Inde
257 2508 494 2545 intentiores
524 2507 714 2556 utrinque
745 2507 938 2544 custodiae
961 2520 1059 2558 esse,
1092 2510 1131 2545 et
1154 2506 1260 2557 apud
1279 2505 1432 2555 Gallos,
1466 2505 1559 2555 quia
1582 2506 1626 2542 11

110 2580 332 2628 vulgatum
365 2583 463 2626 erat,
496 2579 599 2616 inter
630 2578 756 2617 Veios
786 2579 1034 2629 Romamque
1069 2579 1231 2616 nuntios
1263 2591 1493 2625 commeare,
1525 2580 1562 2615 et

125 2651 233 2702 apud
263 2651 467 2690 Romanos
499 2651 546 2688 ab
578 2651 764 2689 nocturni
795 2652 969 2702 periculi
1002 2651 1202 2689 memoria.

241 2721 321 2761 Sed
347 2727 439 2762 ante
464 2723 598 2761 omnia
623 2723 846 2761 obsidionis
872 2724 1047 2773 bellique
1073 2723 1176 2761 mala
1199 2722 1321 2760 fames
1348 2725 1559 2771 utrumque
1634 2720 1693 2767 45
