1821 2928
290 93 372 130 228
669 87 782 123 Liber
806 86 875 122 Π.
924 89 986 131 (A.
1011 99 1047 122 u.
1074 99 1103 122 0.
1129 88 1337 131 328—330.)

251 216 455 266 4proelio,
501 215 684 253 territum
731 219 899 253 cesserat
945 215 1129 260 flammis,
1175 214 1352 252 accurrit
1397 214 1586 264 claraque
1623 227 1722 253 voce

295 287 497 334 „Fumone
537 287 658 324 victi⁴‘
694 287 838 336 inquit,
887 287 1020 333 „velut
1066 299 1230 324 examen
1276 286 1423 336 apium,
1469 286 1555 324 loco
1586 289 1722 324 vestro

291 359 422 396 exacti
460 358 601 395 inermi
640 357 787 396 cedetis
826 358 959 396 hosti?
1018 357 1107 396 Non
1146 357 1251 395 ferro
1284 357 1549 406 exstinguetis
1578 357 1721 407 ignes?

291 429 382 467 Non
412 430 517 467 faces
547 430 618 467 has
649 430 754 480 ipsas
785 443 856 480 pro
889 443 929 467 se
961 430 1140 479 quisque,
1178 429 1212 466 si
1252 429 1349 478 igni,
1388 442 1468 466 non
1497 429 1590 466 telis
1620 441 1719 479 pug-

251 503 273 541 5
292 502 467 539 nandum
498 505 568 548 est,
599 505 754 551 ereptas
785 502 890 539 ultro
923 499 1129 538 inferetis?
1188 500 1325 549 Agite,
1356 500 1526 538 nominis
1547 500 1721 538 Romani

290 585 335 610 ac
366 573 527 610 virtutis
558 577 716 622 patrum
747 577 967 623 vestraeque
998 585 1190 610 memores
1221 572 1364 610 vertite
1391 571 1621 609 incendium
1646 572 1720 610 hoo

291 644 330 680 in
355 644 526 681 hostium
549 644 701 692 urbem,
732 647 772 683 et
795 645 875 682 suis
900 645 1065 682 flammis
1090 645 1220 681 delete
1244 643 1430 690 Fidenas,
1455 657 1554 694 quas
1578 644 1725 682 vestris

289 714 494 753 benefieiis
525 716 686 765 placare
717 730 794 754 non
827 716 1026 766 potuistis.
1091 715 1333 763 Legatorum
1364 715 1439 752 hoc
1470 728 1540 752 vos
1571 718 1720 754 vestro-

251 790 378 828 ssrum
425 787 732 837 colonorumque
779 788 938 836 sanguis
983 787 1207 836 vastatique
1251 786 1348 824 fines
1393 790 1589 825 monent.“
1652 786 1721 824 Ad

291 858 502 907 imperium
533 858 741 896 dictatoris
773 864 879 897 mota
911 861 1053 896 cuncta
1085 859 1199 896 acies.
1246 858 1371 896 Faces
1397 859 1541 908 partim
1568 858 1723 896 emissae

290 929 556 979 excipiuntur,
587 931 731 980 partim
762 931 802 968 vi
834 931 1080 980 eripiuntur:
1112 935 1281 980 utraque
1307 931 1414 968 acies
1431 933 1607 968 armatur
1624 930 1724 979 igni.

252 1004 271 1039 7
291 1000 486 1049 Magister
517 1002 693 1051 equitum
727 1006 765 1040 et
796 1003 882 1052 ipse
914 1005 1035 1040 novat
1065 1015 1238 1052 pugnam
1271 1005 1504 1051 equestrem.
1567 1002 1720 1040 Frenos

289 1075 333 1109 ut
364 1071 576 1110 detrahant
607 1074 730 1123 equis,
764 1075 945 1124 imperat,
978 1077 1016 1111 et
1042 1074 1130 1124 ipse
1154 1074 1350 1124 princeps,
1381 1074 1605 1112 calcaribus
1630 1075 1735 1129 sub-¹

291 1142 388 1181 ditis
420 1148 590 1190 evectus,
637 1145 782 1183 effreno
815 1159 916 1195 equo
948 1146 991 1182 in
1022 1145 1175 1183 medios
1208 1146 1320 1194 ignes
1352 1145 1535 1193 infertur,
1580 1149 1621 1184 et
1650 1145 1722 1184 alii

250 1217 274 1254 8
293 1215 480 1253 concitati
513 1216 605 1265 equi
635 1217 761 1254 libero
795 1230 910 1255 cursu
942 1218 1076 1255 ferunt
1107 1217 1281 1266 equitem
1304 1218 1345 1254 in
1371 1217 1534 1256 hostem.
1581 1217 1723 1256 Pulvis

288 1287 416 1326 ,elatus
446 1288 672 1337 mixtusque
704 1289 810 1326 fumo
842 1289 969 1327 lucem
1001 1302 1049 1326 ex
1082 1289 1207 1327 oculis
1238 1289 1414 1326 virorum
1451 1301 1722 1339 equorumque

291 1359 429 1396 aufert.
476 1359 547 1406 Ea,
575 1372 661 1409 quae
687 1360 855 1397 militem
878 1364 1086 1407 terruerat,
1115 1361 1266 1410 species
1291 1361 1395 1398 nihil
1417 1360 1564 1398 terruit
1581 1373 1723 1410 equ0s;

290 1431 414 1467 ruinae
448 1431 584 1480 ‚igitur
629 1432 799 1469 similem
832 1437 1003 1481 stragem
1035 1445 1166 1482 eques,
1212 1445 1448 1482 quacunque
1478 1434 1722 1482 pervaserat,

251 1501 414 1541 9dedit.
475 1502 633 1540 Clamor
678 1503 820 1540 deinde
866 1504 1016 1541 accidit
1058 1517 1201 1550 novus3
1247 1505 1317 1554 qui
1363 1517 1483 1554 quum
1513 1507 1725 1553 utramque

290 1573 568 1610 mirabundam
600 1574 641 1611 in
675 1587 715 1612 se
748 1575 869 1612 aciem
902 1576 1097 1622 vertisset,
1136 1576 1308 1613 dictator
1340 1575 1544 1622 exclamat,
1575 1573 1722 1622 Quino-

290 1645 390 1681 tium
422 1645 596 1693 legatum
630 1649 667 1682 et
699 1658 789 1682 suos
821 1647 870 1683 ab
901 1650 1014 1694 tergo
1046 1647 1197 1684 hostem
1230 1647 1407 1692 ad0rt0s;
1439 1647 1524 1696 ipse
1546 1646 1721 1684 redinte-

226 1716 275 1752 10
295 1720 406 1764 grato
454 1716 625 1753 clamore
671 1715 791 1754 infert
837 1707 966 1754 acrius
1007 1717 1132 1766 signa.
1191 1718 1323 1765 Quum
1364 1717 1452 1754 duae
1483 1718 1596 1764 acies,
1642 1717 1722 1755 duo

290 1786 449 1824 diversa
479 1787 621 1836 proelia
653 1788 941 1825 circumventos
966 1788 1155 1826 Etruscos
1187 1792 1226 1826 et
1257 1803 1279 1826 a
1309 1789 1439 1826 fronte
1471 1791 1511 1826 et
1533 1788 1583 1826 ab
1607 1791 1722 1837 tergo

288 1861 490 1908 urgerent,
519 1872 647 1909 neque
679 1859 718 1895 in
751 1862 880 1896 castra
910 1863 1018 1897 retro
1049 1873 1177 1910 neque
1202 1861 1244 1897 in
1269 1864 1432 1907 montes,
1462 1859 1568 1898 unde
1595 1873 1636 1898 se
1652 1872 1721 1897 no-

289 1942 359 1967 vus
397 1930 522 1968 hostis
561 1931 775 1978 obiecerat,
817 1931 893 1968 iter
933 1931 1037 1980 fugae
1070 1935 1181 1978 esset,
1223 1936 1261 1970 et
1292 1932 1466 1982 equitem
1497 1931 1644 1981 passim
1674 1931 1720 1968 li—

289 2001 374 2038 beri
404 2002 528 2039 frenis
560 2001 813 2039 distulissent
844 2003 947 2052 equi,
979 2003 1208 2042 Veientium
1240 2004 1410 2042 maxima
1432 2016 1524 2053 pars
1541 2002 1720 2041 Tiberim

289 2071 400 2109 effusi
431 2076 583 2122 petunt,
623 2073 879 2111 Fidenatium
923 2075 991 2123 qui
1023 2078 1246 2124 supersunt,
1293 2075 1342 2112 ad
1373 2075 1513 2112 urbem
1543 2074 1722 2112 Fidenas

223 2143 268 2179 11
289 2142 468 2180 tendunt.
514 2143 643 2181 Infert
672 2145 839 2194 pavidos
865 2145 958 2194 fuga
984 2146 1025 2182 in
1042 2147 1212 2184 mediam
1224 2147 1396 2193 eaedem3
1430 2147 1722 2184 obtruncantur

289 2215 328 2251 in
373 2214 489 2264 ripis3
536 2215 636 2252 alios
679 2216 720 2252 in
761 2229 905 2265 aquam
937 2218 1160 2266 compulsos
1191 2219 1370 2266 gurgites
1401 2219 1552 2264 ferunt3
1599 2217 1720 2255 etiam

288 2286 437 2335 peritos
469 2286 591 2323 nandi
623 2286 815 2323 lassitudo
849 2292 888 2325 et
918 2289 1084 2325 vulnera
1115 2294 1153 2326 et
1183 2303 1308 2339 pavor
1332 2289 1571 2339 degravant3
1602 2289 1719 2339 pauci

289 2371 336 2394 ex
369 2357 503 2394 multis
533 2360 703 2393 tranant.
764 2357 952 2395 Alterum
994 2372 1133 2408 agmen
1165 2361 1289 2398 fertur
1319 2374 1389 2410 per
1420 2363 1552 2398 castra
1583 2360 1624 2397 in
1653 2373 1718 2397 ur-

223 2428 271 2464 12
290 2429 389 2465 bem.
436 2428 586 2466 Eadem
619 2431 657 2465 et
673 2428 873 2466 Romanos
906 2434 1115 2479 sequentes
1143 2432 1312 2482 impetus
1335 2432 1454 2481 rapit,
1485 2431 1718 2478 Quinctium

288 2499 457 2536 maxime
489 2503 527 2536 et
558 2512 645 2537 cum
673 2512 718 2537 eo
737 2500 944 2549 degressos
961 2502 1077 2540 modo
1095 2503 1142 2540 de
1159 2503 1370 2548 montibus,
1401 2502 1715 2540 recentissimum

155 2565 211 2613 34
292 2570 342 2607 ad
373 2571 549 2609 laborem
580 2571 762 2617 militem,
793 2571 887 2620 quia
916 2573 1058 2610 ultimo
1089 2575 1229 2623 proelio
1261 2573 1483 2611 advenerat.
1528 2573 1585 2610 Hi
1608 2576 1714 2622 post-

288 2654 404 2690 quam
449 2643 564 2680 mixti
609 2642 786 2680 hostibus
833 2647 988 2691 portam
1028 2644 1241 2690 intravere,
1287 2644 1327 2681 in
1367 2656 1499 2681 muros
1530 2644 1744 2691 evadunt,-
