1821 2928
283 99 361 138 184
726 94 839 130 Liber
865 94 940 130 ΠΙ.
980 96 1041 137 (A.
1066 107 1101 129 u.
1127 107 1156 130 c.
1184 95 1278 138 305.)

213 224 264 261 10
283 237 305 261 a
337 222 478 260 castris
518 225 702 260 avertunt
745 222 1196 272 praeterequitantesque
1227 222 1461 260 absterrent.
1521 220 1710 260 Peditum-

280 295 384 333 acies
415 298 453 332 et
483 294 621 331 consul
653 293 737 343 ipse
767 294 906 344 visque
937 294 1062 332 omnis
1093 293 1190 330 belli
1220 293 1345 330 fertur
1376 294 1417 330 in
1444 295 1584 343 castra,
1617 306 1707 343 cap·

280 367 412 416 tisque
445 378 531 403 cum
564 365 717 413 ingenti
750 365 865 412 caede,
895 365 1045 403 maiore
1075 363 1212 414 praeda
1242 365 1406 414 potitur.
1477 415 1484 422 ⁶

214 438 261 474 11
396 437 530 475 Huius
561 449 705 487 pugnae
735 437 839 475 fama
869 437 1024 486 perlata
1055 449 1132 473 non
1165 436 1206 472 in
1238 436 1374 473 urbem
1406 435 1536 486 modo,
1568 436 1638 473 sed
1668 435 1709 473 in

282 508 452 547 Sabinos
484 509 535 547 ad
566 509 736 546 alterum
768 509 996 554 exercitum,
1028 508 1068 544 in
1099 507 1197 544 urbe
1222 507 1367 544 laetitia
1391 507 1507 546 modo
1535 507 1710 546 celebra·

281 586 321 617 ta
353 584 423 630 est,
455 581 496 618 in
529 581 670 618 castris
701 581 854 618 animos
887 579 1060 617 militum
1101 579 1152 616 ad
1194 578 1458 616 aemulandum
1496 579 1616 617 decus
1646 592 1708 617 ac-

216 649 264 686 12
284 652 428 691 cendit.
496 652 583 690 Iam
615 651 808 690 Horatius
847 664 912 688 eos
953 651 1256 688 excursionibus
1293 651 1525 700 proeliisque
1557 650 1711 689 levibus

285 714 530 773 experiundo
570 724 833 761 assuefecerat
880 723 957 760 sibi
997 723 1131 772 potius
1169 722 1290 759 fidere
1332 735 1449 772 quam
1487 721 1712 759 meminisse

286 795 512 844 ignominiae
545 795 858 833 decemvirorum
891 794 1013 832 ductu
1044 797 1229 844 acceptae,
1263 807 1464 844 parvaque
1496 793 1713 830 certamina

222 865 270 901 13
292 867 330 904 in
362 880 552 905 summam
582 867 706 904 totius
737 866 989 916 profecerant
1019 866 1117 915 spei.
1195 865 1279 904 Nec
1319 865 1526 903 cessabant
1564 864 1714 911 Sabini,

283 939 432 976 feroces
465 938 512 975 ab
544 952 586 975 re
618 939 751 988 priore
783 951 885 975 anno
911 938 1011 975 bene
1036 941 1158 987 gesta,
1189 937 1382 974 lacessere
1409 940 1528 986 atque
1553 936 1713 982 instare,

284 1011 515 1058 rogitantes,
547 1010 645 1059 quid
662 1009 863 1046 latrocinii
880 1009 995 1046 modo
1013 1012 1293 1059 procursantes
1310 1008 1429 1058 pauci
1447 1010 1713 1046 recurrentes-

284 1095 360 1130 que
392 1085 568 1119 tererent
598 1084 754 1131 tempus
787 1084 825 1118 et
858 1081 897 1117 in
929 1081 1055 1118 multa
1085 1081 1230 1130 proelia
1260 1093 1462 1130 parvaque
1507 1081 1716 1129 carperent

221 1149 271 1184 14
289 1166 479 1191 summan]
510 1154 627 1190 unius
657 1152 783 1190 belli?
815 1153 922 1199 Quin
955 1152 1016 1188 illi
1042 1151 1379 1200 congrederentur
1409 1151 1494 1189 acie
1521 1150 1715 1188 inclinan-

154 1214 209 1263 62
291 1224 458 1275 <lamque
489 1225 609 1262 semel
640 1225 808 1262 fortunae
839 1237 920 1260 rem
953 1222 1119 1261 darent?
1150 1222 1218 1260 Ad
1250 1223 1304 1272 id,
1337 1223 1444 1272 quod
1475 1236 1546 1261 sua
1577 1224 1717 1272 sponte

284 1297 378 1334 satis
422 1297 633 1334 collectum
675 1296 896 1333 animorum
946 1298 1050 1341 erat,
1099 1295 1343 1344 indignitate
1386 1295 1504 1333 etiam
1543 1294 1716 1332 Romani

284 1355 636 1406 accendebantur}
670 1368 748 1405 iam
788 1367 963 1405 alterum
1007 1366 1226 1404 exercitum
1266 1367 1456 1404 victorem
1498 1366 1539 1403 in
1579 1365 1717 1402 urbem

284 1440 526 1486 rediturum;
558 1440 637 1477 sibi
655 1440 761 1477 ultro
779 1452 849 1489 per
866 1439 1125 1476 contumelias
1142 1438 1295 1475 hostem
1314 1438 1526 1484 insultare3
1557 1435 1716 1487 quando

245 1513 266 1548 2
287 1516 417 1549 autem
459 1525 514 1562 se,
560 1512 594 1549 si
635 1515 718 1548 tum
750 1524 829 1548 non
861 1510 953 1559 sint,
996 1523 1111 1559 pares
1141 1509 1323 1547 hostibus
1354 1509 1467 1546 fore?
1513 1508 1596 1546 Ubi
1625 1507 1710 1545 haeo

288 1585 451 1621 fremere
482 1584 650 1621 militem
683 1584 725 1620 in
758 1582 901 1620 castris
943 1581 1080 1618 consul
1113 1581 1249 1627 sensit,
1296 1581 1481 1618 contione
1513 1579 1718 1625 advocata,

290 1654 682 1703 „Quemadmodum“
718 1654 852 1702 inquit
887 1653 952 1702 „in
984 1652 1140 1701 Algido
1184 1666 1248 1689 res
1287 1656 1398 1701 gesta
1435 1652 1499 1698 sit,
1544 1650 1719 1688 arbitror

287 1741 368 1776 vos,
400 1727 558 1776 milites,
592 1725 760 1763 audisse.
817 1725 984 1771 Qualem
1015 1724 1133 1761 liberi
1163 1724 1303 1773 populi
1335 1723 1552 1761 exercitum
1584 1720 1719 1759 decuit

287 1813 382 1847 esse,
414 1799 508 1835 talis
540 1798 633 1844 fuit3
665 1796 832 1834 consilio
853 1796 1028 1844 collegae,
1061 1796 1209 1833 virtute
1235 1795 1406 1832 militum
1419 1793 1587 1832 victoria
1603 1795 1729 1842 parta-

249 1871 271 1907 3
291 1876 358 1907 est.
422 1870 539 1917 Quod
567 1869 616 1907 ad
642 1882 702 1905 me
727 1868 884 1914 attinet,
917 1867 960 1904 id
987 1867 1145 1904 consilii
1169 1867 1371 1916 animique
1395 1866 1603 1903 habiturus
1620 1877 1717 1910 sum,

288 1941 395 1990 quod
425 1955 495 1979 vos
527 1941 628 1978 mihi
659 1940 850 1978 feceritis.
919 1938 973 1976 Et
1003 1939 1109 1976 trahi
1141 1939 1291 1976 bellum
1322 1937 1540 1975 salubriter
1570 1941 1609 1973 et
1638 1949 1717 1973 ma-

248 2013 270 2047 4
290 2019 378 2049 ture
408 2012 548 2062 perfici
579 2015 719 2062 potest.
795 2010 839 2048 Si
869 2010 1107 2048 trahendum
1140 2014 1208 2056 est,
1251 2023 1334 2058 ego,
1365 2013 1410 2046 ut
1441 2009 1482 2045 in
1515 2007 1598 2044 dies
1629 2019 1718 2056 spes

289 2084 495 2133 virtusque
512 2089 644 2121 vestra
672 2087 834 2130 crescat,
866 2082 1014 2133 eadem,
1047 2096 1126 2132 qua
1156 2082 1327 2131 institui,
1360 2079 1575 2129 disciplina
1598 2078 1717 2116 effici-

291 2168 367 2199 am3
408 2155 440 2192 si
472 2155 551 2192 iam
583 2156 678 2193 satis
709 2154 832 2193 animi
850 2158 908 2192 est
934 2154 1174 2205 decernique
1199 2153 1343 2203 placet,
1373 2151 1481 2201 agite
1505 2150 1608 2199 dum,
1640 2149 1720 2187 cla-

290 2237 450 2270 morem,
483 2226 638 2274 qualem
666 2228 705 2264 in
731 2227 816 2264 acie
839 2225 1038 2263 sublaturi
1069 2225 1175 2271 estis,
1204 2224 1334 2262 tollite
1365 2223 1430 2260 hic
1457 2221 1628 2259 indicem
1651 2233 1718 2258 vo-

252 2293 461 2333 51untatis
508 2297 749 2346 virtutisque
787 2296 968 2336 vestrae.“
1046 2296 1264 2346 Postquam
1312 2294 1466 2344 ingenti
1511 2292 1719 2330 alacritate

293 2369 440 2418 clamor
485 2371 544 2405 est
590 2368 783 2414 sublatus,
830 2368 936 2417 quod
981 2369 1081 2405 bene
1127 2370 1268 2414 vertat,
1315 2368 1520 2416 gesturum
1558 2377 1599 2401 se
1636 2363 1719 2400 illis

292 2451 440 2476 morem
471 2442 710 2488 posteroque
742 2439 807 2475 die
840 2439 879 2475 in
912 2440 1035 2476 aciem
1067 2439 1327 2476 deducturum
1359 2436 1543 2475 affirmat.
1603 2433 1717 2472 Reli-

252 2511 273 2543 b'
294 2523 415 2559 quum
447 2510 528 2547 diei
559 2509 800 2559 apparandis
841 2510 961 2546 armis
1002 2513 1278 2559 consumptum
1311 2512 1379 2545 est.
1454 2506 1623 2544 Postero
1655 2504 1720 2541 die

293 2581 409 2617 simul
442 2581 822 2618 instruiRomanam
840 2581 963 2617 aciem
983 2579 1124 2617 Sabini
1155 2580 1304 2628 videre,
1337 2582 1375 2616 et
1406 2577 1494 2628 ipsi,
1527 2577 1604 2613 iam
1634 2574 1720 2625 pri-

295 2654 382 2689 ‹iem
414 2652 522 2689 avidi
554 2652 794 2698 certaminis,
825 2651 1058 2701 procedunt.
1120 2651 1317 2688 Proelium
1348 2649 1434 2695 fuit,
1467 2647 1582 2697 quale
1615 2647 1725 2684 inter
