1821 2928
372 184 423 220 30
823 191 912 216 Liber
929 190 981 215 vl.
1019 190 1067 219 (A.
1087 198 1114 215 u.
1134 198 1158 215 c.
1179 192 1248 220 374.)

248 310 297 346 10
316 308 503 357 impediri
536 311 681 356 coepta3
721 319 811 343 nam
851 318 980 354 neque
1022 304 1113 342 duci
1146 305 1328 343 addictos
1358 306 1515 343 tribuni
1547 307 1744 355 sinebant,

312 390 438 425 neque
494 375 669 412 iuniores
724 374 885 411 nomina
940 373 1101 411 dabant.
1189 373 1321 420 Quum
1373 373 1558 422 patribus
1613 375 1744 412 minor

313 443 362 483 in
407 457 578 494 praesens
624 456 717 480 cura
763 442 924 479 creditae
970 442 1148 491 pecuniae
1194 442 1294 478 iuris
1339 441 1579 491 exsequendi
1625 455 1742 492 quam

315 512 482 550 dilectus
537 515 638 548 esset
693 511 858 560 (quippe
914 510 992 547 iam
1039 524 1061 547 a
1105 509 1307 547 Praeneste
1359 511 1557 560 profectos
1610 510 1745 548 hostes

251 583 295 618 11
319 580 359 617 in
404 593 499 628 agro
540 578 700 616 Gabino
749 579 973 616 consedisse
1019 578 1310 627 nuntiabatur),
1356 578 1517 615 interim
1560 578 1745 616 tribunos

314 649 443 698 plebis
474 649 577 685 fama
607 661 653 684 ea
684 647 770 696 ipsa
803 647 1035 684 irritaverat
1065 646 1192 694 magis
1224 646 1275 683 ad
1305 649 1529 696 susceptum
1547 649 1745 684 certamen

315 730 434 765 quam
467 716 724 761 deterruerat,
763 728 889 764 neque
923 714 1032 751 aliud
1065 714 1115 751 ad
1146 714 1384 752 seditionem
1416 713 1745 763 exstinguendam

317 785 359 821 in
389 784 487 821 urbe
529 798 645 833 quam
687 797 810 832 prope
853 783 1009 820 illatum
1041 782 1236 819 moenibus
1278 782 1376 831 ipsis
1417 781 1565 819 bellum
1605 783 1747 820 valuit.

182 850 240 896 28
315 853 415 890 Nam
447 866 567 902 quum
613 856 714 889 esset
745 851 1008 889 Praenestinis
1046 850 1283 897 nuntiatum,
1328 850 1481 887 nullum
1528 851 1744 888 exercitum

317 922 584 970 conscriptum
615 921 763 965 Romae,
808 920 959 956 nullum
1006 919 1144 955 ducem
1190 922 1339 955 certum
1385 932 1478 965 esse,
1523 922 1656 968 patres
1701 932 1745 956 ac

275 990 297 1025 2
316 990 472 1039 plebem
504 990 546 1025 in
577 993 698 1026 semet
740 988 846 1037 ipsos
876 1000 1021 1033 verSOS,
1062 987 1309 1024 occasionem
1338 986 1419 1023 rati
1451 986 1570 1024 duces
1601 999 1748 1033 eorum,

316 1058 463 1106 raptim
504 1057 661 1105 agmine
700 1060 816 1102 aeto,
839 1055 1076 1105 pervastatis
1116 1056 1300 1104 protinus
1341 1055 1461 1103 agris,
1501 1054 1551 1091 ad
1590 1057 1747 1104 portam

278 1127 300 1162 3
320 1125 520 1161 Collinam
566 1125 681 1172 signa
728 1124 909 1160 intulere.
969 1124 1117 1171 Ingens
1164 1124 1204 1160 in
1250 1124 1347 1160 urbe
1390 1123 1612 1173 trepidatio
1658 1122 1747 1159 fuit.

318 1192 617 1230 Conclamatum
653 1191 745 1237 ‚Ad
764 1196 910 1237 arma·‘,
943 1204 1254 1240 concursumque
1281 1192 1323 1228 in
1353 1205 1486 1228 muros
1510 1195 1628 1241 atque
1656 1203 1748 1240 por—

317 1264 378 1297 tas
410 1264 486 1305 θεῖς
523 1259 764 1309 tandemque
796 1259 844 1296 ab
885 1259 1082 1296 seditione
1113 1260 1163 1297 ad
1194 1260 1342 1298 bellum
1373 1260 1477 1297 versi
1510 1259 1746 1296 dictatorem

278 1328 363 1366 4T.
395 1329 629 1375 Quinctium
662 1328 943 1366 Cincinnatum
976 1341 1166 1365 creavere.
1226 1328 1266 1365 Is
1304 1328 1538 1376 magistrum
1570 1327 1747 1376 equitum

319 1397 369 1433 A.
388 1396 668 1446 Sempronium
686 1396 921 1433 Atratinum
947 1396 1061 1433 dixit.
1107 1396 1225 1443 Quod
1251 1396 1320 1432 ubi
1345 1396 1527 1433 auditum
1545 1399 1613 1443 est,
1646 1396 1748 1443 (tan-

317 1471 381 1502 tus
412 1466 496 1502 eius
528 1466 783 1513 magistratus
813 1468 943 1501 terror
967 1466 1066 1513 erat)
1099 1464 1217 1501 simul
1247 1464 1380 1500 hostes
1410 1477 1433 1501 a
1463 1464 1657 1501 moenibus
1687 1477 1748 1501 re-

319 1548 466 1571 cessere
512 1538 551 1571 et
590 1533 767 1570 iuniores
798 1532 970 1569 Romani
1018 1532 1068 1569 ad
1114 1532 1288 1569 edictum
1334 1532 1418 1568 sine
1461 1532 1746 1570 retractatione

279 1604 301 1639 5
320 1616 548 1640 convenere.
593 1601 702 1638 Dum
733 1600 1000 1637 conscribitur
1016 1600 1154 1637 Romae
1186 1600 1393 1646 exercitus,
1425 1603 1554 1637 castra
1584 1600 1746 1638 interim

317 1671 490 1707 hostium
523 1670 629 1706 haud
661 1669 799 1718 procul
831 1668 928 1705 Alia
967 1668 1129 1705 flumine
1160 1668 1311 1717 posita3
1353 1667 1446 1705 inde
1487 1680 1627 1716 agrum
1667 1669 1747 1706 late

318 1739 565 1788 populantes,
597 1738 758 1775 fatalem
789 1751 828 1774 se
859 1737 949 1773 urbi
980 1736 1170 1773 Romanae
1208 1736 1337 1772 locum
1370 1735 1532 1784 cepisse,
1570 1736 1675 1773 inter
1706 1749 1746 1773 Se

278 1808 539 1851 &iactabanss
581 1806 750 1842 similem
790 1818 974 1854 pavorem
1018 1804 1109 1841 inde
1150 1817 1195 1841 ac
1234 1803 1367 1851 fugam
1408 1803 1510 1849 fore,
1555 1817 1600 1840 ac
1640 1803 1745 1840 bello

321 1875 479 1912 (stallico
511 1874 648 1919 fuerit,
679 1873 824 1910 etenim
857 1873 890 1909 si
924 1872 1028 1909 diem
1046 1875 1271 1909 contactum
1302 1870 1500 1918 religione
1531 1871 1747 1920 insignem·

319 1956 394 1991 que
425 1942 584 1979 nomine
616 1942 701 1979 eius
731 1941 809 1978 loci
840 1941 1010 1977 timeant
1038 1940 1223 1987 Romani,
1254 1943 1402 1989 quanto
1434 1939 1561 1988 magis
1584 1938 1746 1976 Aliensi

319 2011 385 2048 die
402 2011 540 2048 Aliam
572 2010 711 2059 ipsam,
741 2013 1038 2046 monumentum
1068 2012 1190 2046 tantae
1220 2007 1358 2054 cladis,
1387 2006 1747 2045 reformidaturos?

320 2080 470 2129 species
510 2079 687 2128 profecto
730 2077 780 2114 iis
822 2077 881 2114 ibi
911 2081 1043 2114 truces
1075 2075 1283 2115 Gallorum
1314 2088 1532 2125 sonumque
1561 2075 1672 2113 vocis
1702 2075 1747 2113 in

282 2148 445 2185 Toculis
477 2152 595 2195 atque
636 2144 801 2181 auribus
841 2145 936 2182 fore.
994 2144 1080 2183 Has
1119 2145 1299 2183 inanium
1338 2156 1469 2181 rerum
1508 2144 1646 2182 inanes
1686 2144 1745 2194 ip-

320 2229 382 2252 sas
426 2215 629 2252 volventes
675 2213 951 2261 cogitationes,
995 2214 1164 2251 fortunae
1207 2212 1285 2249 loci
1331 2211 1615 2260 delegaverant
1658 2225 1746 2262 spes

320 2297 419 2320 suas.
478 2282 650 2320 Romani
683 2286 832 2328 contra,
862 2282 1089 2331 ubieunque
1130 2284 1231 2319 esset
1261 2280 1432 2318 Latinus
1471 2280 1610 2327 hostis,
1649 2280 1748 2317 satis

321 2352 432 2398 scire,
474 2365 560 2389 eum
593 2364 687 2396 esse,
727 2363 841 2399 quem
873 2350 923 2387 ad
955 2351 1158 2399 Regillum
1198 2349 1327 2386 lacum
1357 2348 1557 2386 devictum
1589 2351 1745 2384 centum

280 2423 514 2458 Sannorum
552 2432 649 2468 pace
681 2418 851 2456 obnoxia
880 2419 1101 2455 tenuerint:
1161 2418 1289 2454 locum
1329 2416 1525 2465 insignem
1556 2416 1746 2453 memoria

321 2487 446 2524 cladis
477 2487 729 2524 irritaturum
753 2500 792 2523 se
816 2487 948 2535 potius
972 2487 1022 2523 ad
1048 2485 1255 2523 delendam
1279 2484 1509 2521 memoriam
1527 2482 1747 2529 dedecoris,

321 2570 438 2605 quam
468 2560 513 2592 ut
551 2556 735 2592 timorem
776 2554 908 2599 faciat,
953 2568 1000 2590 ne
1033 2568 1110 2603 qua
1149 2556 1256 2589 terra
1286 2552 1338 2589 sit
1377 2551 1531 2588 nefasta
1565 2550 1745 2588 victoriae

283 2626 304 2661 9
322 2637 418 2670 suae,
454 2625 551 2674 quin
582 2624 661 2673 ipsi
685 2622 771 2669 ,sibi
804 2620 914 2659 Galli
945 2622 978 2658 si
1010 2622 1224 2659 offerantur
1256 2620 1328 2656 illo
1359 2619 1459 2665 loco,
1489 2631 1530 2656 se
1560 2618 1618 2655 ita
1647 2629 1744 2667 pug-
