1821 2928
547 227 638 253 Liber
656 227 708 253 IX.
747 228 795 256 (A.
815 228 867 253 ch.
887 229 1044 257 312—311.)
1384 219 1461 255 175

76 341 176 379 tiam
215 355 260 380 ac
300 341 514 380 libidinem
553 342 659 380 facta
697 346 810 389 esset,
847 343 1139 388 observaturos,
1177 345 1216 379 et
1247 346 1427 380 senatum
1460 357 1522 380 ex—

77 411 228 460 templo
260 410 487 448 citaverunt
518 423 562 447 eo
591 410 742 458 ordine,
769 411 838 461 qui
863 414 954 449 ante
981 424 1164 448 censores
1182 410 1288 459 App.
1307 410 1520 448 Claudium

79 483 119 516 et
150 478 192 516 C.
225 477 433 516 Plautium
464 479 606 516 fuerat.
646 479 700 517 Et
726 481 804 517 <luo
833 479 1056 517 ministeria
1083 492 1127 516 eo
1155 493 1259 516 anno
1284 479 1373 516 dari
1391 483 1520 529 cwpta
1541 481 1565 517 3

78 559 150 597 per
180 547 386 596 populum,
417 551 587 596 utraque
619 547 864 597 pertinentia
890 548 941 585 ad
967 561 1050 584 rem
1078 546 1304 594 militarem,
1331 561 1464 593 unum,
1481 552 1525 585 ut.

79 615 236 653 tribuni
268 615 443 652 militum
469 615 554 652 seni
578 615 672 653 deni
700 616 742 652 in
769 620 960 666 quattuor
985 615 1162 665 legiones
1196 629 1218 652 a
1241 616 1390 665 populo
1417 630 1523 654 crea-

80 686 230 730 rentur,
271 695 358 732 quae
399 687 528 730 antea,
568 697 762 734 perquam
800 684 939 734 paucis
970 684 1160 733 suffragio
1192 684 1333 734 populi
1374 684 1524 722 relictis

82 751 193 797 locis,
224 750 464 789 dictatorum
497 756 535 789 et
567 753 773 790 consulum
803 754 925 790 ferme
956 752 1114 790 fuerant
1145 751 1355 799 beneficia3
1395 754 1524 791 tulere

83 832 170 857 eam
195 819 444 868 rogationem
469 820 626 858 tribuni
654 821 790 871 plebei
808 821 853 858 L.
870 820 1036 867 Atilius,
1053 820 1095 857 C.
1112 820 1311 868 Marcius3
1343 821 1524 868 alterum,
1543 823 1568 858 4

82 892 128 924 ut.
168 887 399 925 duumviros
438 889 599 927 navales
651 890 790 927 classis
830 889 1020 926 ornandae
1060 888 1365 939 reficiendaeque
1407 903 1526 927 causa

84 955 191 994 idem
222 956 394 1006 populus
426 956 601 1004 iuberet3
642 958 746 995 lator
786 958 904 995 huius
943 957 1152 1007 plebisciti
1183 957 1260 994 fuit
1289 957 1344 994 M.
1376 957 1527 995 Decius

82 1024 268 1062 tribunus
284 1025 426 1074 plebis.

199 1093 389 1131 Eiusdem
421 1093 516 1131 anni
545 1107 629 1131 rem
661 1095 771 1132 (lictu
801 1107 967 1144 parvam
997 1094 1254 1143 praeterirem,
1285 1094 1327 1131 ni
1358 1094 1409 1132 acl
1435 1095 1525 1132 reli·
1547 1095 1571 1132 5

85 1161 245 1210 gionem
274 1162 360 1199 visa
391 1166 494 1200 esset
520 1163 732 1212 pert-inere.
778 1162 995 1209 Tibicines,
1022 1163 1116 1211 quia
1141 1162 1338 1211 prohibiti
1356 1176 1378 1200 a
1394 1163 1528 1212 proxi-

84 1229 158 1267 mis
191 1229 421 1268 censoribus
453 1236 566 1268 erant
597 1231 640 1268 in
672 1231 755 1268 aede
785 1231 895 1268 Iovis
925 1231 1041 1277 vesci,
1074 1230 1182 1280 quod
1208 1229 1401 1268 traditum
1425 1231 1528 1268 anti-

86 1298 222 1348 quit-us
254 1301 350 1345 erat,
382 1312 486 1348 aegre
517 1300 626 1350 passi
657 1299 784 1337 Tibur
815 1313 894 1336 uno
926 1299 1084 1348 agmine
1116 1299 1312 1345 abierunt,
1353 1299 1452 1336 adeo
1484 1304 1529 1337 ut

37 1367 42 1370 ’
86 1379 201 1404 nemo
233 1367 274 1404 in
305 1367 404 1404 urbe
431 1372 542 1414 esset,
570 1369 639 1417 qui
665 1367 871 1406 sacrificiis
895 1368 1142 1417 praecineret.
1188 1367 1287 1405 Eius
1309 1367 1368 1405 rei
1384 1368 1527 1416 religio
1548 1372 1571 1405 6

86 1436 218 1473 tenuit
247 1440 438 1482 senatum,
468 1437 700 1487 legatosque
730 1436 858 1473 Tibur
888 1436 1093 1483 miserunt,
1123 1439 1167 1473 ut
1194 1436 1337 1474 dare-nt,
1359 1450 1531 1486 oporam,

89 1509 133 1541 ut
159 1504 190 1541 ii
213 1504 394 1542 homines
410 1504 602 1543 Romanis
626 1505 943 1542 restituerentur.
984 1504 1190 1542 Tiburtini
1216 1504 1388 1553 benigne
1414 1505 1530 1555 polli-
1552 1507 1575 1541 7

87 1572 157 1609 citi
187 1573 359 1622 primum
401 1573 551 1611 accitos
592 1587 658 1611 eos
691 1574 731 1610 in
763 1573 914 1611 curiam
945 1573 1095 1610 hortat-i
1127 1577 1229 1619 sunt,
1269 1573 1330 1610 uti
1359 1577 1531 1611 reverte-

86 1644 225 1678 rentur
255 1640 445 1687 Roma1n;
486 1647 698 1692 postquam
738 1642 910 1692 perpelli
950 1641 1184 1691 nequibant,
1225 1641 1392 1679 consilio
1423 1641 1531 1679 haud

87 1709 329 1747 abhorrente
361 1710 411 1748 ab
443 1711 617 1759 ingeniis
647 1711 852 1748 hominum
884 1724 949 1748 eos
976 1709 1279 1759 aggrediuntur.
1323 1709 1404 1746 Die
1432 1710 1530 1748 festo
1550 1711 1575 1747 S

87 1776 159 1814 alii
189 1777 289 1815 alios
319 1792 391 1828 per
421 1780 593 1829 speciem
625 1779 955 1817 celebrandarum
973 1783 1093 1816 cantu
1111 1778 1317 1827 epularum
1346 1778 1533 1825 invitant,

87 1849 126 1882 et
165 1845 280 1893 vino,
322 1847 433 1885 cuius
475 1849 636 1886 avidum
677 1850 798 1886 ferme
839 1861 963 1894 genus
1005 1851 1082 1893 est,
1132 1850 1318 1884 oneratos
1359 1846 1530 1895 sopiunt,

88 1916 208 1963 atque
239 1914 297 1951 ita
328 1915 368 1952 in
399 1916 580 1965 plaustra
611 1930 746 1954 somno
778 1917 933 1954 vinctos
965 1914 1186 1953 conjiciunt
1211 1927 1256 1951 ac
1273 1914 1441 1951 Romam
1466 1914 1530 1952 de·
1551 1916 1573 1950 9

87 1986 265 2031 Ροηει11ῒ;
310 1996 382 2020 nec
422 1984 533 2033 prius
573 1998 742 2030 sensere,
781 1998 900 2034 quam
938 1984 1131 2034 plaustris
1171 1983 1212 2019 in
1254 1982 1339 2020 soro
1381 1982 1532 2020 relictis

88 2050 228 2100 plenos
270 2052 443 2101 crapulae
483 2065 548 2090 eos
589 2053 657 2090 lux
700 2053 909 2103 oppressit.
983 2051 1097 2089 Tunc
1137 2064 1351 2088 concursus
1393 2051 1532 2101 populi
1556 2052 1606 2089 10

87 2117 236 2166 factus,
276 2120 585 2170 impetratoque,
615 2126 661 2158 ut
690 2125 906 2168 manerent,
946 2120 1094 2167 datum,
1133 2124 1179 2157 ut
1207 2117 1386 2157 triduum
1418 2124 1531 2168 quot-

89 2189 205 2227 annis
251 2190 382 2228 ornati
428 2203 516 2226 cum
563 2195 683 2226 cantu
728 2194 846 2239 atque
892 2189 986 2234 hac,
1043 2201 1131 2238 quae
1175 2201 1280 2225 nunc
1327 2188 1530 2225 sollemnis

90 2263 160 2305 est,
190 2259 355 2296 licentia
384 2271 455 2309 per
486 2258 627 2296 urbem
658 2261 910 2306 vagarentur,
940 2256 1249 2306 restitutumque
1278 2256 1320 2293 in
1352 2255 1434 2292 aede
1465 2269 1530 2293 ve-

89 2326 226 2366 scendi
266 2327 329 2364 ius
371 2328 434 2372 iis,
477 2327 546 2377 qui
587 2327 712 2365 sacris
743 2326 1020 2376 praecinerent.
1094 2324 1193 2362 Haec
1225 2324 1331 2362 inter
1362 2323 1529 2362 duorum

90 2395 314 2444 ingentium
345 2396 543 2433 bellorum
574 2409 708 2433 curam
740 2394 992 2443 gerebantur.

207 2463 398 2502 Consules
446 2465 551 2501 inter
592 2478 632 2501 se
673 2463 902 2513 provincias
942 2462 1106 2512 partiti;
1152 2461 1271 2498 Iunio
1323 2458 1534 2506 Samnites,
1609 2456 1663 2503 31

91 2534 259 2572 AEmilio
300 2546 444 2570 novum
486 2532 635 2570 bellum
676 2531 843 2568 Etruria
887 2536 993 2568 sorte
1035 2530 1209 2568 obvenit.
1282 2529 1331 2566 In
1369 2527 1573 2566 Samnio?

93 2602 280 2641 Cluviani
321 2601 552 2650 praesidium
594 2600 828 2645 Romanum,
871 2599 965 2649 quia
995 2598 1231 2649 nequiverat.
1260 2597 1300 2634 vi
1333 2596 1433 2646 capi,
1463 2597 1531 2633 ob-

92 2683 243 2708 sessum
269 2670 371 2707 fame
396 2669 437 2706 in
462 2669 706 2706 deditionem
733 2671 969 2718 acceperant
984 2666 1194 2712 Samnites,
1219 2665 1530 2714 verberibusque
