1821 2928
535 212 622 238 Liber
639 212 708 237 vn.
745 211 793 240 (A.
813 211 864 237 cn.
884 211 1039 241 366—364.)
1394 200 1446 238 49

77 329 212 368 tudine
243 328 323 366 alia
355 327 479 365 multa
509 326 649 365 funera
671 327 809 373 fuisse3
841 325 1089 376 maximeque
1116 339 1202 364 eam
1232 325 1501 376 pestilentiam

78 398 271 447 insignem
300 410 404 434 mors
435 396 615 446 quamvis
647 400 812 441 matura,
841 398 973 433 tamen
1005 395 1146 432 acerba
1171 394 1225 432 M.
1251 394 1366 432 Furii
1396 394 1501 432 fecit.

76 466 172 504 Fuit
201 465 306 504 enim
336 478 428 502 vere
457 464 520 502 vir
559 464 699 502 unicus
738 464 778 501 in
814 463 922 500 omni
962 462 1137 508 fortuna,
1184 463 1368 514 princeps
1406 475 1500 513 pace
1518 464 1540 495 0

73 534 270 584 belloque,
300 532 533 584 priusquam
563 532 784 570 exsulatum
815 531 901 578 iret,
934 530 1079 568 clarior
1111 531 1150 567 in
1181 531 1319 569 exsilio
1341 531 1405 569 vel
1436 531 1501 568 de-

74 601 222 640 siderio
262 600 454 647 civitatis,
500 614 587 650 quae
627 604 743 651 capta
779 599 954 638 absentis
991 599 1224 649 imploravit
1261 612 1394 649 opem,
1438 598 1501 636 vel

75 671 278 716 felicitate,
310 682 389 720 qua
418 669 627 707 restitutus
660 668 700 706 in
731 668 904 719 patriam
927 681 1059 706 secum
1084 667 1256 718 patriam
1287 668 1413 718 ipsam
1442 681 1501 705 re-

73 739 221 786 stituit3
265 752 339 789 par
370 737 515 775 deinde
552 750 624 787 per
654 724 828 786 quinque
870 739 907 774 et
943 736 1091 785 viginti
1128 748 1267 773 annos·
1290 736 1367 784 (tot
1397 734 1501 772 enim
1520 736 1571 772 10

72 810 212 858 postea
248 806 366 856 vixit)
411 805 531 843 titulo
569 808 690 842 tantae
736 805 875 854 gloriae
920 804 1013 851 fuit,
1061 804 1283 854 dignusque
1327 803 1501 849 habitus,

73 889 189 926 quem
220 874 435 913 secundum
466 887 488 912 a
510 874 681 912 Romulo
713 872 956 912 conditorem
987 873 1099 910 urbis
1123 873 1312 910 Romanae
1343 871 1501 909 ferrent.

185 943 238 981 Et
267 943 341 981 hoc
373 946 413 980 et
444 942 669 993 insequenti
701 956 815 988 anno,
847 941 889 980 C.
920 940 1099 991 Sulpicio
1130 940 1289 987 Petico,
1321 939 1363 977 C.
1393 939 1500 977 Lici·
1589 936 1615 984 2

72 1012 139 1050 nio
157 1011 321 1050 Stolone
345 1010 591 1058 consulibus,
618 1010 848 1060 pestilentia
869 1008 958 1047 fuit.
1017 1009 1077 1047 Eo
1101 1008 1203 1047 nihil
1227 1008 1393 1058 dignum
1423 1021 1501 1045 me·
1520 997 1631 1057 22⁰0ss
1647 999 1695 1055 {22

73 1081 198 1119 moria
228 1083 378 1127 actum,
407 1079 486 1117 nisi
517 1079 624 1130 quod
654 1079 763 1129 pacis
795 1077 912 1116 deum
943 1077 1199 1128 exposcendae
1231 1090 1350 1115 causa
1378 1076 1499 1114 tert-io
1517 1079 1540 1114 2

72 1153 155 1186 tum
193 1152 284 1199 post
320 1147 521 1186 conditam
559 1147 699 1185 urbem
737 1146 1025 1184 lectisternium
1060 1145 1156 1192 fuit;
1202 1149 1240 1183 et
1278 1158 1398 1196 quum
1438 1145 1541 1183 vis3

72 1217 200 1255 morbi
230 1230 300 1255 nec
330 1215 514 1254 humanis
545 1216 725 1255 consiliis
755 1229 828 1253 nec
860 1228 933 1266 ope
965 1214 1101 1252 divina
1130 1215 1346 1261 levaretur,
1383 1213 1502 1251 victis

70 1285 354 1336 superstitione
384 1285 526 1323 animis
557 1284 646 1322 ludi
677 1298 833 1335 quoque
872 1283 1034 1330 scenici,
1079 1297 1180 1321 nova
1217 1296 1278 1320 res
1308 1282 1500 1320 bellicoso

51 1353 218 1405 ’populo
249 1354 357 1402 (nam
388 1354 485 1391 circi
515 1352 632 1392 modo
663 1352 931 1403 spectaculum
961 1352 1119 1400 fuerat),
1151 1352 1252 1389 inter
1283 1351 1364 1389 alia
1389 1350 1500 1388 caele-

70 1422 142 1460 stis
175 1422 246 1459 irae
275 1421 501 1472 placamina
522 1421 698 1459 instituti
720 1421 920 1459 dicuntur.
980 1418 1163 1457 Ceterum
1186 1433 1309 1470 parva
1331 1431 1499 1469 quoque,
1514 1420 1538 1456 4

71 1494 114 1528 ut
143 1490 263 1528 ferme
286 1489 487 1540 principia
511 1490 654 1537 omnia,
685 1493 724 1527 et
747 1503 791 1528 ea
822 1490 910 1540 ipsa
931 1489 1142 1539 peregrina
1163 1502 1225 1526 res
1256 1488 1345 1525 fuit.
1404 1486 1499 1525 Sine

71 1558 242 1596 carmine
274 1558 375 1605 ullo,
419 1558 504 1595 sine
536 1558 820 1596 imitandorum
851 1556 1070 1596 carminum
1107 1560 1197 1594 actu
1234 1555 1420 1594 ludiones
1450 1569 1499 1593 ex

69 1625 232 1664 Etruria
261 1626 396 1673 acciti,
441 1626 491 1663 ad
520 1626 701 1664 tibicinis
739 1626 876 1664 modos
908 1625 1114 1673 saltantes,
1152 1624 1260 1664 haud
1291 1624 1498 1663 indecoros

70 1698 197 1732 motus
227 1708 335 1733 more
366 1694 496 1733 Tusco
527 1694 687 1733 dabant.
751 1694 910 1732 Imitari
941 1693 1086 1732 deinde
1116 1708 1182 1732 eos
1214 1694 1415 1741 iuventus,
1447 1693 1497 1732 si·
1517 1693 1539 1729 5

69 1763 149 1800 mul
182 1763 397 1801 inconditis
428 1763 531 1801 inter
562 1777 602 1801 se
634 1762 828 1801 iocularia
856 1761 1066 1801 fundentes
1095 1763 1294 1809 versibus,
1333 1775 1498 1813 coepere,

69 1844 139 1869 nec
169 1831 310 1869 absoni
342 1845 366 1869 a
394 1845 489 1870 voce
520 1834 650 1870 motus
681 1835 804 1870 erant.
863 1830 1044 1882 Accepta
1076 1831 1211 1881 itaque
1239 1844 1302 1869 res
1333 1831 1496 1881 saepius·
1515 1831 1537 1865 6

68 1913 143 1950 que
180 1899 410 1950 usurpando
449 1900 630 1938 excitata.
703 1899 945 1945 Vernaculis
984 1898 1222 1938 artificibus.
1269 1899 1362 1949 quia
1402 1899 1497 1937 ister

68 1967 196 2005 Tusco
234 1968 357 2006 verbo
397 1967 509 2006 ludio
546 1969 784 2015 vocabatur,
829 1981 971 2006 nomen
1006 1967 1268 2005 histrionibus
1305 1967 1495 2015 inditum;

68 2036 137 2086 qui
167 2050 257 2083 non,
287 2036 390 2074 sicut
419 2040 526 2083 ante,
563 2036 811 2075 Fescennino
842 2049 958 2074 versu
988 2036 1156 2074 similem
1187 2036 1492 2087 incompositum
1510 2036 1532 2072 7

66 2108 213 2142 temere
244 2118 288 2142 ac
319 2104 458 2142 rudem
489 2104 654 2142 alternis
686 2104 894 2151 iaciebant,
924 2104 993 2142 sed
1024 2104 1207 2155 impletas
1232 2103 1360 2142 modis
1389 2108 1494 2142 satu·

66 2187 130 2211 ras
154 2173 354 2224 descripto
387 2173 463 2210 iam
487 2172 537 2210 ad
567 2171 772 2210 tibicinem
799 2176 916 2210 cant-u
938 2176 1125 2224 motuque
1149 2173 1384 2223 congruenti
1406 2185 1494 2224 per·

67 2241 250 2291 agebant.
324 2241 465 2279 Livius
503 2243 594 2291 post
630 2240 783 2290 aliquot
823 2254 961 2288 annos,
1008 2241 1076 2292 qui
1113 2241 1162 2279 ab
1200 2241 1345 2279 saturis
1375 2242 1533 2279 ausus8

68 2313 125 2347 ost
155 2310 306 2360 primus
338 2313 569 2359 argumento
600 2308 774 2346 fabulam
806 2322 950 2355 serere,
982 2308 1086 2347 idem
1115 2309 1284 2356 seilicet,
1315 2309 1356 2347 id
1387 2308 1494 2360 quod

68 2391 199 2416 omnes
229 2382 313 2416 tum
344 2381 467 2424 erant,
497 2390 656 2414 suorum
688 2377 904 2414 carminum
931 2382 1051 2425 actor,
1082 2377 1242 2424 dicitur,
1272 2391 1393 2428 quum
1423 2379 1532 2414 san-9

68 2446 158 2496 pius
195 2450 402 2486 revocatus
442 2459 578 2484 vocem
622 2444 864 2492 obtudisset,
908 2447 1024 2485 venia
1067 2447 1195 2497 petita
1232 2459 1397 2496 puerum
1439 2445 1491 2483 ad

69 2515 284 2554 canendum
323 2519 413 2554 ante
449 2514 657 2552 tibicinem
702 2528 822 2565 quum
860 2514 1083 2561 statuisset,
1130 2514 1326 2552 canticum
1364 2513 1493 2564 egisse

70 2581 272 2633 aliquanto
294 2584 420 2634 magis
436 2584 594 2633 vigente
617 2585 737 2631 motu,
762 2583 855 2633 quia.
877 2583 981 2622 nihil
998 2583 1103 2621 vocis
1119 2597 1213 2621 usus
1238 2582 1491 2633 impediebat.

70 2648 168 2688 Inde
211 2653 260 2690 ad
306 2666 462 2690 manum
504 2651 658 2690 cantari
705 2651 966 2690 histrionibus
1013 2654 1182 2702 coeptum
1228 2649 1489 2700 diverbiaque
1508 2651 1558 2689 10
1598 2657 1608 2671 ‘'

135 2727 234 2755 nvin-
253 2737 290 2755 ex
308 2738 366 2758 rec.
385 2731 535 2763 Madvigii.
551 2732 592 2756 11.
1266 2728 1289 2762 4
