1821 2928
557 243 649 270 Liber
666 242 720 269 1x.
758 243 807 272 (A.
827 243 880 270 oh.
899 242 1058 272 sos—804.)
1398 235 1478 274 195

92 360 254 408 auxilia,
299 363 340 398 et
369 363 462 410 post
489 359 690 397 Hernicos
721 359 907 397 subactos
937 359 1126 398 universa
1156 373 1280 410 prope
1321 374 1418 411 gens
1449 361 1533 399 sine
1551 362 1574 399 6

93 427 410 466 dissimulatione
449 427 607 466 consilii
645 426 801 477 publici
839 426 891 464 ad
921 426 1056 465 hostes
1087 428 1329 475 desciverat;
1361 432 1401 467 et
1430 433 1536 480 post-

93 509 223 547 quam,
261 496 341 534 icto
379 495 520 534 Romae
561 508 649 532 cum
680 493 928 532 Samnitibus
966 495 1126 544 foedere,
1157 497 1314 535 fetiales
1344 502 1540 536 venerant

90 578 155 603 res
195 564 421 614 repetitum,
452 563 714 601 tentationem
754 563 916 601 aiebant
954 576 1057 611 esse,
1088 569 1143 611 ut,
1183 569 1337 603 terrore
1377 566 1534 604 incusso
1554 567 1578 604 7

91 633 201 680 belli,
219 632 422 670 Romanos
448 645 488 669 se
512 631 599 668 fieri
623 635 869 681 paterentur,
887 632 994 681 quod
1011 636 1163 682 quanto
1181 646 1299 683 opere
1317 634 1538 684 optandum

89 701 203 748 foret,
235 700 435 739 Hernicos
481 700 675 747 docuisse,
722 713 855 749 quum,
902 699 1049 749 quibus
1090 701 1260 749 licuerit,
1300 715 1391 740 suas
1428 702 1536 752 leges

91 768 285 807 Romanae
317 768 473 807 civitati
503 768 838 818 praeoptaverint3
870 767 1016 818 quibus
1033 768 1207 819 legendi,
1234 769 1332 820 quid
1356 770 1534 818 mallent,
1553 771 1579 808 8

92 838 209 888 copia
237 851 319 875 non
349 837 483 883 fuerit,
515 850 587 887 pro
618 849 736 886 poena
765 837 1032 874 necessariam
1063 837 1267 875 civitatem
1309 839 1405 877 fore.
1476 838 1538 878 Ob

89 906 175 943 haec
204 906 325 956 vulgo
357 906 399 944 in
430 905 610 943 conciliis
639 905 787 943 iactata
816 905 988 955 populus
1019 905 1225 945 Romanus
1261 906 1413 944 bellum
1449 907 1538 945 fieri

90 973 236 1024 AEquis
273 975 405 1019 iussit3
452 974 714 1023 consulesque
752 972 869 1011 ambo
910 974 961 1011 ad
999 988 1146 1013 novum
1181 975 1352 1026 profecti
1383 975 1576 1013 bellum9

92 1046 280 1092 quattuor
321 1042 448 1080 millia
485 1056 509 1080 a
549 1042 691 1079 castris
740 1042 915 1079 hostium
955 1043 1232 1082 consederunt.
1306 1043 1534 1094 AEquorum
1553 1045 1605 1083 10

91 1111 300 1158 exercitus,
342 1114 387 1148 ut
418 1111 487 1160 qui
524 1123 594 1148 suo
625 1111 784 1148 nomine
813 1111 1034 1160 permultos
1067 1124 1191 1149 annos
1221 1112 1404 1150 imbelles
1435 1113 1535 1162 egis-

91 1182 190 1226 sent,
234 1179 497 1217 tumultuario
543 1179 696 1226 similis,
743 1179 827 1216 sine
874 1178 1043 1217 ducibus
1085 1180 1216 1227 certis,
1253 1180 1338 1218 sine
1368 1181 1535 1232 imperio

87 1247 303 1298 trepidare.
376 1248 465 1286 Alii
505 1247 728 1286 exeundum
758 1248 801 1285 in
831 1248 970 1295 aciem,
1002 1248 1071 1286 alii
1103 1251 1234 1286 castra
1263 1249 1414 1287 tuenda
1443 1263 1532 1287 cen·
1553 1249 1601 1287 11

90 1320 194 1362 sent3
235 1320 367 1354 movet
405 1316 618 1366 plerosque
658 1316 833 1354 vastatio
874 1316 1012 1353 futura
1048 1330 1238 1366 agrorum
1269 1330 1315 1355 ac
1347 1318 1535 1368 deinceps

96 1398 186 1422 cum
218 1384 375 1422 levibus
406 1385 605 1434 praesidiis
628 1385 787 1421 urbium
812 1385 1042 1422 relictarum
1059 1385 1225 1424 excidia.
1266 1385 1411 1436 Itaque
1426 1390 1533 1436 post·
1555 1386 1604 1423 12

91 1466 211 1503 quam
242 1453 348 1490 inter
379 1453 526 1490 multas
557 1454 773 1490 sententias
805 1465 895 1499 una,
928 1466 1027 1502 quae,
1060 1454 1206 1491 omissa
1237 1467 1332 1492 cura
1362 1467 1534 1493 commu-

90 1521 211 1567 nium,
253 1520 303 1557 ad
343 1527 568 1570 respectum
609 1535 771 1559 suarum
803 1535 999 1571 quemque
1038 1536 1172 1559 rerum
1210 1523 1345 1570 vertit,
1377 1526 1437 1561 est
1466 1536 1534 1561 au-

93 1589 188 1635 dita,
220 1592 265 1626 ut
294 1590 424 1638 prima
452 1590 595 1639 vigilia
626 1589 773 1629 diversi
815 1604 835 1628 e
866 1589 1006 1628 castris
1037 1590 1088 1628 ad
1119 1590 1372 1641 deportanda
1402 1592 1535 1629 omnia
1554 1591 1604 1628 13

92 1658 344 1707 tuendasque
391 1658 587 1696 moenibus
628 1659 747 1695 urbes
786 1658 957 1705 abirent,
998 1659 1131 1696 cuncti
1178 1673 1266 1697 eam
1296 1660 1536 1698 sententiam

90 1725 246 1775 ingenti
276 1739 440 1763 assensu
470 1740 669 1776 accepere.
739 1726 894 1764 Palatis
926 1727 1108 1765 hostibus
1139 1740 1211 1777 per
1241 1741 1372 1778 agros,
1404 1728 1535 1778 prima
1554 1727 1606 1764 14

90 1794 178 1832 luce
209 1794 382 1832 Romani
423 1795 550 1844 signis
592 1795 762 1845 prolatis
792 1796 835 1833 in
865 1796 950 1833 acie
982 1796 1215 1843 consistunt,
1248 1800 1297 1844 et,
1324 1796 1396 1834 ubi
1417 1809 1532 1834 nemo

90 1862 236 1901 obvius
266 1862 364 1909 ibat,
396 1863 514 1912 pleno
547 1863 677 1912 gradu
708 1865 759 1902 ad
792 1868 923 1902 castra
945 1864 1121 1901 hostium
1136 1864 1327 1911 tendunt;
1358 1867 1534 1901 ceterum
1553 1864 1603 1902 15

89 1934 301 1981 postquam
342 1930 401 1968 ibi
441 1945 571 1981 neque
611 1933 804 1969 stationes
845 1945 918 1981 pro
960 1933 1087 1982 portis
1119 1946 1191 1970 nec
1223 1945 1462 1982 quemquam
1493 1932 1535 1970 in

90 1999 197 2037 vallo
227 2012 299 2036 nec
330 1999 533 2037 fremitum
565 2006 795 2037 consuetum
820 2005 1040 2037 castrorum
1064 2000 1445 2047 animadverterunt,
1475 2001 1535 2038 in—

90 2067 208 2105 solito
239 2068 399 2105 silentio
430 2068 528 2105 moti
558 2071 666 2105 metu
705 2068 938 2105 insidiarum
969 2068 1203 2106 subsistunt.
1276 2069 1534 2119 Transgressi
1554 2070 1604 2107 16

92 2135 238 2173 deinde
268 2136 430 2182 vallum,
456 2149 578 2186 quum
595 2135 753 2174 deserta
770 2136 902 2174 omnia
917 2137 1173 2184 invenissent,
1190 2141 1365 2187 pergunt
1381 2138 1535 2176 hostem

90 2204 272 2254 vestigiis
314 2206 446 2254 sequi';
477 2204 546 2242 sed
588 2206 760 2253 vestigia
801 2205 841 2241 in
882 2218 1015 2242 omnes
1047 2218 1157 2255 aeque
1188 2206 1357 2244 ferentia
1387 2210 1534 2256 partes»,

91 2277 136 2310 ut
172 2273 214 2310 in
251 2272 420 2323 dilapsis
457 2273 617 2323 passim,
658 2274 787 2323 primo
826 2287 1000 2311 errorem
1038 2274 1249 2312 faciebant.
1323 2274 1424 2312 Post
1462 2287 1533 2324 per
1552 2274 1601 2310 17

93 2341 365 2391 exploratores
408 2343 620 2392 compertis
659 2342 833 2379 hostium
875 2342 1063 2392 consiliis,
1101 2343 1154 2381 ad
1195 2343 1374 2392 singulas
1413 2343 1532 2380 urbes

92 2410 408 2448 circumferendo
463 2411 569 2448 bello
622 2423 748 2447 unum
804 2414 843 2446 et
886 2411 1055 2459 triginta
1100 2412 1250 2462 oppida
1295 2412 1403 2449 intra
1448 2410 1533 2448 dies

93 2479 400 2528 quinquaginta,
431 2479 562 2516 omnia
594 2477 876 2529 oppugnando,
906 2483 1114 2529 ceperunt;
1141 2493 1310 2530 quorum
1341 2479 1534 2530 pleraque

92 2546 227 2584 diruta
257 2550 377 2597 atque
407 2547 582 2593 incensa,
613 2560 836 2596 nomenque
867 2547 1092 2597 AEquorum
1122 2562 1247 2598 prope
1279 2548 1329 2585 acl
1361 2549 1534 2585 interne-

91 2615 244 2653 cionem
275 2615 461 2653 deletum.
520 2615 586 2653 De
603 2615 749 2664 AEquis
778 2615 1084 2665 triumphatum;
1116 2617 1374 2666 exemploque
1397 2629 1532 2653 eorum
1553 2615 1603 2652 18

93 2683 226 2722 clades
257 2684 345 2730 fuit,
375 2688 421 2721 ut
450 2683 684 2729 Marrucini,
716 2684 854 2730 Marsi,
885 2683 1060 2733 Peligni,
1102 2684 1297 2722 Frentani
1328 2685 1533 2723 mitterent

1246 2751 1311 2784 13*
