1821 2928
545 91 660 127 Liber
684 91 753 127 IV.
803 94 864 136 (A.
892 92 956 128 Ch.
982 93 1078 137 431.)
1454 97 1535 135 223

92 222 201 260 tibus
231 221 317 272 spei
348 220 437 259 est?
482 221 550 259 An
583 222 700 259 deum
731 221 907 271 aliquem
933 224 1208 272 protecturum
1225 235 1294 260 vos
1311 225 1537 272 rapturum-

94 306 172 344 que
215 293 309 331 hinc
355 292 537 344 putatis?
596 293 722 332 Ferro
759 294 824 332 via
864 293 1048 332 facienda
1087 297 1157 332 est.
1217 293 1318 342 Hac,
1366 307 1444 344 qua
1474 293 1577 332 me5

92 378 360 416 praegressum
383 366 579 413 videritis,
611 366 730 416 agite,
762 365 831 416 qui
849 365 974 403 visuri
992 366 1141 415 domos,
1171 369 1370 417 parentes,
1403 367 1537 405 coniu-

94 450 174 488 ges,
212 438 359 477 liberos
398 439 503 486 estis⁷
542 439 598 477 ite
639 451 805 477 mecum.
864 437 957 477 Non
988 452 1123 477 murus
1155 452 1228 477 nec
1258 439 1420 486 vallum,
1467 439 1537 477 sed

94 511 238 549 armati
269 511 436 549 armatis
467 511 638 549 obstant.
700 511 866 549 Virtute
896 524 1025 562 pares,
1063 512 1312 559 necessitate,
1358 524 1447 562 quae
1477 512 1537 549 ul·

92 584 233 621 timum
265 597 311 621 ac
342 583 558 621 maximum
589 584 714 622 telum
747 587 816 631 est,
855 584 1082 635 superiores
1115 583 1250 622 estis.“
1299 584 1399 622 Haec
1430 584 1537 622 locu·
1556 584 1579 620 6

92 660 176 693 tum
209 659 572 707 exsequentemque
614 656 721 695 dicta
761 657 1039 707 redintegrato
1082 656 1255 694 clamore
1286 656 1413 694 secuti
1445 657 1539 694 dant

95 728 409 779 impressionem,
455 742 534 779 qua
565 729 801 767 Postumius
833 728 968 767 Albus
1011 727 1194 767 cohortes
1236 729 1453 776 obiecerat3
1502 733 1541 767 et

94 803 306 839 moverunt
335 801 540 850 victorem,
573 801 698 840 donec
725 801 900 840 dictator
915 802 1057 852 pedem
1075 802 1155 840 iam
1171 801 1439 840 referentibus
1456 802 1540 840 suis

95 873 261 912 advenit
299 887 424 924 eoque
465 887 580 912 omne
618 874 806 925 proelium
845 887 1005 913 versum
1047 877 1118 912 est.
1178 874 1263 913 Uni
1294 874 1395 922 viro,
1435 874 1537 912 Mes·
1560 875 1580 910 7

94 946 166 994 sio,
197 946 359 985 fortuna
389 946 564 986 hostium
590 947 789 985 innititur.
834 946 967 985 Multa
991 947 1182 997 utrinque
1205 946 1384 993 vulnera,
1416 946 1542 984 multa

93 1019 243 1069 passim
290 1019 417 1057 caedes
464 1023 539 1067 est;
586 1020 665 1058 iam
706 1033 756 1058 ne
788 1020 910 1058 duces
943 1019 1105 1070 quidem
1135 1018 1310 1057 Romani
1342 1017 1541 1056 incruenti

95 1095 287 1140 pugnant.
334 1091 451 1130 Unus
469 1092 539 1141 Sp.
557 1092 790 1131 Postumius
807 1093 910 1131 ictus
935 1106 1044 1140 saxo,
1067 1093 1269 1143 perfracto
1287 1091 1429 1142 capite,
1454 1090 1541 1129 acie
1558 1091 1583 1128 8

95 1164 284 1211 excessit;
330 1178 409 1203 non
456 1164 695 1204 dictatorem
735 1165 924 1204 humerus
968 1166 1215 1213 vulneratus,
1260 1177 1340 1202 non
1370 1163 1541 1201 Fabium

94 1249 222 1287 prope
255 1236 417 1275 affixum
449 1251 552 1288 equo
584 1238 724 1285 femur,
756 1252 834 1276 non
866 1238 1076 1276 brachium
1107 1237 1308 1276 abscisum
1340 1235 1541 1273 consulem

96 1306 143 1348 ex
175 1312 257 1348 tam
288 1310 455 1360 ancipiti
484 1311 629 1361 proelio
662 1311 887 1349 summovit.
933 1310 1126 1348 Messium
1151 1310 1324 1360 impetus
1350 1321 1422 1358 per
1438 1310 1539 1346 stra·
1621 1304 1675 1352 29

95 1385 157 1420 tos
189 1382 296 1420 caede
328 1382 463 1421 hostes
495 1396 583 1421 cum
614 1383 735 1432 globo
766 1383 1077 1421 fortissimorum
1105 1383 1296 1420 iuvenum
1322 1381 1473 1419 extulit
1491 1380 1542 1418 ad

97 1458 228 1492 castra
260 1453 511 1503 Volscorum,
552 1468 641 1505 quae
682 1455 858 1494 nondum
892 1458 1011 1506 capta
1042 1458 1168 1493 erant.
1227 1454 1382 1492 Eodem
1415 1453 1542 1492 omnis

97 1527 203 1565 acies
236 1527 467 1566 inclinatur.
532 1527 680 1566 Consul
711 1528 854 1566 effusos
885 1541 1012 1578 usque
1044 1527 1094 1566 ad
1124 1527 1274 1566 vallum
1306 1529 1540 1577 persecutus
1559 1527 1582 1563 2

95 1600 184 1650 ipsa
230 1603 361 1638 castra
405 1600 637 1651 vallumque
683 1600 940 1651 aggreditur;
989 1600 1126 1639 eodem
1171 1603 1212 1638 et
1258 1599 1431 1637 dictator
1462 1599 1542 1637 alia

96 1675 210 1722 parte
256 1673 391 1723 copias
437 1672 633 1712 admovet.
694 1673 784 1712 Non
823 1674 985 1723 segnior
1026 1672 1275 1724 oppugnatio
1307 1675 1376 1719 est,
1423 1685 1541 1722 quam

97 1757 232 1795 pugna
270 1744 410 1784 fuerat.
472 1745 685 1784 Consulem
723 1746 882 1796 signum
922 1759 1080 1797 quoque
1122 1745 1230 1783 intra
1259 1744 1409 1783 vallum
1442 1744 1582 1782 inie-3

97 1817 195 1855 cisse
225 1817 371 1865 ferunt,
403 1831 481 1868 quo
513 1819 661 1857 milites
690 1819 822 1857 acrius
863 1819 1056 1865 subirent,
1087 1816 1386 1868 repetendoque
1425 1816 1541 1866 signo

95 1889 264 1940 primam
298 1890 602 1940 impressionem
632 1891 790 1930 factam.
837 1891 892 1929 Et
923 1891 1098 1929 dictator
1128 1892 1296 1941 proruto
1326 1888 1433 1927 vallo
1461 1888 1541 1926 iam

98 1962 140 1999 in
172 1966 302 2000 castra
332 1962 520 2013 proelium
552 1962 758 2002 intulerat.
803 1963 906 2001 Tum
938 1963 1059 2002 abiici
1082 1962 1233 2013 passim
1259 1975 1369 2000 arma
1385 1975 1430 1999 ac
1448 1960 1582 1999 dedi4

99 2034 233 2073 hostes
265 2035 397 2086 ccepti,
428 2034 648 2085 castrisque
680 2039 721 2074 et
751 2036 813 2074 his
832 2036 973 2086 captis,
1003 2035 1139 2074 hostes
1165 2038 1314 2085 praeter
1339 2037 1542 2072 senatores

101 2120 234 2145 omnes
288 2107 508 2145 venundati
560 2110 663 2145 sunt.
738 2108 894 2146 Praedae
947 2122 1041 2159 pars
1096 2121 1167 2146 sua
1213 2106 1542 2157 cognoscentibus

100 2178 260 2217 Latinis
306 2183 425 2230 atque
455 2179 646 2218 Hernicis
690 2180 862 2228 reddita,
909 2184 1063 2231 partem
1109 2180 1183 2219 sub
1222 2180 1337 2217 hasta
1371 2179 1542 2217 dictator

100 2251 303 2299 vendidit3
320 2253 620 2303 praepositoque
639 2253 799 2291 consule
817 2253 971 2301 castris,
989 2253 1076 2304 ipse
1092 2252 1346 2304 triumphans
1362 2252 1542 2290 invectus

101 2324 239 2362 urbem
287 2325 488 2363 dictatura
533 2338 575 2363 se
621 2325 836 2364 abdicavit.
896 2326 1084 2375 Egregiae
1131 2325 1338 2364 dictaturae
1383 2322 1582 2362 tristem5

102 2397 333 2436 memoriam
364 2398 529 2446 faciunt,
561 2397 632 2448 qui
663 2397 792 2436 filium
819 2398 869 2436 ab
887 2397 939 2436 A.
956 2397 1179 2446 Postumio,
1211 2398 1319 2448 quod
1337 2395 1542 2435 occasione

102 2468 205 2508 bene
242 2470 449 2521 pugnandi
491 2473 629 2521 captus
669 2470 824 2509 iniussu
855 2470 1073 2509 decesserit
1102 2470 1303 2521 praesidio,
1350 2468 1540 2507 victorem

103 2541 231 2579 securi
261 2555 494 2593 percussum
523 2543 701 2581 tradunt.
746 2542 830 2581 Nec
861 2541 964 2581 libet
987 2541 1160 2589 credere,
1191 2544 1231 2579 et
1247 2541 1343 2578 licet
1358 2540 1400 2577 in
1416 2538 1539 2578 variis
1559 2540 1581 2576 6

103 2615 378 2666 opinionibus;
416 2619 456 2654 et
485 2617 719 2665 argumento
750 2617 820 2662 est,
862 2614 971 2666 quod
1001 2613 1171 2665 imperia
1201 2612 1419 2659 Manliana,
1463 2624 1541 2650 non

103 2687 366 2727 Postumiana
397 2688 599 2739 appellata
629 2690 733 2736 sunt,
763 2701 897 2738 quum,
930 2686 998 2736 qui
1030 2686 1143 2736 prior
1170 2687 1309 2723 auctor
1339 2687 1418 2722 tam
1446 2682 1542 2722 saevi
