1821 2928
299 107 380 144 206
678 102 793 137 Liber
817 101 885 136 1v.
934 103 994 146 (A.
1018 114 1056 138 u.
1081 113 1111 136 c.
1137 101 1343 144 311-313.)

235 231 285 268 13
302 232 450 269 vallum
481 231 673 268 obiecere.
720 229 837 276 Quod
868 228 938 266 ubi
967 228 1135 267 Romam
1168 231 1229 265 est
1258 229 1502 277 nuntiatum‚'
1527 227 1730 278 extemplo

300 302 355 340 M.
373 302 577 351 Geganius
609 301 747 339 consul
773 314 859 338 cum
888 301 1063 338 exercitu
1079 300 1282 350 profectus
1297 300 1379 338 tria
1394 299 1524 337 millia
1539 310 1726 349 passuum

302 375 351 412 ab
383 375 494 411 hoste
526 374 655 426 locum
687 373 826 410 castris
852 373 971 422 cepit,
1003 371 1285 422 praecipitique
1312 372 1389 408 iam
1405 371 1470 408 die
1487 383 1626 408 curare
1641 381 1725 407 cor-

300 458 398 495 pora
429 445 574 482 milites
606 444 727 482 iubet.
775 444 929 491 Quarta
953 443 1096 481 deinde
1121 443 1264 492 vigilia
1288 443 1405 492 signa
1420 442 1592 493 profert3
1622 453 1725 491 coep-

299 520 463 566 tumque
509 529 607 565 opus
648 515 747 553 adeo
789 518 1096 565 approperatum
1140 518 1218 563 est,
1265 518 1310 552 ut
1347 515 1429 552 sole
1467 517 1553 552 orto
1586 512 1725 551 Volsci

300 588 474 625 firmiore
505 600 546 625 se
578 587 820 624 munimento
852 587 899 623 ab
919 586 1111 623 Romanis
1143 586 1460 624 circumvallatos
1491 598 1610 635 quam
1635 598 1658 623 a
1681 596 1725 623 se

234 659 284 696 14
300 659 438 696 urbem
469 658 670 704 viderent;
703 662 743 695 et
772 659 853 696 alia
883 661 996 707 parte
1027 657 1164 695 consul
1195 670 1307 694 muro
1338 656 1487 694 Ardeae
1518 655 1725 694 brachium

165 727 241 774 10³⁴
306 731 543 779 iniunxerat,
590 743 667 779 qua
705 743 752 767 ex
792 730 940 780 oppido
980 729 1041 766 sui
1073 742 1290 766 commeare
1319 732 1494 778 possent.
1555 727 1726 766 Volscus

302 802 529 852 imperator,
559 801 630 851 qui
662 801 711 838 ad
743 815 826 839 eam
859 800 964 837 diem
996 814 1074 837 non
1092 804 1309 838 commeatu
1326 802 1562 850 praeparato,
1592 798 1660 837 sed
1677 811 1726 836 ex

300 873 559 923 populatione
590 886 775 921 agrorum
805 876 921 922 rapto
954 873 994 909 in
1019 872 1122 909 diem
1148 872 1347 909 frumento
1365 872 1528 909 aluisset
1541 870 1724 920 militem,

299 949 508 995 postquam
541 948 687 993 saeptus
717 944 824 982 vallo
856 947 1019 994 repente
1052 944 1166 993 inops
1192 943 1365 981 omnium
1389 956 1522 980 rerum
1547 946 1643 989 erat,
1673 941 1726 980 ad

301 1016 542 1066 colloquium
591 1016 754 1053 consule
800 1020 983 1062 evocato,
1029 1016 1061 1052 si
1107 1014 1306 1052 solvendae
1351 1014 1568 1052 obsidionis
1608 1026 1726 1051 causa

260 1088 282 1124 2
300 1087 455 1124 venerit
478 1087 693 1134 Romanus,
725 1088 989 1124 abducturum
1019 1100 1060 1124 se
1093 1087 1183 1124 inde
1208 1085 1376 1124 Volscos
1399 1086 1470 1125 ait.
1517 1084 1724 1123 Adversus

300 1171 344 1195 ea
390 1159 538 1204 consul,
582 1159 700 1196 victis
745 1159 999 1196 condiciones
1044 1158 1293 1207 accipiendas
1339 1171 1435 1206 esse,
1482 1170 1562 1195 non
1597 1157 1726 1194 feren·
1778 1165 1782 1168 “

299 1230 379 1275 das,
424 1229 645 1280 respondit,
692 1243 832 1280 neque,
877 1233 922 1267 ut
961 1230 1143 1267 venerint
1182 1228 1231 1265 ad
1271 1229 1558 1278 oppugnandos
1598 1228 1725 1266 socios

259 1303 281 1339 3
300 1301 438 1350 populi
468 1301 640 1339 Romani
671 1315 741 1339 suo
772 1302 954 1347 arbitrio,
986 1302 1042 1338 ita
1072 1301 1253 1338 abituros
1278 1301 1445 1338 Volscos
1470 1313 1568 1339 esse.
1615 1299 1725 1338 Dedi

301 1373 598 1422 imperatorem,
639 1387 749 1411 arma
779 1373 875 1423 poni
906 1373 1034 1419 iubet,
1075 1373 1256 1418 fatentes,
1286 1373 1412 1410 victos
1443 1385 1485 1410 se
1516 1385 1619 1421 esse,
1653 1371 1724 1409 im·

299 1445 410 1493 perio
455 1458 616 1494 parere;
663 1445 781 1482 aliter
825 1449 906 1482 tam
952 1445 1191 1482 abeuntibus
1238 1457 1357 1494 quam
1395 1443 1646 1481 manentibus
1683 1455 1725 1481 se

299 1516 448 1552 hostem
488 1516 684 1553 infensum
722 1517 930 1554 victoriam
972 1516 1106 1565 potius
1147 1530 1193 1553 ex
1232 1516 1391 1553 Volscis
1432 1528 1549 1565 quam
1586 1526 1725 1565 pacem

260 1588 284 1624 4
303 1586 465 1624 infidam
496 1587 664 1625 Romam
695 1588 925 1625 relaturum.
987 1587 1125 1625 Volsci
1165 1587 1350 1636 exiguam
1381 1600 1489 1636 spem
1521 1586 1563 1623 in
1594 1585 1726 1633 armis,

301 1659 380 1696 alia
409 1658 587 1708 undique
620 1658 785 1705 abscisa,
816 1672 938 1708 quum
968 1662 1201 1706 tentassent,
1233 1662 1379 1708 praeter
1404 1662 1536 1696 cetera
1558 1657 1726 1695 adversa

302 1731 388 1768 loco
420 1742 577 1779 quoque
609 1730 748 1780 iniquo
777 1730 827 1767 ad
851 1742 1024 1779 pugnam
1051 1730 1262 1778 congressi,
1295 1729 1495 1779 iniquiore
1512 1728 1560 1765 ad
1577 1728 1724 1777 fugam,

301 1815 422 1852 quum
453 1801 502 1839 ab
535 1801 642 1839 omni
673 1804 788 1851 parte
819 1801 1075 1847 caederentur,
1107 1801 1155 1838 ad
1180 1814 1316 1851 preces
1340 1799 1593 1839 acertamine
1607 1799 1726 1848 versi,

301 1873 436 1911 dedito
476 1873 715 1922 imperatore
751 1873 992 1923 traditisque
1032 1873 1151 1910 armis
1190 1873 1262 1910 sub
1303 1873 1440 1921 iugum
1470 1871 1599 1918 missi,
1637 1883 1726 1908 cum

261 1944 284 1981 5
302 1944 470 1993 singulis
501 1945 749 1982 vestimentis
776 1944 1003 1993 ignominiae
1028 1944 1235 1994 cladisque
1252 1944 1360 1993 pleni
1379 1943 1655 1989 dimittuntur3
1685 1944 1726 1979 et

301 2029 422 2066 quum
454 2016 559 2053 haud
589 2016 728 2065 procul
758 2016 856 2053 urbe
874 2015 1045 2053 Tusculo
1072 2015 1353 2061 consedissent,
1383 2018 1518 2053 vetere
1534 2013 1724 2051 Tuscula-

302 2100 440 2124 norum
468 2087 558 2124 odio
577 2087 746 2125 inermes
763 2088 943 2137 oppressi
960 2086 1154 2125 dederunt
1171 2099 1319 2137 poenas,
1351 2086 1419 2124 vix
1434 2085 1588 2123 nuntiis
1605 2083 1723 2123 caedis

264 2158 466 2198 crelietis.
519 2158 723 2196 Romanus
755 2158 903 2196 Ardeae
935 2158 1113 2195 turbatas
1144 2158 1340 2196 seditione
1370 2171 1445 2205 res,
1475 2156 1725 2207 principibus

303 2230 386 2267 eius
411 2233 540 2266 motus
564 2229 692 2266 securi
716 2230 912 2279 percussis
928 2229 1124 2279 bonisque
1140 2242 1275 2266 eorum
1291 2229 1333 2266 in
1350 2228 1556 2279 publicum
1573 2226 1726 2265 Ardea·

301 2301 400 2338 tium
431 2301 616 2346 redactis,
648 2301 887 2350 composuit;
918 2300 1196 2350 demptamque
1226 2300 1414 2337 iniuriam
1444 2299 1585 2337 iudicii
1612 2301 1725 2337 tanto

302 2371 495 2410 beneficio
523 2372 662 2421 populi
679 2371 850 2409 Romani
868 2371 1067 2409 Ardeates
1085 2371 1318 2418 credebant;
1351 2370 1505 2409 senatui
1520 2381 1725 2420 superesse

303 2442 459 2492 aliquid
490 2443 539 2480 ad
570 2442 778 2480 delendum
805 2443 977 2492 publicae
994 2443 1172 2481 avaritiae
1189 2446 1483 2480 monumentum
1498 2440 1722 2479 videbatur.

266 2515 287 2551 7
307 2513 454 2552 Consul
484 2514 734 2563 triumphans
764 2514 806 2550 in
835 2514 972 2550 urbem
1002 2513 1128 2562 redit,
1171 2513 1318 2551 Cluilio
1356 2513 1456 2550 duce
1486 2510 1724 2549 Volscorum

304 2590 395 2623 ante
440 2598 596 2622 currum
638 2585 757 2622 ducto
795 2583 1054 2634 praelatisque
1093 2585 1248 2634 spoliis,
1293 2583 1439 2633 quibus
1479 2581 1752 2620 dearmatum,

305 2657 519 2694 exercitum
550 2656 722 2694 hostium
753 2656 825 2693 sub
857 2655 992 2704 iugum
1024 2654 1199 2695 miserat.
