<?xml version="1.0" encoding="UTF-8"?>
<!DOCTYPE html PUBLIC "-//W3C//DTD XHTML 1.0 Transitional//EN"
    "http://www.w3.org/TR/xhtml1/DTD/xhtml1-transitional.dtd">
<html xmlns="http://www.w3.org/1999/xhtml" xml:lang="en" lang="en">
 <head>
  <title>
</title>
<meta http-equiv="Content-Type" content="text/html;charset=utf-8" />
  <meta name='ocr-system' content='tesseract 3.04.00' />
  <meta name='ocr-capabilities' content='ocr_page ocr_carea ocr_par ocr_line ocrx_word'/>
</head>
<body>
  <div class='ocr_page' id='page_1' title='image "./historiarumroman01livyuoft_0418.png"; bbox 0 0 1821 2928; ppageno 0'>
   <div class='ocr_carea' id='block_1_1' title="bbox 373 181 1300 219">
    <p class='ocr_par' dir='ltr' id='par_1_1' title="bbox 373 181 1300 219">
     <span class='ocr_line' id='line_1_1' title="bbox 373 181 1300 219; baseline 0.002 -6"><span class='ocrx_word' id='word_1_1' title='bbox 373 181 426 218; x_wconf 82' lang='lat'>64</span> <span class='ocrx_word' id='word_1_2' title='bbox 770 188 860 214; x_wconf 77' lang='lat' dir='ltr'>Liber</span> <span class='ocrx_word' id='word_1_3' title='bbox 877 188 946 214; x_wconf 78' lang='lat' dir='ltr'>vn.</span> <span class='ocrx_word' id='word_1_4' title='bbox 982 187 1032 217; x_wconf 80' lang='lat' dir='ltr'>(A.</span> <span class='ocrx_word' id='word_1_5' title='bbox 1051 196 1079 214; x_wconf 84' lang='lat' dir='ltr'>u.</span> <span class='ocrx_word' id='word_1_6' title='bbox 1100 196 1125 215; x_wconf 86' lang='lat' dir='ltr'>c.</span> <span class='ocrx_word' id='word_1_7' title='bbox 1143 190 1300 219; x_wconf 77' lang='lat'><strong>397—399.)</strong></span> 
     </span>
    </p>
   </div>
   <div class='ocr_carea' id='block_1_2' title="bbox 103 303 1741 2602">
    <p class='ocr_par' dir='ltr' id='par_1_2' title="bbox 103 303 1741 2602">
     <span class='ocr_line' id='line_1_2' title="bbox 315 303 1740 355; baseline 0 -13"><span class='ocrx_word' id='word_1_8' title='bbox 315 304 509 342; x_wconf 88' lang='lat' dir='ltr'><strong>militibus</strong></span> <span class='ocrx_word' id='word_1_9' title='bbox 560 303 725 350; x_wconf 85' lang='lat' dir='ltr'>„Castra</span> <span class='ocrx_word' id='word_1_10' title='bbox 773 307 900 341; x_wconf 87' lang='lat' dir='ltr'>nunc“</span> <span class='ocrx_word' id='word_1_11' title='bbox 951 303 1083 353; x_wconf 86' lang='lat' dir='ltr'>inquit</span> <span class='ocrx_word' id='word_1_12' title='bbox 1126 303 1266 351; x_wconf 75' lang='lat' dir='ltr'>„vobis</span> <span class='ocrx_word' id='word_1_13' title='bbox 1310 303 1480 342; x_wconf 88' lang='lat' dir='ltr'>hostium</span> <span class='ocrx_word' id='word_1_14' title='bbox 1523 305 1740 355; x_wconf 85' lang='lat' dir='ltr'><strong>urbemque</strong></span> 
     </span>
     <span class='ocr_line' id='line_1_3' title="bbox 314 371 1739 423; baseline 0 -13"><span class='ocrx_word' id='word_1_15' title='bbox 314 372 458 423; x_wconf 86' lang='lat' dir='ltr'>praedae</span> <span class='ocrx_word' id='word_1_16' title='bbox 489 372 560 418; x_wconf 89' lang='lat' dir='ltr'>do,</span> <span class='ocrx_word' id='word_1_17' title='bbox 601 372 635 409; x_wconf 89' lang='lat' dir='ltr'>si</span> <span class='ocrx_word' id='word_1_18' title='bbox 666 372 763 409; x_wconf 90' lang='lat' dir='ltr'>mihi</span> <span class='ocrx_word' id='word_1_19' title='bbox 795 371 1061 422; x_wconf 88' lang='lat' dir='ltr'>pollicemini,</span> <span class='ocrx_word' id='word_1_20' title='bbox 1098 385 1167 409; x_wconf 86' lang='lat' dir='ltr'>vos</span> <span class='ocrx_word' id='word_1_21' title='bbox 1207 372 1364 410; x_wconf 89' lang='lat' dir='ltr'>fortiter</span> <span class='ocrx_word' id='word_1_22' title='bbox 1394 372 1437 409; x_wconf 90' lang='lat' dir='ltr'>in</span> <span class='ocrx_word' id='word_1_23' title='bbox 1467 372 1550 410; x_wconf 89' lang='lat' dir='ltr'>acie</span> <span class='ocrx_word' id='word_1_24' title='bbox 1581 385 1739 422; x_wconf 84' lang='lat' dir='ltr'>operam</span> 
     </span>
     <span class='ocr_line' id='line_1_4' title="bbox 312 440 1736 491; baseline 0 -13"><span class='ocrx_word' id='word_1_25' title='bbox 312 444 524 479; x_wconf 84' lang='lat' dir='ltr'>navaturos</span> <span class='ocrx_word' id='word_1_26' title='bbox 568 454 640 477; x_wconf 87' lang='lat' dir='ltr'>nec</span> <span class='ocrx_word' id='word_1_27' title='bbox 684 441 828 491; x_wconf 84' lang='lat' dir='ltr'>praedae</span> <span class='ocrx_word' id='word_1_28' title='bbox 879 440 1006 488; x_wconf 87' lang='lat' dir='ltr'>magis</span> <span class='ocrx_word' id='word_1_29' title='bbox 1053 454 1170 489; x_wconf 86' lang='lat' dir='ltr'>quam</span> <span class='ocrx_word' id='word_1_30' title='bbox 1222 454 1364 491; x_wconf 86' lang='lat' dir='ltr'>pugnae</span> <span class='ocrx_word' id='word_1_31' title='bbox 1414 443 1573 490; x_wconf 82' lang='lat' dir='ltr'>paratos</span> <span class='ocrx_word' id='word_1_32' title='bbox 1618 443 1736 478; x_wconf 78' lang='lat' dir='ltr'>esse.“</span> 
     </span>
     <span class='ocr_line' id='line_1_5' title="bbox 275 507 1740 559; baseline -0.001 -13"><span class='ocrx_word' id='word_1_33' title='bbox 275 509 298 546; x_wconf 88' lang='lat'>5</span> <span class='ocrx_word' id='word_1_34' title='bbox 316 507 483 559; x_wconf 86' lang='lat' dir='ltr'><strong>Signum</strong></span> <span class='ocrx_word' id='word_1_35' title='bbox 513 512 682 558; x_wconf 90' lang='lat' dir='ltr'>poscunt</span> <span class='ocrx_word' id='word_1_36' title='bbox 712 508 866 558; x_wconf 76' lang='lat' dir='ltr'>ingenti</span> <span class='ocrx_word' id='word_1_37' title='bbox 896 509 1077 554; x_wconf 87' lang='lat' dir='ltr'>clamore,</span> <span class='ocrx_word' id='word_1_38' title='bbox 1108 508 1282 559; x_wconf 80' lang='lat' dir='ltr'>celsique</span> <span class='ocrx_word' id='word_1_39' title='bbox 1313 511 1351 547; x_wconf 89' lang='lat' dir='ltr'>et</span> <span class='ocrx_word' id='word_1_40' title='bbox 1382 522 1451 558; x_wconf 89' lang='lat' dir='ltr'>spe</span> <span class='ocrx_word' id='word_1_41' title='bbox 1480 507 1587 546; x_wconf 84' lang='lat' dir='ltr'>haud</span> <span class='ocrx_word' id='word_1_42' title='bbox 1618 507 1740 546; x_wconf 91' lang='lat' dir='ltr'>dubia</span> 
     </span>
     <span class='ocr_line' id='line_1_6' title="bbox 312 575 1740 626; baseline -0.001 -12"><span class='ocrx_word' id='word_1_43' title='bbox 312 577 461 614; x_wconf 85' lang='lat' dir='ltr'>feroces</span> <span class='ocrx_word' id='word_1_44' title='bbox 491 577 533 614; x_wconf 91' lang='lat' dir='ltr'>in</span> <span class='ocrx_word' id='word_1_45' title='bbox 562 577 749 626; x_wconf 86' lang='lat' dir='ltr'>proelium</span> <span class='ocrx_word' id='word_1_46' title='bbox 778 577 940 614; x_wconf 82' lang='lat' dir='ltr'>vadunt.</span> <span class='ocrx_word' id='word_1_47' title='bbox 998 576 1064 614; x_wconf 89' lang='lat' dir='ltr'>Ibi</span> <span class='ocrx_word' id='word_1_48' title='bbox 1094 579 1185 614; x_wconf 90' lang='lat' dir='ltr'>ante</span> <span class='ocrx_word' id='word_1_49' title='bbox 1214 577 1328 626; x_wconf 87' lang='lat' dir='ltr'>signa</span> <span class='ocrx_word' id='word_1_50' title='bbox 1358 575 1450 614; x_wconf 85' lang='lat' dir='ltr'>Sex.</span> <span class='ocrx_word' id='word_1_51' title='bbox 1480 575 1654 624; x_wconf 88' lang='lat' dir='ltr'>Tullius,</span> <span class='ocrx_word' id='word_1_52' title='bbox 1692 576 1740 614; x_wconf 90' lang='lat' dir='ltr'>de</span> 
     </span>
     <span class='ocr_line' id='line_1_7' title="bbox 313 644 1740 695; baseline 0 -13"><span class='ocrx_word' id='word_1_53' title='bbox 313 659 389 694; x_wconf 92' lang='lat' dir='ltr'>quo</span> <span class='ocrx_word' id='word_1_54' title='bbox 422 648 511 682; x_wconf 89' lang='lat' dir='ltr'>ante</span> <span class='ocrx_word' id='word_1_55' title='bbox 543 644 692 681; x_wconf 91' lang='lat' dir='ltr'>dictum</span> <span class='ocrx_word' id='word_1_56' title='bbox 724 647 801 691; x_wconf 88' lang='lat' dir='ltr'>est,</span> <span class='ocrx_word' id='word_1_57' title='bbox 835 645 1026 682; x_wconf 79' lang='lat' dir='ltr'>exclamat</span> <span class='ocrx_word' id='word_1_58' title='bbox 1060 644 1280 695; x_wconf 86' lang='lat' dir='ltr'>„Adspice‚</span> <span class='ocrx_word' id='word_1_59' title='bbox 1326 645 1564 695; x_wconf 88' lang='lat' dir='ltr'>imperator“</span> <span class='ocrx_word' id='word_1_60' title='bbox 1598 644 1740 694; x_wconf 82' lang='lat' dir='ltr'>inquit,</span> 
     </span>
     <span class='ocr_line' id='line_1_8' title="bbox 317 712 1740 764; baseline 0 -15"><span class='ocrx_word' id='word_1_61' title='bbox 317 712 671 762; x_wconf 84' lang='lat' dir='ltr'>„quemadmodum</span> <span class='ocrx_word' id='word_1_62' title='bbox 695 713 892 750; x_wconf 84' lang='lat' dir='ltr'>exercitus</span> <span class='ocrx_word' id='word_1_63' title='bbox 915 717 1006 750; x_wconf 86' lang='lat' dir='ltr'>tuus</span> <span class='ocrx_word' id='word_1_64' title='bbox 1028 712 1106 750; x_wconf 90' lang='lat' dir='ltr'>tibi</span> <span class='ocrx_word' id='word_1_65' title='bbox 1130 714 1324 762; x_wconf 85' lang='lat' dir='ltr'>promissa</span> <span class='ocrx_word' id='word_1_66' title='bbox 1349 716 1548 764; x_wconf 83' lang='lat' dir='ltr'>praestet‘·‘‚</span> <span class='ocrx_word' id='word_1_67' title='bbox 1578 712 1740 763; x_wconf 79' lang='lat' dir='ltr'>piloque</span> 
     </span>
     <span class='ocr_line' id='line_1_9' title="bbox 273 779 1741 831; baseline 0 -14"><span class='ocrx_word' id='word_1_68' title='bbox 273 781 462 831; x_wconf 76' lang='lat' dir='ltr'>Gposito,</span> <span class='ocrx_word' id='word_1_69' title='bbox 509 780 646 818; x_wconf 86' lang='lat' dir='ltr'>stricto</span> <span class='ocrx_word' id='word_1_70' title='bbox 677 780 812 830; x_wconf 85' lang='lat' dir='ltr'>gladio</span> <span class='ocrx_word' id='word_1_71' title='bbox 845 781 885 818; x_wconf 91' lang='lat' dir='ltr'>in</span> <span class='ocrx_word' id='word_1_72' title='bbox 924 781 1076 819; x_wconf 79' lang='lat' dir='ltr'>hostem</span> <span class='ocrx_word' id='word_1_73' title='bbox 1107 781 1298 831; x_wconf 90' lang='lat' dir='ltr'>impetum</span> <span class='ocrx_word' id='word_1_74' title='bbox 1337 780 1444 818; x_wconf 85' lang='lat' dir='ltr'>facit.</span> <span class='ocrx_word' id='word_1_75' title='bbox 1510 779 1741 830; x_wconf 85' lang='lat' dir='ltr'>Sequuntur</span> 
     </span>
     <span class='ocr_line' id='line_1_10' title="bbox 313 848 1738 899; baseline 0 -14"><span class='ocrx_word' id='word_1_76' title='bbox 313 848 491 886; x_wconf 89' lang='lat' dir='ltr'>Tullium</span> <span class='ocrx_word' id='word_1_77' title='bbox 507 849 759 898; x_wconf 82' lang='lat' dir='ltr'>antesignani</span> <span class='ocrx_word' id='word_1_78' title='bbox 784 863 930 895; x_wconf 87' lang='lat' dir='ltr'>omnes,</span> <span class='ocrx_word' id='word_1_79' title='bbox 959 849 1168 899; x_wconf 87' lang='lat' dir='ltr'>primoque</span> <span class='ocrx_word' id='word_1_80' title='bbox 1194 849 1344 899; x_wconf 89' lang='lat' dir='ltr'>impetu</span> <span class='ocrx_word' id='word_1_81' title='bbox 1367 852 1546 887; x_wconf 89' lang='lat' dir='ltr'>avertere</span> <span class='ocrx_word' id='word_1_82' title='bbox 1567 849 1738 893; x_wconf 85' lang='lat' dir='ltr'>hostem;</span> 
     </span>
     <span class='ocr_line' id='line_1_11' title="bbox 312 916 1738 967; baseline -0.001 -14"><span class='ocrx_word' id='word_1_83' title='bbox 312 917 438 954; x_wconf 80' lang='lat' dir='ltr'>fusum</span> <span class='ocrx_word' id='word_1_84' title='bbox 470 916 563 953; x_wconf 89' lang='lat' dir='ltr'>inde</span> <span class='ocrx_word' id='word_1_85' title='bbox 595 916 644 953; x_wconf 87' lang='lat' dir='ltr'>ad</span> <span class='ocrx_word' id='word_1_86' title='bbox 675 917 866 967; x_wconf 90' lang='lat' dir='ltr'>oppidum</span> <span class='ocrx_word' id='word_1_87' title='bbox 896 917 1106 967; x_wconf 82' lang='lat' dir='ltr'>persecuti,</span> <span class='ocrx_word' id='word_1_88' title='bbox 1132 930 1253 967; x_wconf 93' lang='lat' dir='ltr'>quum</span> <span class='ocrx_word' id='word_1_89' title='bbox 1284 918 1362 955; x_wconf 88' lang='lat' dir='ltr'>iam</span> <span class='ocrx_word' id='word_1_90' title='bbox 1387 917 1512 955; x_wconf 87' lang='lat' dir='ltr'>scalas</span> <span class='ocrx_word' id='word_1_91' title='bbox 1544 916 1738 955; x_wconf 86' lang='lat' dir='ltr'>moenibus</span> 
     </span>
     <span class='ocr_line' id='line_1_12' title="bbox 312 982 1738 1036; baseline -0.001 -14"><span class='ocrx_word' id='word_1_92' title='bbox 312 985 578 1031; x_wconf 88' lang='lat' dir='ltr'>admoverent,</span> <span class='ocrx_word' id='word_1_93' title='bbox 608 985 650 1022; x_wconf 88' lang='lat' dir='ltr'>in</span> <span class='ocrx_word' id='word_1_94' title='bbox 681 984 924 1023; x_wconf 89' lang='lat' dir='ltr'>deditionem</span> <span class='ocrx_word' id='word_1_95' title='bbox 955 986 1092 1023; x_wconf 90' lang='lat' dir='ltr'>urbem</span> <span class='ocrx_word' id='word_1_96' title='bbox 1123 989 1372 1036; x_wconf 83' lang='lat' dir='ltr'>acceperunt.</span> <span class='ocrx_word' id='word_1_97' title='bbox 1416 984 1659 1035; x_wconf 81' lang='lat' dir='ltr'>Triumphus</span> <span class='ocrx_word' id='word_1_98' title='bbox 1690 982 1738 1022; x_wconf 87' lang='lat' dir='ltr'>de</span> 
     </span>
     <span class='ocr_line' id='line_1_13' title="bbox 273 1051 1740 1093; baseline -0.001 -3"><span class='ocrx_word' id='word_1_99' title='bbox 273 1055 294 1090; x_wconf 87' lang='lat'>7</span> <span class='ocrx_word' id='word_1_100' title='bbox 313 1053 618 1091; x_wconf 88' lang='lat' dir='ltr'>Privernatibus</span> <span class='ocrx_word' id='word_1_101' title='bbox 665 1057 786 1091; x_wconf 87' lang='lat' dir='ltr'>actus.</span> <span class='ocrx_word' id='word_1_102' title='bbox 859 1052 928 1091; x_wconf 93' lang='lat' dir='ltr'>Ab</span> <span class='ocrx_word' id='word_1_103' title='bbox 966 1054 1091 1092; x_wconf 87' lang='lat' dir='ltr'>altero</span> <span class='ocrx_word' id='word_1_104' title='bbox 1136 1055 1295 1093; x_wconf 89' lang='lat' dir='ltr'>consule</span> <span class='ocrx_word' id='word_1_105' title='bbox 1338 1054 1440 1092; x_wconf 89' lang='lat' dir='ltr'>nihil</span> <span class='ocrx_word' id='word_1_106' title='bbox 1485 1051 1740 1091; x_wconf 84' lang='lat' dir='ltr'>memorabile</span> 
     </span>
     <span class='ocr_line' id='line_1_14' title="bbox 254 1106 1738 1172; baseline -0.001 -14"><span class='ocrx_word' id='word_1_107' title='bbox 254 1106 260 1164; x_wconf 18' lang='grc' dir='ltr'>β’,</span> <span class='ocrx_word' id='word_1_108' title='bbox 311 1124 477 1171; x_wconf 86' lang='lat' dir='ltr'>gestum,</span> <span class='ocrx_word' id='word_1_109' title='bbox 507 1121 585 1158; x_wconf 89' lang='lat' dir='ltr'>nisi</span> <span class='ocrx_word' id='word_1_110' title='bbox 616 1121 723 1170; x_wconf 90' lang='lat' dir='ltr'>quod</span> <span class='ocrx_word' id='word_1_111' title='bbox 753 1121 879 1170; x_wconf 84' lang='lat' dir='ltr'>legem</span> <span class='ocrx_word' id='word_1_112' title='bbox 909 1135 1009 1159; x_wconf 88' lang='lat' dir='ltr'>novo</span> <span class='ocrx_word' id='word_1_113' title='bbox 1042 1122 1220 1172; x_wconf 83' lang='lat' dir='ltr'>exemplo</span> <span class='ocrx_word' id='word_1_114' title='bbox 1251 1122 1302 1159; x_wconf 87' lang='lat' dir='ltr'>ad</span> <span class='ocrx_word' id='word_1_115' title='bbox 1319 1119 1497 1159; x_wconf 90' lang='lat' dir='ltr'>Sutrium</span> <span class='ocrx_word' id='word_1_116' title='bbox 1528 1121 1569 1159; x_wconf 92' lang='lat' dir='ltr'>in</span> <span class='ocrx_word' id='word_1_117' title='bbox 1601 1120 1738 1158; x_wconf 88' lang='lat' dir='ltr'>castris</span> 
     </span>
     <span class='ocr_line' id='line_1_15' title="bbox 260 1187 1739 1240; baseline -0.001 -14"><span class='ocrx_word' id='word_1_118' title='bbox 260 1205 262 1211; x_wconf 62' lang='grc'>’</span> <span class='ocrx_word' id='word_1_119' title='bbox 310 1189 498 1227; x_wconf 87' lang='lat' dir='ltr'>tributim</span> <span class='ocrx_word' id='word_1_120' title='bbox 543 1189 592 1226; x_wconf 91' lang='lat' dir='ltr'>de</span> <span class='ocrx_word' id='word_1_121' title='bbox 635 1189 822 1227; x_wconf 84' lang='lat' dir='ltr'>vicesima</span> <span class='ocrx_word' id='word_1_122' title='bbox 867 1203 1019 1237; x_wconf 87' lang='lat' dir='ltr'>eorum,</span> <span class='ocrx_word' id='word_1_123' title='bbox 1071 1190 1139 1240; x_wconf 92' lang='lat' dir='ltr'>qui</span> <span class='ocrx_word' id='word_1_124' title='bbox 1191 1190 1583 1236; x_wconf 82' lang='lat' dir='ltr'>manumitterentur,</span> <span class='ocrx_word' id='word_1_125' title='bbox 1634 1187 1739 1226; x_wconf 90' lang='lat' dir='ltr'>tulit.</span> 
     </span>
     <span class='ocr_line' id='line_1_16' title="bbox 311 1255 1737 1308; baseline -0.001 -14"><span class='ocrx_word' id='word_1_126' title='bbox 311 1257 464 1304; x_wconf 86' lang='lat' dir='ltr'>Patres,</span> <span class='ocrx_word' id='word_1_127' title='bbox 495 1257 589 1307; x_wconf 91' lang='lat' dir='ltr'>quia</span> <span class='ocrx_word' id='word_1_128' title='bbox 613 1271 657 1294; x_wconf 91' lang='lat' dir='ltr'>ea</span> <span class='ocrx_word' id='word_1_129' title='bbox 687 1257 773 1306; x_wconf 86' lang='lat' dir='ltr'>lege</span> <span class='ocrx_word' id='word_1_130' title='bbox 803 1257 909 1295; x_wconf 89' lang='lat' dir='ltr'>haud</span> <span class='ocrx_word' id='word_1_131' title='bbox 933 1271 1100 1308; x_wconf 80' lang='lat' dir='ltr'>parvum</span> <span class='ocrx_word' id='word_1_132' title='bbox 1124 1259 1297 1308; x_wconf 80' lang='lat' dir='ltr'>vectigal</span> <span class='ocrx_word' id='word_1_133' title='bbox 1328 1258 1440 1308; x_wconf 88' lang='lat' dir='ltr'>inopi</span> <span class='ocrx_word' id='word_1_134' title='bbox 1463 1257 1602 1295; x_wconf 87' lang='lat' dir='ltr'>aerario</span> <span class='ocrx_word' id='word_1_135' title='bbox 1627 1255 1737 1294; x_wconf 87' lang='lat' dir='ltr'>addi-</span> 
     </span>
     <span class='ocr_line' id='line_1_17' title="bbox 270 1326 1737 1377; baseline -0.001 -15"><span class='ocrx_word' id='word_1_136' title='bbox 270 1326 294 1362; x_wconf 83' lang='lat'>8</span> <span class='ocrx_word' id='word_1_137' title='bbox 312 1329 396 1363; x_wconf 90' lang='lat' dir='ltr'>tum</span> <span class='ocrx_word' id='word_1_138' title='bbox 427 1328 538 1371; x_wconf 89' lang='lat' dir='ltr'>esset,</span> <span class='ocrx_word' id='word_1_139' title='bbox 570 1328 749 1363; x_wconf 86' lang='lat' dir='ltr'>auctores</span> <span class='ocrx_word' id='word_1_140' title='bbox 779 1326 954 1372; x_wconf 78' lang='lat' dir='ltr'>fuerunt3</span> <span class='ocrx_word' id='word_1_141' title='bbox 987 1329 1159 1363; x_wconf 87' lang='lat' dir='ltr'>ceterum</span> <span class='ocrx_word' id='word_1_142' title='bbox 1188 1327 1345 1364; x_wconf 86' lang='lat' dir='ltr'>tribuni</span> <span class='ocrx_word' id='word_1_143' title='bbox 1376 1326 1518 1377; x_wconf 89' lang='lat' dir='ltr'>plebis,</span> <span class='ocrx_word' id='word_1_144' title='bbox 1549 1338 1628 1362; x_wconf 88' lang='lat' dir='ltr'>non</span> <span class='ocrx_word' id='word_1_145' title='bbox 1656 1327 1737 1361; x_wconf 87' lang='lat' dir='ltr'>tam</span> 
     </span>
     <span class='ocr_line' id='line_1_18' title="bbox 309 1393 1736 1445; baseline -0.001 -14"><span class='ocrx_word' id='word_1_146' title='bbox 309 1395 395 1444; x_wconf 86' lang='lat' dir='ltr'>lege</span> <span class='ocrx_word' id='word_1_147' title='bbox 426 1407 544 1443; x_wconf 90' lang='lat' dir='ltr'>quam</span> <span class='ocrx_word' id='word_1_148' title='bbox 574 1393 755 1443; x_wconf 85' lang='lat' dir='ltr'>exemplo</span> <span class='ocrx_word' id='word_1_149' title='bbox 785 1394 901 1442; x_wconf 90' lang='lat' dir='ltr'>moti,</span> <span class='ocrx_word' id='word_1_150' title='bbox 931 1408 980 1432; x_wconf 91' lang='lat' dir='ltr'>ne</span> <span class='ocrx_word' id='word_1_151' title='bbox 1012 1395 1101 1444; x_wconf 90' lang='lat' dir='ltr'>quis</span> <span class='ocrx_word' id='word_1_152' title='bbox 1131 1398 1268 1445; x_wconf 87' lang='lat' dir='ltr'>postea</span> <span class='ocrx_word' id='word_1_153' title='bbox 1297 1394 1487 1445; x_wconf 88' lang='lat' dir='ltr'>populum</span> <span class='ocrx_word' id='word_1_154' title='bbox 1523 1395 1736 1437; x_wconf 83' lang='lat' dir='ltr'>sevocaret,</span> 
     </span>
     <span class='ocr_line' id='line_1_19' title="bbox 311 1461 1736 1513; baseline -0.001 -13"><span class='ocrx_word' id='word_1_155' title='bbox 311 1462 440 1512; x_wconf 89' lang='lat' dir='ltr'>capite</span> <span class='ocrx_word' id='word_1_156' title='bbox 471 1465 702 1499; x_wconf 81' lang='lat' dir='ltr'>sanxerunt:</span> <span class='ocrx_word' id='word_1_157' title='bbox 740 1461 841 1499; x_wconf 90' lang='lat' dir='ltr'>nihil</span> <span class='ocrx_word' id='word_1_158' title='bbox 873 1462 975 1499; x_wconf 88' lang='lat' dir='ltr'>enim</span> <span class='ocrx_word' id='word_1_159' title='bbox 1005 1476 1084 1500; x_wconf 88' lang='lat' dir='ltr'>non</span> <span class='ocrx_word' id='word_1_160' title='bbox 1114 1476 1186 1513; x_wconf 89' lang='lat' dir='ltr'>per</span> <span class='ocrx_word' id='word_1_161' title='bbox 1216 1462 1364 1500; x_wconf 88' lang='lat' dir='ltr'>milites</span> <span class='ocrx_word' id='word_1_162' title='bbox 1395 1462 1546 1500; x_wconf 89' lang='lat' dir='ltr'>iuratos</span> <span class='ocrx_word' id='word_1_163' title='bbox 1575 1461 1617 1498; x_wconf 91' lang='lat' dir='ltr'>in</span> <span class='ocrx_word' id='word_1_164' title='bbox 1647 1473 1736 1498; x_wconf 84' lang='lat' dir='ltr'>con-</span> 
     </span>
     <span class='ocr_line' id='line_1_20' title="bbox 309 1528 1737 1581; baseline -0.001 -13"><span class='ocrx_word' id='word_1_165' title='bbox 309 1531 408 1568; x_wconf 89' lang='lat' dir='ltr'>sulis</span> <span class='ocrx_word' id='word_1_166' title='bbox 436 1530 579 1576; x_wconf 86' lang='lat' dir='ltr'>verba,</span> <span class='ocrx_word' id='word_1_167' title='bbox 620 1530 798 1579; x_wconf 86' lang='lat' dir='ltr'>quamvis</span> <span class='ocrx_word' id='word_1_168' title='bbox 829 1531 1097 1580; x_wconf 88' lang='lat' dir='ltr'>perniciosum</span> <span class='ocrx_word' id='word_1_169' title='bbox 1128 1530 1297 1581; x_wconf 91' lang='lat' dir='ltr'>populo,</span> <span class='ocrx_word' id='word_1_170' title='bbox 1328 1530 1362 1567; x_wconf 91' lang='lat' dir='ltr'>si</span> <span class='ocrx_word' id='word_1_171' title='bbox 1392 1529 1434 1567; x_wconf 85' lang='lat' dir='ltr'>id</span> <span class='ocrx_word' id='word_1_172' title='bbox 1464 1530 1613 1576; x_wconf 89' lang='lat' dir='ltr'>liceret,</span> <span class='ocrx_word' id='word_1_173' title='bbox 1643 1528 1737 1566; x_wconf 89' lang='lat' dir='ltr'>ferri</span> 
     </span>
     <span class='ocr_line' id='line_1_21' title="bbox 271 1596 1737 1649; baseline 0 -15"><span class='ocrx_word' id='word_1_174' title='bbox 271 1599 292 1634; x_wconf 88' lang='lat'>9</span> <span class='ocrx_word' id='word_1_175' title='bbox 311 1612 435 1649; x_wconf 86' lang='lat' dir='ltr'>posse.</span> <span class='ocrx_word' id='word_1_176' title='bbox 493 1596 645 1635; x_wconf 82' lang='lat' dir='ltr'>Eodem</span> <span class='ocrx_word' id='word_1_177' title='bbox 676 1611 777 1636; x_wconf 90' lang='lat' dir='ltr'>anno</span> <span class='ocrx_word' id='word_1_178' title='bbox 811 1598 852 1636; x_wconf 87' lang='lat' dir='ltr'>C.</span> <span class='ocrx_word' id='word_1_179' title='bbox 877 1598 1059 1636; x_wconf 88' lang='lat' dir='ltr'>Licinius</span> <span class='ocrx_word' id='word_1_180' title='bbox 1090 1597 1202 1636; x_wconf 84' lang='lat' dir='ltr'>Stolo</span> <span class='ocrx_word' id='word_1_181' title='bbox 1233 1612 1256 1636; x_wconf 89' lang='lat' dir='ltr'>a</span> <span class='ocrx_word' id='word_1_182' title='bbox 1284 1597 1340 1635; x_wconf 89' lang='lat' dir='ltr'>M.</span> <span class='ocrx_word' id='word_1_183' title='bbox 1366 1597 1544 1648; x_wconf 90' lang='lat' dir='ltr'>Popillio</span> <span class='ocrx_word' id='word_1_184' title='bbox 1574 1596 1737 1634; x_wconf 80' lang='lat' dir='ltr'>Laenate</span> 
     </span>
     <span class='ocr_line' id='line_1_22' title="bbox 309 1664 1735 1715; baseline -0.003 -10"><span class='ocrx_word' id='word_1_185' title='bbox 309 1680 380 1705; x_wconf 86' lang='lat' dir='ltr'>sua</span> <span class='ocrx_word' id='word_1_186' title='bbox 409 1667 498 1714; x_wconf 87' lang='lat' dir='ltr'>lege</span> <span class='ocrx_word' id='word_1_187' title='bbox 529 1665 662 1702; x_wconf 89' lang='lat' dir='ltr'>decem</span> <span class='ocrx_word' id='word_1_188' title='bbox 693 1666 870 1704; x_wconf 88' lang='lat' dir='ltr'>millibus</span> <span class='ocrx_word' id='word_1_189' title='bbox 902 1667 990 1704; x_wconf 88' lang='lat' dir='ltr'>aeris</span> <span class='ocrx_word' id='word_1_190' title='bbox 1021 1670 1080 1703; x_wconf 87' lang='lat' dir='ltr'>est</span> <span class='ocrx_word' id='word_1_191' title='bbox 1110 1667 1330 1712; x_wconf 74' lang='lat' dir='ltr'>damnatus,</span> <span class='ocrx_word' id='word_1_192' title='bbox 1361 1665 1468 1715; x_wconf 90' lang='lat' dir='ltr'>quod</span> <span class='ocrx_word' id='word_1_193' title='bbox 1491 1664 1598 1702; x_wconf 86' lang='lat' dir='ltr'>mille</span> <span class='ocrx_word' id='word_1_194' title='bbox 1628 1664 1735 1713; x_wconf 86' lang='lat' dir='ltr'>iuge-</span> 
     </span>
     <span class='ocr_line' id='line_1_23' title="bbox 309 1732 1737 1784; baseline -0.003 -11"><span class='ocrx_word' id='word_1_195' title='bbox 309 1749 393 1773; x_wconf 91' lang='lat' dir='ltr'>rum</span> <span class='ocrx_word' id='word_1_196' title='bbox 418 1734 506 1783; x_wconf 86' lang='lat' dir='ltr'>agri</span> <span class='ocrx_word' id='word_1_197' title='bbox 533 1746 621 1771; x_wconf 91' lang='lat' dir='ltr'>cum</span> <span class='ocrx_word' id='word_1_198' title='bbox 643 1733 727 1771; x_wconf 89' lang='lat' dir='ltr'>filio</span> <span class='ocrx_word' id='word_1_199' title='bbox 751 1734 983 1784; x_wconf 83' lang='lat' dir='ltr'>possideret,</span> <span class='ocrx_word' id='word_1_200' title='bbox 1016 1734 1381 1784; x_wconf 85' lang='lat' dir='ltr'>emancipandoque</span> <span class='ocrx_word' id='word_1_201' title='bbox 1406 1733 1532 1771; x_wconf 89' lang='lat' dir='ltr'>filium</span> <span class='ocrx_word' id='word_1_202' title='bbox 1556 1732 1737 1770; x_wconf 89' lang='lat' dir='ltr'>fraudem</span> 
     </span>
     <span class='ocr_line' id='line_1_24' title="bbox 308 1802 586 1853; baseline -0.007 -13"><span class='ocrx_word' id='word_1_203' title='bbox 308 1803 390 1853; x_wconf 88' lang='lat' dir='ltr'>legi</span> <span class='ocrx_word' id='word_1_204' title='bbox 418 1802 586 1840; x_wconf 84' lang='lat' dir='ltr'>fecisset.</span> 
     </span>
     <span class='ocr_line' id='line_1_25' title="bbox 181 1866 1735 1919; baseline -0.002 -11"><span class='ocrx_word' id='word_1_205' title='bbox 181 1866 232 1913; x_wconf 78' lang='grc'>17</span> <span class='ocrx_word' id='word_1_206' title='bbox 419 1870 524 1908; x_wconf 73' lang='lat' dir='ltr'>Novi</span> <span class='ocrx_word' id='word_1_207' title='bbox 555 1870 736 1908; x_wconf 83' lang='lat' dir='ltr'>consules</span> <span class='ocrx_word' id='word_1_208' title='bbox 768 1871 878 1919; x_wconf 89' lang='lat' dir='ltr'>inde,</span> <span class='ocrx_word' id='word_1_209' title='bbox 917 1870 972 1908; x_wconf 93' lang='lat' dir='ltr'>M.</span> <span class='ocrx_word' id='word_1_210' title='bbox 1004 1870 1155 1908; x_wconf 86' lang='lat' dir='ltr'>Fabius</span> <span class='ocrx_word' id='word_1_211' title='bbox 1187 1870 1407 1908; x_wconf 90' lang='lat' dir='ltr'>Ambustus</span> <span class='ocrx_word' id='word_1_212' title='bbox 1439 1870 1582 1908; x_wconf 90' lang='lat' dir='ltr'>iterum</span> <span class='ocrx_word' id='word_1_213' title='bbox 1613 1871 1653 1906; x_wconf 90' lang='lat' dir='ltr'>et</span> <span class='ocrx_word' id='word_1_214' title='bbox 1681 1868 1735 1906; x_wconf 90' lang='lat' dir='ltr'>M.</span> 
     </span>
     <span class='ocr_line' id='line_1_26' title="bbox 103 1926 1735 1988; baseline -0.001 -12"><span class='ocrx_word' id='word_1_215' title='bbox 103 1926 287 1985; x_wconf 47' lang='lat' dir='ltr'>stssbffi&#39;igg]</span> <span class='ocrx_word' id='word_1_216' title='bbox 306 1938 510 1988; x_wconf 86' lang='lat' dir='ltr'>Popillius</span> <span class='ocrx_word' id='word_1_217' title='bbox 540 1937 683 1976; x_wconf 81' lang='lat' dir='ltr'>Laenas</span> <span class='ocrx_word' id='word_1_218' title='bbox 714 1939 875 1985; x_wconf 90' lang='lat' dir='ltr'>iterum,</span> <span class='ocrx_word' id='word_1_219' title='bbox 921 1938 999 1977; x_wconf 90' lang='lat' dir='ltr'>duo</span> <span class='ocrx_word' id='word_1_220' title='bbox 1030 1938 1137 1976; x_wconf 88' lang='lat' dir='ltr'>bella</span> <span class='ocrx_word' id='word_1_221' title='bbox 1174 1938 1367 1985; x_wconf 89' lang='lat' dir='ltr'>habuere,</span> <span class='ocrx_word' id='word_1_222' title='bbox 1412 1938 1529 1976; x_wconf 86' lang='lat' dir='ltr'>facile</span> <span class='ocrx_word' id='word_1_223' title='bbox 1568 1937 1735 1975; x_wconf 86' lang='lat' dir='ltr'>alterum</span> 
     </span>
     <span class='ocr_line' id='line_1_27' title="bbox 267 2006 1734 2057; baseline 0.001 -15"><span class='ocrx_word' id='word_1_224' title='bbox 267 2007 289 2042; x_wconf 73' lang='lat'><strong>2</strong></span> <span class='ocrx_word' id='word_1_225' title='bbox 310 2020 395 2044; x_wconf 89' lang='lat' dir='ltr'>cum</span> <span class='ocrx_word' id='word_1_226' title='bbox 412 2006 661 2053; x_wconf 86' lang='lat' dir='ltr'>Tiburtibus,</span> <span class='ocrx_word' id='word_1_227' title='bbox 692 2006 798 2056; x_wconf 86' lang='lat' dir='ltr'>quod</span> <span class='ocrx_word' id='word_1_228' title='bbox 824 2006 965 2045; x_wconf 86' lang='lat' dir='ltr'>Laenas</span> <span class='ocrx_word' id='word_1_229' title='bbox 988 2007 1120 2056; x_wconf 85' lang='lat' dir='ltr'>gessit,</span> <span class='ocrx_word' id='word_1_230' title='bbox 1153 2007 1232 2057; x_wconf 91' lang='lat' dir='ltr'>qui,</span> <span class='ocrx_word' id='word_1_231' title='bbox 1263 2007 1375 2044; x_wconf 89' lang='lat' dir='ltr'>hoste</span> <span class='ocrx_word' id='word_1_232' title='bbox 1406 2006 1447 2043; x_wconf 91' lang='lat' dir='ltr'>in</span> <span class='ocrx_word' id='word_1_233' title='bbox 1470 2006 1608 2044; x_wconf 80' lang='lat' dir='ltr'>urbem</span> <span class='ocrx_word' id='word_1_234' title='bbox 1633 2018 1734 2043; x_wconf 88' lang='lat' dir='ltr'>com-</span> 
     </span>
     <span class='ocr_line' id='line_1_28' title="bbox 308 2074 1735 2125; baseline -0.001 -14"><span class='ocrx_word' id='word_1_235' title='bbox 308 2075 433 2124; x_wconf 84' lang='lat' dir='ltr'>pulso,</span> <span class='ocrx_word' id='word_1_236' title='bbox 465 2087 580 2123; x_wconf 83' lang='lat' dir='ltr'>agros</span> <span class='ocrx_word' id='word_1_237' title='bbox 611 2075 804 2121; x_wconf 79' lang='lat' dir='ltr'>vastavit3</span> <span class='ocrx_word' id='word_1_238' title='bbox 842 2075 991 2113; x_wconf 85' lang='lat' dir='ltr'>Falisci</span> <span class='ocrx_word' id='word_1_239' title='bbox 1022 2074 1409 2125; x_wconf 86' lang='lat' dir='ltr'>Tarquiniensesque</span> <span class='ocrx_word' id='word_1_240' title='bbox 1446 2074 1615 2112; x_wconf 91' lang='lat' dir='ltr'>alterum</span> <span class='ocrx_word' id='word_1_241' title='bbox 1645 2085 1735 2111; x_wconf 89' lang='lat' dir='ltr'>con·</span> 
     </span>
     <span class='ocr_line' id='line_1_29' title="bbox 269 2139 1737 2192; baseline -0.001 -13"><span class='ocrx_word' id='word_1_242' title='bbox 269 2142 291 2178; x_wconf 88' lang='lat'><strong>3</strong></span> <span class='ocrx_word' id='word_1_243' title='bbox 309 2143 433 2179; x_wconf 85' lang='lat' dir='ltr'>sulem</span> <span class='ocrx_word' id='word_1_244' title='bbox 458 2142 585 2192; x_wconf 89' lang='lat' dir='ltr'>prima</span> <span class='ocrx_word' id='word_1_245' title='bbox 609 2155 741 2191; x_wconf 87' lang='lat' dir='ltr'>pugna</span> <span class='ocrx_word' id='word_1_246' title='bbox 766 2143 964 2181; x_wconf 90' lang='lat' dir='ltr'>fuderunt.</span> <span class='ocrx_word' id='word_1_247' title='bbox 1016 2142 1118 2181; x_wconf 89' lang='lat' dir='ltr'>Inde</span> <span class='ocrx_word' id='word_1_248' title='bbox 1142 2147 1272 2182; x_wconf 86' lang='lat' dir='ltr'>terror</span> <span class='ocrx_word' id='word_1_249' title='bbox 1295 2143 1488 2182; x_wconf 80' lang='lat' dir='ltr'>maximus</span> <span class='ocrx_word' id='word_1_250' title='bbox 1511 2141 1599 2188; x_wconf 89' lang='lat' dir='ltr'>fuit,</span> <span class='ocrx_word' id='word_1_251' title='bbox 1629 2139 1737 2191; x_wconf 89' lang='lat' dir='ltr'>quod</span> 
     </span>
     <span class='ocr_line' id='line_1_30' title="bbox 307 2207 1736 2261; baseline -0.002 -13"><span class='ocrx_word' id='word_1_252' title='bbox 307 2209 531 2248; x_wconf 88' lang='lat' dir='ltr'>sacerdotes</span> <span class='ocrx_word' id='word_1_253' title='bbox 570 2223 722 2257; x_wconf 90' lang='lat' dir='ltr'>eorum,</span> <span class='ocrx_word' id='word_1_254' title='bbox 767 2211 921 2249; x_wconf 85' lang='lat' dir='ltr'>facibus</span> <span class='ocrx_word' id='word_1_255' title='bbox 961 2211 1193 2250; x_wconf 86' lang='lat' dir='ltr'>ardentibus</span> <span class='ocrx_word' id='word_1_256' title='bbox 1233 2211 1512 2261; x_wconf 87' lang='lat' dir='ltr'>anguibusque</span> <span class='ocrx_word' id='word_1_257' title='bbox 1548 2207 1736 2260; x_wconf 86' lang='lat' dir='ltr'>praelatis,</span> 
     </span>
     <span class='ocr_line' id='line_1_31' title="bbox 307 2276 1735 2328; baseline -0.001 -12"><span class='ocrx_word' id='word_1_258' title='bbox 307 2279 462 2316; x_wconf 87' lang='lat' dir='ltr'>incessu</span> <span class='ocrx_word' id='word_1_259' title='bbox 492 2278 629 2315; x_wconf 86' lang='lat' dir='ltr'>furiali</span> <span class='ocrx_word' id='word_1_260' title='bbox 659 2279 825 2317; x_wconf 85' lang='lat' dir='ltr'>militem</span> <span class='ocrx_word' id='word_1_261' title='bbox 855 2280 1078 2318; x_wconf 82' lang='lat' dir='ltr'>Romanum</span> <span class='ocrx_word' id='word_1_262' title='bbox 1110 2280 1266 2317; x_wconf 87' lang='lat' dir='ltr'>insueta</span> <span class='ocrx_word' id='word_1_263' title='bbox 1302 2279 1566 2317; x_wconf 86' lang='lat' dir='ltr'>turbaverunt</span> <span class='ocrx_word' id='word_1_264' title='bbox 1595 2276 1735 2328; x_wconf 87' lang='lat' dir='ltr'>specie.</span> 
     </span>
     <span class='ocr_line' id='line_1_32' title="bbox 305 2344 1735 2398; baseline -0.001 -15"><span class='ocrx_word' id='word_1_265' title='bbox 305 2345 360 2384; x_wconf 88' lang='lat' dir='ltr'>Et</span> <span class='ocrx_word' id='word_1_266' title='bbox 389 2350 475 2384; x_wconf 88' lang='lat' dir='ltr'>tum</span> <span class='ocrx_word' id='word_1_267' title='bbox 513 2346 673 2396; x_wconf 90' lang='lat' dir='ltr'>quidem</span> <span class='ocrx_word' id='word_1_268' title='bbox 710 2347 818 2384; x_wconf 89' lang='lat' dir='ltr'>velut</span> <span class='ocrx_word' id='word_1_269' title='bbox 856 2348 1052 2398; x_wconf 84' lang='lat' dir='ltr'>lymphati</span> <span class='ocrx_word' id='word_1_270' title='bbox 1090 2351 1128 2386; x_wconf 88' lang='lat' dir='ltr'>et</span> <span class='ocrx_word' id='word_1_271' title='bbox 1165 2347 1327 2385; x_wconf 83' lang='lat' dir='ltr'>attoniti</span> <span class='ocrx_word' id='word_1_272' title='bbox 1363 2345 1617 2384; x_wconf 87' lang='lat' dir='ltr'>munimentis</span> <span class='ocrx_word' id='word_1_273' title='bbox 1655 2344 1735 2382; x_wconf 85' lang='lat' dir='ltr'>suis</span> 
     </span>
     <span class='ocr_line' id='line_1_33' title="bbox 272 2413 1734 2465; baseline -0.003 -13"><span class='ocrx_word' id='word_1_274' title='bbox 272 2414 475 2465; x_wconf 85' lang='lat' dir='ltr'>4trepido</span> <span class='ocrx_word' id='word_1_275' title='bbox 505 2415 664 2465; x_wconf 85' lang='lat' dir='ltr'>agmine</span> <span class='ocrx_word' id='word_1_276' title='bbox 694 2415 941 2462; x_wconf 90' lang='lat' dir='ltr'>inciderunt;</span> <span class='ocrx_word' id='word_1_277' title='bbox 981 2415 1144 2462; x_wconf 89' lang='lat' dir='ltr'>deinde,</span> <span class='ocrx_word' id='word_1_278' title='bbox 1180 2416 1251 2453; x_wconf 88' lang='lat' dir='ltr'>ubi</span> <span class='ocrx_word' id='word_1_279' title='bbox 1287 2415 1423 2453; x_wconf 91' lang='lat' dir='ltr'>consul</span> <span class='ocrx_word' id='word_1_280' title='bbox 1458 2413 1660 2463; x_wconf 85' lang='lat' dir='ltr'>legatique</span> <span class='ocrx_word' id='word_1_281' title='bbox 1689 2425 1734 2449; x_wconf 85' lang='lat' dir='ltr'>ac</span> 
     </span>
     <span class='ocr_line' id='line_1_34' title="bbox 303 2480 1733 2534; baseline -0.002 -14"><span class='ocrx_word' id='word_1_282' title='bbox 303 2483 457 2521; x_wconf 89' lang='lat' dir='ltr'>tribuni</span> <span class='ocrx_word' id='word_1_283' title='bbox 479 2497 694 2534; x_wconf 83' lang='lat' dir='ltr'>puerorum</span> <span class='ocrx_word' id='word_1_284' title='bbox 716 2483 797 2520; x_wconf 91' lang='lat' dir='ltr'>ritu</span> <span class='ocrx_word' id='word_1_285' title='bbox 813 2497 913 2521; x_wconf 84' lang='lat' dir='ltr'>vana</span> <span class='ocrx_word' id='word_1_286' title='bbox 936 2484 1129 2522; x_wconf 88' lang='lat' dir='ltr'>miracula</span> <span class='ocrx_word' id='word_1_287' title='bbox 1153 2487 1340 2534; x_wconf 86' lang='lat' dir='ltr'>paventes</span> <span class='ocrx_word' id='word_1_288' title='bbox 1363 2482 1588 2520; x_wconf 87' lang='lat' dir='ltr'>irridebant</span> <span class='ocrx_word' id='word_1_289' title='bbox 1610 2480 1733 2518; x_wconf 88' lang='lat' dir='ltr'>incre-</span> 
     </span>
     <span class='ocr_line' id='line_1_35' title="bbox 306 2548 1733 2602; baseline -0.003 -13"><span class='ocrx_word' id='word_1_290' title='bbox 306 2552 556 2601; x_wconf 86' lang='lat' dir='ltr'>pabantque,</span> <span class='ocrx_word' id='word_1_291' title='bbox 586 2551 710 2589; x_wconf 81' lang='lat' dir='ltr'>vertit</span> <span class='ocrx_word' id='word_1_292' title='bbox 739 2551 891 2589; x_wconf 89' lang='lat' dir='ltr'>animos</span> <span class='ocrx_word' id='word_1_293' title='bbox 921 2555 1084 2602; x_wconf 87' lang='lat' dir='ltr'>repente</span> <span class='ocrx_word' id='word_1_294' title='bbox 1114 2551 1263 2602; x_wconf 87' lang='lat' dir='ltr'>pudor,</span> <span class='ocrx_word' id='word_1_295' title='bbox 1294 2555 1333 2589; x_wconf 89' lang='lat' dir='ltr'>et</span> <span class='ocrx_word' id='word_1_296' title='bbox 1361 2551 1403 2589; x_wconf 88' lang='lat' dir='ltr'>in</span> <span class='ocrx_word' id='word_1_297' title='bbox 1432 2564 1476 2588; x_wconf 85' lang='lat' dir='ltr'>ea</span> <span class='ocrx_word' id='word_1_298' title='bbox 1508 2548 1613 2598; x_wconf 89' lang='lat' dir='ltr'>ipsa,</span> <span class='ocrx_word' id='word_1_299' title='bbox 1646 2561 1733 2598; x_wconf 87' lang='lat' dir='ltr'>quae</span> 
     </span>
    </p>
   </div>
   <div class='ocr_carea' id='block_1_3' title="bbox 269 2618 1733 2669">
    <p class='ocr_par' dir='ltr' id='par_1_3' title="bbox 269 2618 1733 2669">
     <span class='ocr_line' id='line_1_36' title="bbox 269 2618 1733 2669; baseline -0.001 -14"><span class='ocrx_word' id='word_1_300' title='bbox 269 2618 290 2655; x_wconf 87' lang='lat'>5</span> <span class='ocrx_word' id='word_1_301' title='bbox 310 2619 505 2669; x_wconf 86' lang='lat' dir='ltr'>fugerant,</span> <span class='ocrx_word' id='word_1_302' title='bbox 535 2619 645 2658; x_wconf 80' lang='lat' dir='ltr'>velut</span> <span class='ocrx_word' id='word_1_303' title='bbox 675 2619 768 2656; x_wconf 88' lang='lat' dir='ltr'>caeci</span> <span class='ocrx_word' id='word_1_304' title='bbox 798 2618 978 2657; x_wconf 86' lang='lat' dir='ltr'>ruebant.</span> <span class='ocrx_word' id='word_1_305' title='bbox 1038 2619 1230 2657; x_wconf 90' lang='lat' dir='ltr'>Discusso</span> <span class='ocrx_word' id='word_1_306' title='bbox 1253 2619 1388 2669; x_wconf 88' lang='lat' dir='ltr'>itaque</span> <span class='ocrx_word' id='word_1_307' title='bbox 1413 2631 1513 2656; x_wconf 86' lang='lat' dir='ltr'>vano</span> <span class='ocrx_word' id='word_1_308' title='bbox 1539 2620 1733 2667; x_wconf 87' lang='lat' dir='ltr'>apparatu</span> 
     </span>
    </p>
   </div>
  </div>
 </body>
</html>
