1821 2928
392 201 471 237 188
796 211 885 236 Liber
902 211 955 236 Ix.
992 210 1040 239 (A.
1059 218 1088 236 u.
1106 218 1131 236 c.
1150 211 1304 241 444-446.)

267 325 318 361 14
335 324 438 371 dum,
468 330 552 362 tum
584 325 679 374 fuga
710 325 759 362 ab
791 323 1037 362 Samnitibus
1068 328 1207 374 coepta.
1276 325 1362 363 Iam
1393 328 1525 374 strage
1554 325 1759 364 hominum

333 406 607 442 armorumque
639 393 858 442 insignium
891 393 1019 443 campi
1050 393 1215 442 repleri;
1247 406 1290 430 ac
1314 393 1442 443 primo
1465 393 1631 443 pavidos
1647 392 1763 432 Sam-¹

332 460 435 497 nites
467 465 595 498 castra
612 474 682 498 sua
705 475 902 511 accepere,
934 461 1076 499 deinde
1106 475 1154 498 ne
1180 474 1225 498 ea
1241 461 1401 511 quidem
1426 465 1598 508 retenta3
1629 462 1761 512 captis

267 529 317 565 15
336 529 584 578 direptisque
615 533 706 566 ante
736 534 890 567 noctem
922 530 1093 567 iniectus
1125 529 1242 579 ignis.
1300 530 1490 568 Dictator
1521 543 1568 566 ex
1599 532 1758 567 senatus

333 598 513 635 consulto
544 597 820 646 triumphavit,
852 598 961 635 cuius
990 598 1194 647 triumpho
1217 597 1336 647 longe
1361 598 1572 635 maximam
1588 597 1758 647 speciem

270 666 317 702 16
337 665 495 714 captiva
539 671 646 702 arma
689 666 907 715 praebuere.
981 665 1153 704 Tantum
1196 666 1503 714 magnificentiae
1547 666 1676 704 visum
1715 665 1757 716 in

333 732 394 779 iis,
438 737 483 769 ut
513 736 650 770 aurata
680 738 789 771 scuta
820 734 993 771 dominis
1031 734 1346 783 argentariarum
1376 735 1427 772 ad
1456 734 1585 771 forum
1616 746 1758 772 ornan-

336 800 429 837 dum
461 800 746 838 dividerentur.
807 801 907 839 Inde
938 806 1074 839 natum
1113 802 1274 839 initium
1306 802 1452 839 dicitur
1481 802 1557 840 fori
1587 801 1757 843 ornandi

269 870 317 905 17
336 870 385 907 ab
418 869 617 915 aedilibus.
651 883 769 918 quum
800 875 921 906 tensae
953 870 1202 908 ducerentur.
1262 871 1316 909 Et
1330 870 1501 908 Romani
1531 869 1691 919 quidem
1707 869 1757 907 ad

332 937 518 975 honorem
551 938 666 974 deum
699 938 924 987 insignibus
955 938 1073 975 armis
1104 938 1278 976 hostium
1318 938 1381 975 usi
1421 942 1528 985 sunt3
1567 937 1760 987 Campani

333 1005 383 1043 ab
415 1005 603 1055 superbia
635 1009 674 1042 et
705 1006 794 1042 odio
812 1004 1051 1043 Samnitium
1074 1006 1328 1055 gladiatores,
1360 1005 1466 1056 quod
1489 1006 1758 1056 spectaculum

332 1073 437 1111 inter
468 1074 604 1122 epulas
636 1077 732 1120 erat,
765 1087 808 1110 eo
841 1078 982 1111 ornatu
1021 1078 1226 1112 armarunt
1256 1072 1570 1124 Samnitiumque
1599 1073 1759 1111 nomine

335 1141 633 1191 compellarunt.

267 1210 316 1246 18
447 1209 597 1246 Eodem
643 1223 744 1247 anno
792 1224 879 1247 cum
922 1211 1107 1260 reliquiis
1151 1210 1408 1248 Etruscorum
1452 1210 1501 1247 ad
1539 1209 1760 1256 Perusiam,

333 1291 420 1326 quae
463 1282 500 1315 et
540 1278 629 1327 ipsa
665 1278 910 1316 indutiarum
948 1278 1066 1315 fidem
1103 1282 1284 1328 ruperat,
1329 1277 1482 1316 Fabius
1519 1277 1656 1314 consul
1685 1289 1757 1314 nec

264 1347 312 1382 19
332 1345 456 1382 dubia
485 1359 557 1382 nec
589 1345 748 1383 difficili
779 1346 950 1383 victoria
980 1346 1155 1383 dimicat.
1214 1346 1349 1396 Ipsum
1368 1346 1558 1396 oppidum
1583 1346 1690 1393 (nam
1707 1345 1757 1382 ad

334 1413 481 1450 moenia
510 1413 640 1450 victor
672 1415 853 1463 accessit)
886 1415 1065 1464 cepisset,
1097 1415 1140 1451 ni
1170 1415 1295 1463 legati
1327 1414 1512 1451 dedentes
1541 1413 1680 1451 urbem
1697 1426 1762 1450 ex-

266 1483 319 1518 20
337 1480 471 1519 issent.
530 1482 727 1519 Praesidio
753 1483 931 1520 Perusiae
963 1483 1162 1532 imposito,
1193 1482 1459 1531 legationibus
1475 1481 1648 1519 Etruriae
1665 1481 1761 1522 ami-

300 1590 304 1593 >
333 1549 467 1586 citiam
497 1550 726 1598 petentibus
757 1564 840 1600 prae
872 1564 911 1588 se
942 1551 1111 1589 Romam
1142 1550 1191 1588 ad
1223 1555 1401 1588 senatum
1438 1550 1586 1597 missis,
1623 1549 1761 1586 consul

334 1618 611 1666 praestantiore
643 1619 761 1656 etiam
792 1633 910 1668 quam
942 1619 1114 1657 dictator
1142 1619 1313 1657 victoria
1341 1618 1593 1668 triumphans
1622 1617 1760 1655 urbem

269 1685 319 1721 21
342 1689 400 1721 est
430 1685 626 1731 invectus-‚3
658 1687 758 1735 quin
787 1688 905 1724 etiam
937 1687 1183 1725 devictorum
1201 1686 1440 1724 Samnitium
1471 1687 1590 1723 decus
1618 1698 1763 1734 magna

338 1766 384 1789 ex
415 1757 528 1802 parte
560 1754 609 1791 ad
641 1755 805 1803 legatos,
836 1755 881 1792 P.
914 1755 1083 1792 Decium
1115 1758 1154 1791 et
1183 1755 1238 1791 M.
1258 1754 1474 1800 Valerium,
1505 1758 1565 1791 est
1592 1766 1761 1799 versum,

333 1834 431 1870 quos
475 1822 648 1870 populus
692 1823 884 1872 proximis
929 1823 1103 1860 comitiis
1150 1822 1307 1871 ingenti
1337 1820 1527 1859 consensu
1558 1821 1758 1859 consulem

332 1888 510 1935 alterum,
542 1890 709 1927 alterum
741 1896 950 1940 praetoreni
982 1891 1213 1929 declaravit.

205 1951 257 1997 41
450 1957 577 1994 Fabio
610 1959 658 1996 ob
691 1959 849 2008 egregie
880 1959 1142 2008 perdomitam
1159 1958 1362 1996 Etruriam
1394 1957 1646 1994 continuatur
1669 1969 1760 1994 con-

125 2011 315 2070 ῘζζιέἫὴῗὲᾗζ
335 2025 503 2071 sulatus;
548 2025 698 2064 Decius
737 2027 889 2075 collega
926 2027 1053 2064 datur.
1068 2028 1097 2076 1)
1165 2025 1356 2063 Valerius
1393 2029 1539 2075 praetor
1575 2027 1758 2075 quartum

290 2094 312 2128 ‘2
333 2100 497 2129 creatus.
559 2094 748 2132 Consules
773 2095 914 2143 partiti
931 2094 1174 2144 provincias3
1205 2094 1371 2131 Etruria
1386 2093 1524 2139 Decio,
1555 2091 1759 2130 Samnium

291 2162 314 2198 3
333 2160 460 2198 Fabio
473 2159 616 2198 evenit.
644 2159 693 2200 Is·
704 2163 904 2211 profectus
921 2162 970 2199 ad
980 2162 1191 2200 Nuceriam
1204 2161 1470 2208 Alfaternam,
1487 2173 1607 2210 quum
1622 2173 1757 2210 pacem

329 2233 517 2277 petentes,
550 2230 655 2278 quod
687 2230 746 2267 uti
779 2244 836 2277 ea,
877 2244 997 2279 quum
1029 2231 1204 2275 daretur,
1248 2229 1480 2276 noluissent,
1525 2231 1757 2278 aspernatus

291 2296 316 2332 4
333 2302 446 2343 esset,
477 2297 745 2346 oppugnando
763 2297 813 2334 ad
830 2298 1074 2335 deditionem
1091 2298 1260 2347 subegit.
1294 2297 1391 2335 Cum
1408 2296 1656 2334 Samnitibus
1673 2295 1757 2334 acie

330 2364 573 2401 dimicatum.
633 2364 755 2401 Haud
786 2378 929 2413 magno
962 2366 1177 2403 certamine
1209 2366 1341 2402 hostes
1370 2365 1480 2411 victi,
1512 2378 1640 2415 neque
1671 2363 1757 2401 eius

328 2446 471 2482 pugnae
502 2432 693 2470 memoria
722 2432 874 2469 tradita
897 2433 1010 2480 foret,
1043 2434 1085 2470 ni
1100 2433 1225 2471 Marsi
1252 2446 1296 2469 eo
1314 2433 1486 2482 primum
1509 2433 1652 2483 proelio
1669 2445 1756 2468 cum

328 2500 520 2538 Romanis
558 2500 785 2538 bellassent.
859 2500 993 2537 Secuti
1030 2501 1254 2539 Marsorum
1295 2500 1555 2538 defectionem
1593 2499 1757 2548 Peligni

381 2597 406 2640 ¹)
432 2595 477 2629 In
508 2596 614 2630 fastis
647 2596 865 2641 vulgaribus
898 2597 1033 2633 iterum
1066 2599 1107 2633 L.
1140 2599 1283 2644 Papirii
1317 2599 1512 2633 dictaturae
1544 2581 1755 2643 assignatur

430 2642 578 2686 integer
604 2653 730 2685 annus,
757 2653 788 2675 a.
815 2653 848 2675 u.
876 2652 904 2676 c.
931 2645 1006 2687 445.
1035 2656 1065 2678 a.
1093 2645 1157 2678 Ch.
1183 2646 1260 2678 309.

1798 2712 1821 2928 u‘.j‘j⁸-⁰.f·
1812 2670 1821 2699 „‹
1814 2653 1821 2659 A
1813 2611 1819 2623 -
