1821 2928
805 138 923 175 Liber
947 139 980 175 I.
1564 144 1614 182 15

163 267 470 306 Monumentum
503 267 588 305 eius
619 279 776 317 pugnae,
815 267 887 305 ubi
917 268 1092 318 primum
1125 283 1173 306 ex
1205 269 1409 320 profunda
1439 283 1616 309 emersus

164 339 312 391 palude
359 352 484 390 equus
517 338 703 377 Curtium
750 339 790 376 in
829 339 933 378 vado
965 341 1120 390 statuit,
1170 340 1354 379 Curtium
1385 343 1517 380 lacum
1548 356 1616 394 ap-

163 412 382 463 pellarunt.

281 484 344 522 Ex
390 484 498 522 bello
543 487 625 521 tam
657 484 767 522 tristi
798 484 893 522 laeta
922 488 1087 535 repente
1117 499 1197 536 pax
1230 487 1407 525 cariores
1440 485 1616 526 Sabinas
1635 487 1658 525 6

163 557 264 594 viris
296 571 341 594 ac
372 556 608 606 parentibus
640 560 680 594 et
709 559 802 594 ante
834 570 968 595 omnes
999 557 1174 596 Romulo
1206 559 1285 608 ipsi
1315 559 1423 598 fecit.
1471 559 1617 610 Itaque

165 642 288 679 quum
306 629 502 679 populum
527 629 568 666 in
586 629 718 666 curias
735 628 907 678 triginta
924 629 1135 678 divideret,
1158 631 1324 668 nomina
1340 644 1477 669 earum
1495 632 1617 670 curiis

165 701 368 752 imposuit.
417 700 468 739 Id
492 715 572 740 non
594 701 784 748 traditur,
811 715 933 752 quum
958 701 1066 739 haud
1091 701 1213 740 dubie
1239 703 1450 753 aliquanto
1477 717 1611 742 nume·
1633 704 1656 740 7

163 786 232 811 rus
265 775 393 811 maior
423 773 500 811 hoc
525 774 735 812 mulierum
759 774 896 821 fuerit,
929 777 1045 812 aetate
1073 788 1124 813 an
1150 775 1422 824 dignitatibus
1449 777 1531 814 suis
1557 776 1618 815 vi-

162 858 350 884 rorumve
381 859 431 883 an
464 849 571 884 sorte
602 847 718 884 lectae
750 847 842 893 sint,
876 860 964 897 quae
996 847 1158 886 nomina
1189 848 1313 886 curiis
1337 847 1489 886 darent.
1536 848 1616 886 Eo·
1636 844 1662 881 8

165 917 256 955 dem
280 921 462 968 tempore
490 921 530 956 et
554 919 747 956 centuriae
772 922 853 956 tres
881 919 1061 969 equitum
1089 920 1326 971 conscriptae
1344 924 1449 959 sunt.
1497 920 1618 958 Ram-

164 1003 308 1028 nenses
341 991 391 1028 ab
423 990 611 1041 Romulo,
645 991 694 1029 ab
727 990 773 1030 T.
799 990 917 1029 Tatio
936 991 1137 1030 Titienses
1169 993 1385 1042 appellati3
1416 993 1619 1031 Lucerum

164 1063 339 1101 nominis
368 1065 408 1100 et
433 1063 606 1112 originis
624 1076 740 1101 causa
755 1064 910 1101 incerta
927 1068 999 1103 est.
1042 1063 1145 1102 Inde
1162 1078 1242 1102 non
1259 1064 1379 1103 modo
1399 1078 1619 1113 commune,

165 1135 237 1172 sed
269 1149 435 1173 concors
468 1135 591 1173 etiam
622 1148 792 1185 regnum
824 1135 980 1174 duobus
1011 1136 1176 1186 regibus
1207 1136 1296 1176 fuit.

281 1207 383 1245 Post
414 1207 571 1258 aliquot
616 1222 740 1246 annos
782 1209 1006 1260 propinqui
1046 1210 1153 1258 regis
1184 1208 1296 1247 Tatii
1329 1209 1485 1258 legatos
1515 1209 1620 1248 Lau·
1706 1200 1760 1249 14

165 1280 342 1318 rentium
390 1280 574 1330 pulsam
620 1293 822 1330 quumque
854 1280 1081 1319 Laurentes
1111 1282 1198 1318 iure
1229 1281 1411 1331 gentium
1442 1284 1619 1331 agerent,

164 1353 274 1403 apud
306 1352 470 1390 Tatium
500 1352 635 1402 gratia
666 1367 828 1390 suorum
861 1356 900 1390 et
930 1366 1070 1403 preces
1100 1353 1192 1402 plus
1225 1355 1423 1403 poterant.
1483 1353 1660 1402 Igitur2

168 1425 330 1462 illorum
377 1438 536 1474 poenam
584 1425 625 1461 in
671 1438 712 1462 se
757 1425 899 1471 vertit;
946 1439 1038 1463 nam
1085 1425 1259 1471 Lavinii,
1306 1439 1428 1475 quum
1459 1425 1510 1463 ad
1542 1426 1618 1463 sol-

168 1497 299 1534 lemne
326 1496 565 1534 sacrificium
593 1510 637 1535 eo
663 1497 850 1544 venisset,
879 1510 1075 1535 concursu
1101 1497 1207 1534 facto
1232 1497 1488 1537 interficitur.
1521 1498 1622 1536 Eam
1640 1499 1664 1536 3

169 1582 253 1606 rem
284 1569 416 1606 minus
447 1582 564 1619 aegre,
597 1582 716 1618 quam
742 1569 911 1619 dignum
937 1572 1035 1617 erat,
1068 1569 1212 1607 tulisse
1229 1569 1448 1607 Romulum
1473 1570 1621 1620 ferunt,

169 1654 239 1678 seu
263 1641 312 1678 ob
341 1640 505 1678 infidam
533 1641 762 1679 societatem
791 1643 918 1691 regni,
950 1655 1021 1680 seu
1048 1642 1145 1692 quia
1171 1641 1280 1680 haud
1304 1642 1454 1680 iniuria
1479 1656 1622 1680 caesum

168 1713 376 1753 credebat.
437 1712 582 1763 Itaque
628 1714 736 1752 bello
779 1714 944 1764 quidem
975 1714 1194 1762 abstinuit;
1242 1717 1287 1752 ut
1316 1718 1452 1753 tamen
1485 1715 1621 1766 expia·

168 1788 310 1822 rentur
341 1785 566 1834 legatorum
592 1785 752 1824 iniuriae
778 1787 969 1837 regisque
992 1787 1130 1837 caedes,
1164 1786 1294 1824 foedus
1319 1787 1427 1825 inter
1452 1787 1623 1826 Romam

167 1857 464 1908 Laviniumque
495 1857 616 1895 urbes
647 1862 883 1897 renovatum
916 1863 986 1898 est.

283 1929 337 1967 Et
369 1943 458 1967 cum
488 1929 552 1967 his
579 1930 743 1980 quidem
769 1931 974 1982 insperata
1000 1945 1081 1982 pax
1107 1935 1211 1978 erat3
1245 1931 1358 1969 aliud
1382 1932 1506 1970 multo
1531 1946 1623 1983 pro·
1642 1930 1668 1969 4

168 2002 260 2053 pius
291 2006 412 2052 atque
446 2002 488 2039 in
520 2002 619 2052 ipsis
643 2017 770 2054 prope
793 2004 923 2054 portis
950 2003 1102 2042 bellum
1128 2006 1273 2044 ortum.
1314 2003 1535 2042 Fidenates
1562 2004 1624 2042 ni-

169 2074 244 2113 mis
274 2075 428 2113 vicinas
460 2088 587 2125 prope
619 2089 660 2113 se
693 2076 974 2115 convalescere
1007 2090 1102 2128 opes
1133 2077 1226 2123 rati,
1272 2076 1506 2127 priusquam
1538 2079 1623 2114 tan·

167 2149 254 2185 tum
285 2147 443 2184 roboris
472 2150 587 2194 esset,
619 2151 814 2198 quantum
838 2150 1020 2187 futurum
1047 2148 1284 2200 apparebat,
1316 2152 1516 2200 occupant
1539 2149 1624 2187 bel-

167 2219 248 2257 lum
282 2219 428 2260 facere.
489 2218 706 2258 Iuventute
753 2225 910 2259 armata
940 2221 1133 2270 immissa,
1178 2224 1361 2260 vastatur
1392 2222 1482 2271 agri
1514 2221 1624 2272 quod

169 2291 277 2329 inter
300 2291 442 2328 urbem
472 2305 517 2328 ac
534 2291 712 2331 Fidenas
740 2297 820 2341 est;
853 2293 947 2332 inde
973 2294 1022 2332 ad
1046 2294 1187 2332 laevam
1214 2295 1335 2344 versi,
1362 2294 1457 2345 quia
1481 2294 1627 2332 dextra
1646 2288 1669 2326 5

169 2363 335 2402 Tiberis
353 2362 533 2414 arcebat,
563 2378 651 2402 cum
677 2379 822 2415 magna
837 2366 1112 2417 trepidatione
1130 2367 1347 2416 agrestium
1365 2366 1623 2417 populantur.

168 2436 446 2486 tumultusque
480 2449 624 2487 repens
649 2452 696 2475 ex
725 2439 832 2488 agris
859 2439 900 2476 in
926 2439 1066 2477 urbem
1094 2438 1234 2477 illatus
1260 2452 1333 2489 pro
1360 2438 1503 2476 nuntio
1535 2437 1625 2487 fuit,

169 2508 340 2548 Excitus
371 2508 569 2547 Romulus
616 2512 761 2560 (neque
807 2510 913 2549 enim
953 2510 1188 2550 dilationem
1219 2511 1307 2562 pati
1337 2514 1417 2547 tam
1448 2509 1626 2547 vicinum
1645 2505 1667 2543 6

169 2582 322 2620 bellum
354 2579 529 2633 poterat)
561 2582 780 2620 exercitum
813 2582 960 2631 educit,
993 2586 1124 2622 castra
1155 2597 1178 2621 a
1201 2583 1371 2621 Fidenis
1397 2581 1509 2619 mille
1537 2595 1626 2632 pas-

169 2667 285 2694 suum
316 2654 435 2694 l'ocat.
513 2653 580 2692 Ibi
611 2655 769 2694 modico
800 2656 990 2706 praesidio
1021 2656 1175 2705 relicto,
1222 2667 1406 2704 egressus
1439 2653 1668 2692 omnibus7

173 2727 298 2778 copiis
344 2730 501 2778 partem
547 2727 725 2766 militum
756 2728 856 2766 locis
889 2728 997 2766 circa
1030 2729 1154 2766 densa
1187 2727 1318 2765 obsita
1349 2726 1528 2775 virgulta
1559 2725 1627 2765 ob-
