<?xml version="1.0" encoding="UTF-8"?>
<!DOCTYPE html PUBLIC "-//W3C//DTD XHTML 1.0 Transitional//EN"
    "http://www.w3.org/TR/xhtml1/DTD/xhtml1-transitional.dtd">
<html xmlns="http://www.w3.org/1999/xhtml" xml:lang="en" lang="en">
 <head>
  <title>
</title>
<meta http-equiv="Content-Type" content="text/html;charset=utf-8" />
  <meta name='ocr-system' content='tesseract 3.04.00' />
  <meta name='ocr-capabilities' content='ocr_page ocr_carea ocr_par ocr_line ocrx_word'/>
</head>
<body>
  <div class='ocr_page' id='page_1' title='image "./historiarumroman01livyuoft_0474.png"; bbox 0 0 1821 2928; ppageno 0'>
   <div class='ocr_carea' id='block_1_1' title="bbox 351 180 1283 217">
    <p class='ocr_par' dir='ltr' id='par_1_1' title="bbox 351 180 1283 217">
     <span class='ocr_line' id='line_1_1' title="bbox 351 180 1283 217; baseline 0.002 -8"><span class='ocrx_word' id='word_1_1' title='bbox 351 180 430 217; x_wconf 77' lang='lat'>118</span> <span class='ocrx_word' id='word_1_2' title='bbox 738 185 828 210; x_wconf 79' lang='lat' dir='ltr'>Liber</span> <span class='ocrx_word' id='word_1_3' title='bbox 846 184 932 210; x_wconf 78' lang='lat' dir='ltr'>vm.</span> <span class='ocrx_word' id='word_1_4' title='bbox 968 184 1017 214; x_wconf 79' lang='lat' dir='ltr'>(A.</span> <span class='ocrx_word' id='word_1_5' title='bbox 1036 193 1064 211; x_wconf 87' lang='lat' dir='ltr'>u.</span> <span class='ocrx_word' id='word_1_6' title='bbox 1084 192 1108 211; x_wconf 87' lang='lat' dir='ltr'>c.</span> <span class='ocrx_word' id='word_1_7' title='bbox 1127 187 1283 215; x_wconf 77' lang='lat'>424—426.)</span> 
     </span>
    </p>
   </div>
   <div class='ocr_carea' id='block_1_2' title="bbox 87 299 1729 2660">
    <p class='ocr_par' dir='ltr' id='par_1_2' title="bbox 87 299 1729 2660">
     <span class='ocr_line' id='line_1_2' title="bbox 158 299 1729 352; baseline -0.002 -10"><span class='ocrx_word' id='word_1_8' title='bbox 158 302 215 349; x_wconf 82' lang='lat'>20</span> <span class='ocrx_word' id='word_1_9' title='bbox 296 304 461 352; x_wconf 84' lang='lat' dir='ltr'>defungi</span> <span class='ocrx_word' id='word_1_10' title='bbox 506 302 607 339; x_wconf 83' lang='lat' dir='ltr'>velle</span> <span class='ocrx_word' id='word_1_11' title='bbox 652 300 891 338; x_wconf 83' lang='lat' dir='ltr'>Fundanum</span> <span class='ocrx_word' id='word_1_12' title='bbox 943 299 1135 349; x_wconf 89' lang='lat' dir='ltr'>populum</span> <span class='ocrx_word' id='word_1_13' title='bbox 1181 301 1416 338; x_wconf 79' lang='lat' dir='ltr'>censuerint.</span> <span class='ocrx_word' id='word_1_14' title='bbox 1489 300 1729 339; x_wconf 87' lang='lat' dir='ltr'>Privernum</span> 
     </span>
     <span class='ocr_line' id='line_1_3' title="bbox 291 367 1726 418; baseline -0.002 -8"><span class='ocrx_word' id='word_1_15' title='bbox 291 373 444 410; x_wconf 85' lang='lat' dir='ltr'>duobus</span> <span class='ocrx_word' id='word_1_16' title='bbox 476 369 751 408; x_wconf 84' lang='lat' dir='ltr'>consularibus</span> <span class='ocrx_word' id='word_1_17' title='bbox 782 367 1021 406; x_wconf 74' lang='lat' dir='ltr'><strong>exercitibus</strong></span> <span class='ocrx_word' id='word_1_18' title='bbox 1053 382 1173 418; x_wconf 89' lang='lat' dir='ltr'>quum</span> <span class='ocrx_word' id='word_1_19' title='bbox 1205 368 1466 416; x_wconf 75' lang='lat' dir='ltr'><strong>obsideretur,</strong></span> <span class='ocrx_word' id='word_1_20' title='bbox 1506 369 1606 407; x_wconf 85' lang='lat' dir='ltr'>alter</span> <span class='ocrx_word' id='word_1_21' title='bbox 1637 382 1726 408; x_wconf 91' lang='lat' dir='ltr'>con-</span> 
     </span>
     <span class='ocr_line' id='line_1_4' title="bbox 251 436 1727 478; baseline -0.003 1"><span class='ocrx_word' id='word_1_22' title='bbox 251 442 273 478; x_wconf 73' lang='grc'><em>2</em></span> <span class='ocrx_word' id='word_1_23' title='bbox 294 441 354 478; x_wconf 88' lang='lat' dir='ltr'>sul</span> <span class='ocrx_word' id='word_1_24' title='bbox 386 438 639 478; x_wconf 85' lang='lat' dir='ltr'>comitiorum</span> <span class='ocrx_word' id='word_1_25' title='bbox 677 450 796 475; x_wconf 80' lang='lat' dir='ltr'>causa</span> <span class='ocrx_word' id='word_1_26' title='bbox 826 436 995 474; x_wconf 83' lang='lat' dir='ltr'><strong>Romam</strong></span> <span class='ocrx_word' id='word_1_27' title='bbox 1032 439 1251 474; x_wconf 87' lang='lat' dir='ltr'>revocatus.</span> <span class='ocrx_word' id='word_1_28' title='bbox 1322 436 1510 475; x_wconf 82' lang='lat' dir='ltr'>Carceres</span> <span class='ocrx_word' id='word_1_29' title='bbox 1548 451 1593 476; x_wconf 90' lang='lat' dir='ltr'>eo</span> <span class='ocrx_word' id='word_1_30' title='bbox 1623 451 1727 476; x_wconf 83' lang='lat' dir='ltr'>anno</span> 
     </span>
     <span class='ocr_line' id='line_1_5' title="bbox 292 505 857 556; baseline -0.007 -10"><span class='ocrx_word' id='word_1_31' title='bbox 292 509 332 546; x_wconf 88' lang='lat' dir='ltr'>in</span> <span class='ocrx_word' id='word_1_32' title='bbox 364 508 469 546; x_wconf 85' lang='lat' dir='ltr'>circo</span> <span class='ocrx_word' id='word_1_33' title='bbox 501 507 675 556; x_wconf 84' lang='lat' dir='ltr'>primum</span> <span class='ocrx_word' id='word_1_34' title='bbox 706 505 857 543; x_wconf 83' lang='lat' dir='ltr'>statuti.</span> 
     </span>
     <span class='ocr_line' id='line_1_6' title="bbox 404 571 1726 623; baseline -0.003 -9"><span class='ocrx_word' id='word_1_35' title='bbox 404 575 592 613; x_wconf 82' lang='lat' dir='ltr'>Nondum</span> <span class='ocrx_word' id='word_1_36' title='bbox 623 573 851 623; x_wconf 88' lang='lat' dir='ltr'>perfunctos</span> <span class='ocrx_word' id='word_1_37' title='bbox 883 586 978 610; x_wconf 85' lang='lat' dir='ltr'>cura</span> <span class='ocrx_word' id='word_1_38' title='bbox 1009 572 1261 611; x_wconf 86' lang='lat' dir='ltr'>Privernatis</span> <span class='ocrx_word' id='word_1_39' title='bbox 1292 573 1390 611; x_wconf 89' lang='lat' dir='ltr'>belli</span> <span class='ocrx_word' id='word_1_40' title='bbox 1420 573 1615 611; x_wconf 84' lang='lat' dir='ltr'>tumultus</span> <span class='ocrx_word' id='word_1_41' title='bbox 1632 571 1726 612; x_wconf 78' lang='lat' dir='ltr'>Gral-</span> 
     </span>
     <span class='ocr_line' id='line_1_7' title="bbox 290 640 1726 692; baseline -0.002 -10"><span class='ocrx_word' id='word_1_42' title='bbox 290 645 360 682; x_wconf 91' lang='lat' dir='ltr'>lici</span> <span class='ocrx_word' id='word_1_43' title='bbox 392 645 493 682; x_wconf 86' lang='lat' dir='ltr'>fama</span> <span class='ocrx_word' id='word_1_44' title='bbox 525 647 639 680; x_wconf 82' lang='lat' dir='ltr'>atrox</span> <span class='ocrx_word' id='word_1_45' title='bbox 672 641 829 687; x_wconf 82' lang='lat' dir='ltr'>invasit,</span> <span class='ocrx_word' id='word_1_46' title='bbox 874 640 982 678; x_wconf 83' lang='lat' dir='ltr'>haud</span> <span class='ocrx_word' id='word_1_47' title='bbox 1027 641 1148 678; x_wconf 88' lang='lat' dir='ltr'>ferme</span> <span class='ocrx_word' id='word_1_48' title='bbox 1187 655 1362 691; x_wconf 85' lang='lat' dir='ltr'>unquam</span> <span class='ocrx_word' id='word_1_49' title='bbox 1392 641 1573 691; x_wconf 84' lang='lat' dir='ltr'>neglecta</span> <span class='ocrx_word' id='word_1_50' title='bbox 1602 641 1726 692; x_wconf 85' lang='lat' dir='ltr'>patri-</span> 
     </span>
     <span class='ocr_line' id='line_1_8' title="bbox 251 708 1728 760; baseline -0.003 -9"><span class='ocrx_word' id='word_1_51' title='bbox 251 714 273 750; x_wconf 85' lang='lat'><strong>3</strong></span> <span class='ocrx_word' id='word_1_52' title='bbox 292 713 377 751; x_wconf 77' lang='lat' dir='ltr'>bus.</span> <span class='ocrx_word' id='word_1_53' title='bbox 436 710 648 760; x_wconf 80' lang='lat' dir='ltr'>Extemplo</span> <span class='ocrx_word' id='word_1_54' title='bbox 667 710 793 758; x_wconf 85' lang='lat' dir='ltr'>igitur</span> <span class='ocrx_word' id='word_1_55' title='bbox 811 709 990 746; x_wconf 88' lang='lat' dir='ltr'>consules</span> <span class='ocrx_word' id='word_1_56' title='bbox 1007 709 1110 756; x_wconf 89' lang='lat' dir='ltr'>novi,</span> <span class='ocrx_word' id='word_1_57' title='bbox 1136 708 1180 746; x_wconf 87' lang='lat' dir='ltr'>L.</span> <span class='ocrx_word' id='word_1_58' title='bbox 1198 709 1386 747; x_wconf 88' lang='lat' dir='ltr'>AEmilius</span> <span class='ocrx_word' id='word_1_59' title='bbox 1402 709 1672 747; x_wconf 83' lang='lat' dir='ltr'>Mamercinus</span> <span class='ocrx_word' id='word_1_60' title='bbox 1689 712 1728 747; x_wconf 86' lang='lat' dir='ltr'>et</span> 
     </span>
     <span class='ocr_line' id='line_1_9' title="bbox 87 768 1726 829; baseline -0.002 -10"><span class='ocrx_word' id='word_1_61' title='bbox 87 768 198 829; x_wconf 49' lang='grc' dir='ltr'>*ζ’-’ἒξ</span> <span class='ocrx_word' id='word_1_62' title='bbox 214 769 272 828; x_wconf 60' lang='grc' dir='ltr'>ζξξ</span> <span class='ocrx_word' id='word_1_63' title='bbox 295 780 336 818; x_wconf 82' lang='lat' dir='ltr'>C.</span> <span class='ocrx_word' id='word_1_64' title='bbox 352 780 550 826; x_wconf 72' lang='lat' dir='ltr'>Plautius,</span> <span class='ocrx_word' id='word_1_65' title='bbox 581 792 625 817; x_wconf 87' lang='lat' dir='ltr'>eo</span> <span class='ocrx_word' id='word_1_66' title='bbox 643 779 728 828; x_wconf 88' lang='lat' dir='ltr'>ipso</span> <span class='ocrx_word' id='word_1_67' title='bbox 747 778 824 824; x_wconf 89' lang='lat' dir='ltr'>die,</span> <span class='ocrx_word' id='word_1_68' title='bbox 855 777 1031 814; x_wconf 87' lang='lat' dir='ltr'>calendis</span> <span class='ocrx_word' id='word_1_69' title='bbox 1048 775 1314 825; x_wconf 75' lang='lat' dir='ltr'>Quintilibus,</span> <span class='ocrx_word' id='word_1_70' title='bbox 1343 791 1421 828; x_wconf 88' lang='lat' dir='ltr'>quo</span> <span class='ocrx_word' id='word_1_71' title='bbox 1448 778 1726 827; x_wconf 79' lang='lat' dir='ltr'>magistratum</span> 
     </span>
     <span class='ocr_line' id='line_1_10' title="bbox 291 845 1726 896; baseline -0.001 -10"><span class='ocrx_word' id='word_1_72' title='bbox 291 849 479 895; x_wconf 84' lang='lat' dir='ltr'>inierunt,</span> <span class='ocrx_word' id='word_1_73' title='bbox 509 859 740 896; x_wconf 82' lang='lat' dir='ltr'>comparare</span> <span class='ocrx_word' id='word_1_74' title='bbox 758 846 862 883; x_wconf 82' lang='lat' dir='ltr'>inter</span> <span class='ocrx_word' id='word_1_75' title='bbox 879 858 918 882; x_wconf 87' lang='lat' dir='ltr'>se</span> <span class='ocrx_word' id='word_1_76' title='bbox 934 845 1160 894; x_wconf 85' lang='lat' dir='ltr'>provincias</span> <span class='ocrx_word' id='word_1_77' title='bbox 1177 846 1286 892; x_wconf 80' lang='lat' dir='ltr'>iussi,</span> <span class='ocrx_word' id='word_1_78' title='bbox 1303 850 1341 883; x_wconf 89' lang='lat' dir='ltr'>et</span> <span class='ocrx_word' id='word_1_79' title='bbox 1356 846 1637 894; x_wconf 82' lang='lat' dir='ltr'>Mamercinus,</span> <span class='ocrx_word' id='word_1_80' title='bbox 1662 847 1726 884; x_wconf 89' lang='lat' dir='ltr'>cui</span> 
     </span>
     <span class='ocr_line' id='line_1_11' title="bbox 292 913 1726 959; baseline 0 -7"><span class='ocrx_word' id='word_1_81' title='bbox 292 916 495 955; x_wconf 72' lang='lat' dir='ltr'>Granicum</span> <span class='ocrx_word' id='word_1_82' title='bbox 525 915 674 953; x_wconf 87' lang='lat' dir='ltr'>bellum</span> <span class='ocrx_word' id='word_1_83' title='bbox 707 918 901 959; x_wconf 87' lang='lat' dir='ltr'>evenerat,</span> <span class='ocrx_word' id='word_1_84' title='bbox 933 913 1107 951; x_wconf 88' lang='lat' dir='ltr'>scribere</span> <span class='ocrx_word' id='word_1_85' title='bbox 1138 913 1356 950; x_wconf 83' lang='lat' dir='ltr'>exercitum</span> <span class='ocrx_word' id='word_1_86' title='bbox 1386 914 1472 952; x_wconf 89' lang='lat' dir='ltr'>sine</span> <span class='ocrx_word' id='word_1_87' title='bbox 1501 915 1587 952; x_wconf 86' lang='lat' dir='ltr'>ulla</span> <span class='ocrx_word' id='word_1_88' title='bbox 1611 928 1726 953; x_wconf 83' lang='lat' dir='ltr'>vaca·</span> 
     </span>
     <span class='ocr_line' id='line_1_12' title="bbox 251 981 1724 1032; baseline -0.001 -11"><span class='ocrx_word' id='word_1_89' title='bbox 251 985 413 1024; x_wconf 85' lang='lat' dir='ltr'>4tionis</span> <span class='ocrx_word' id='word_1_90' title='bbox 445 984 577 1030; x_wconf 84' lang='lat' dir='ltr'>venia;</span> <span class='ocrx_word' id='word_1_91' title='bbox 624 983 720 1032; x_wconf 88' lang='lat' dir='ltr'>quin</span> <span class='ocrx_word' id='word_1_92' title='bbox 762 981 947 1032; x_wconf 87' lang='lat' dir='ltr'>opificum</span> <span class='ocrx_word' id='word_1_93' title='bbox 978 994 1136 1031; x_wconf 85' lang='lat' dir='ltr'>quoque</span> <span class='ocrx_word' id='word_1_94' title='bbox 1165 982 1310 1031; x_wconf 81' lang='lat' dir='ltr'>vulgus</span> <span class='ocrx_word' id='word_1_95' title='bbox 1342 985 1381 1019; x_wconf 87' lang='lat' dir='ltr'>et</span> <span class='ocrx_word' id='word_1_96' title='bbox 1411 982 1622 1029; x_wconf 75' lang='lat' dir='ltr'>sellularii,</span> <span class='ocrx_word' id='word_1_97' title='bbox 1652 982 1724 1020; x_wconf 89' lang='lat' dir='ltr'>mi-</span> 
     </span>
     <span class='ocr_line' id='line_1_13' title="bbox 292 1049 1726 1100; baseline -0.003 -8"><span class='ocrx_word' id='word_1_98' title='bbox 292 1055 397 1092; x_wconf 86' lang='lat' dir='ltr'>nime</span> <span class='ocrx_word' id='word_1_99' title='bbox 429 1052 586 1090; x_wconf 78' lang='lat' dir='ltr'>militiae</span> <span class='ocrx_word' id='word_1_100' title='bbox 614 1051 801 1089; x_wconf 87' lang='lat' dir='ltr'>idoneum</span> <span class='ocrx_word' id='word_1_101' title='bbox 825 1063 958 1099; x_wconf 76' lang='lat' dir='ltr'>genuS,</span> <span class='ocrx_word' id='word_1_102' title='bbox 991 1049 1112 1087; x_wconf 81' lang='lat' dir='ltr'>exciti</span> <span class='ocrx_word' id='word_1_103' title='bbox 1131 1049 1329 1097; x_wconf 86' lang='lat' dir='ltr'>dicuntur,</span> <span class='ocrx_word' id='word_1_104' title='bbox 1360 1049 1562 1100; x_wconf 83' lang='lat' dir='ltr'>Veiosque</span> <span class='ocrx_word' id='word_1_105' title='bbox 1585 1050 1726 1100; x_wconf 85' lang='lat' dir='ltr'>ingens</span> 
     </span>
     <span class='ocr_line' id='line_1_14' title="bbox 254 1115 1726 1167; baseline -0.001 -10"><span class='ocrx_word' id='word_1_106' title='bbox 254 1121 491 1161; x_wconf 80' lang='lat' dir='ltr'>5exercitus</span> <span class='ocrx_word' id='word_1_107' title='bbox 524 1123 766 1165; x_wconf 84' lang='lat' dir='ltr'>contractus,</span> <span class='ocrx_word' id='word_1_108' title='bbox 811 1122 855 1155; x_wconf 91' lang='lat' dir='ltr'>ut</span> <span class='ocrx_word' id='word_1_109' title='bbox 895 1118 989 1154; x_wconf 87' lang='lat' dir='ltr'>inde</span> <span class='ocrx_word' id='word_1_110' title='bbox 1027 1118 1185 1155; x_wconf 84' lang='lat' dir='ltr'>obviam</span> <span class='ocrx_word' id='word_1_111' title='bbox 1217 1115 1349 1155; x_wconf 78' lang='lat' dir='ltr'>Gallis</span> <span class='ocrx_word' id='word_1_112' title='bbox 1381 1118 1522 1165; x_wconf 88' lang='lat' dir='ltr'>iretur;</span> <span class='ocrx_word' id='word_1_113' title='bbox 1567 1118 1726 1167; x_wconf 86' lang='lat' dir='ltr'>longius</span> 
     </span>
     <span class='ocr_line' id='line_1_15' title="bbox 295 1186 1726 1233; baseline -0.003 -4"><span class='ocrx_word' id='word_1_114' title='bbox 295 1191 459 1229; x_wconf 86' lang='lat' dir='ltr'>discedi.</span> <span class='ocrx_word' id='word_1_115' title='bbox 504 1203 552 1226; x_wconf 86' lang='lat' dir='ltr'>ne</span> <span class='ocrx_word' id='word_1_116' title='bbox 598 1188 678 1225; x_wconf 89' lang='lat' dir='ltr'>alio</span> <span class='ocrx_word' id='word_1_117' title='bbox 717 1187 858 1224; x_wconf 88' lang='lat' dir='ltr'>itinere</span> <span class='ocrx_word' id='word_1_118' title='bbox 896 1186 1023 1224; x_wconf 86' lang='lat' dir='ltr'>hostis</span> <span class='ocrx_word' id='word_1_119' title='bbox 1061 1186 1220 1223; x_wconf 84' lang='lat' dir='ltr'>falleret</span> <span class='ocrx_word' id='word_1_120' title='bbox 1257 1186 1309 1224; x_wconf 87' lang='lat' dir='ltr'>ad</span> <span class='ocrx_word' id='word_1_121' title='bbox 1346 1186 1484 1223; x_wconf 88' lang='lat' dir='ltr'>urbem</span> <span class='ocrx_word' id='word_1_122' title='bbox 1525 1186 1726 1233; x_wconf 85' lang='lat' dir='ltr'>incedens,</span> 
     </span>
     <span class='ocr_line' id='line_1_16' title="bbox 290 1253 1725 1308; baseline -0.005 -10"><span class='ocrx_word' id='word_1_123' title='bbox 290 1274 367 1298; x_wconf 88' lang='lat' dir='ltr'>non</span> <span class='ocrx_word' id='word_1_124' title='bbox 390 1257 554 1308; x_wconf 75' lang='lat' dir='ltr'>placuit.</span> <span class='ocrx_word' id='word_1_125' title='bbox 615 1255 772 1292; x_wconf 84' lang='lat' dir='ltr'>Paucos</span> <span class='ocrx_word' id='word_1_126' title='bbox 795 1254 939 1292; x_wconf 88' lang='lat' dir='ltr'>deinde</span> <span class='ocrx_word' id='word_1_127' title='bbox 965 1258 1055 1304; x_wconf 85' lang='lat' dir='ltr'>post</span> <span class='ocrx_word' id='word_1_128' title='bbox 1071 1254 1167 1300; x_wconf 72' lang='lat' dir='ltr'>dies,</span> <span class='ocrx_word' id='word_1_129' title='bbox 1199 1254 1294 1291; x_wconf 83' lang='lat' dir='ltr'>satis</span> <span class='ocrx_word' id='word_1_130' title='bbox 1311 1254 1518 1303; x_wconf 77' lang='lat' dir='ltr'>explorata</span> <span class='ocrx_word' id='word_1_131' title='bbox 1533 1253 1725 1303; x_wconf 88' lang='lat' dir='ltr'>temporis</span> 
     </span>
     <span class='ocr_line' id='line_1_17' title="bbox 251 1322 1726 1376; baseline -0.001 -15"><span class='ocrx_word' id='word_1_132' title='bbox 251 1325 273 1361; x_wconf 83' lang='grc'>6</span> <span class='ocrx_word' id='word_1_133' title='bbox 293 1329 375 1366; x_wconf 87' lang='lat' dir='ltr'>eius</span> <span class='ocrx_word' id='word_1_134' title='bbox 409 1327 553 1376; x_wconf 83' lang='lat' dir='ltr'>quiete,</span> <span class='ocrx_word' id='word_1_135' title='bbox 584 1338 605 1361; x_wconf 84' lang='lat' dir='ltr'>a</span> <span class='ocrx_word' id='word_1_136' title='bbox 637 1322 768 1361; x_wconf 82' lang='lat' dir='ltr'>Gallis</span> <span class='ocrx_word' id='word_1_137' title='bbox 785 1322 1024 1360; x_wconf 85' lang='lat' dir='ltr'>Privernum</span> <span class='ocrx_word' id='word_1_138' title='bbox 1057 1323 1182 1360; x_wconf 84' lang='lat' dir='ltr'>omnis</span> <span class='ocrx_word' id='word_1_139' title='bbox 1214 1335 1400 1360; x_wconf 85' lang='lat' dir='ltr'>conversa</span> <span class='ocrx_word' id='word_1_140' title='bbox 1429 1322 1502 1359; x_wconf 86' lang='lat' dir='ltr'>vis.</span> <span class='ocrx_word' id='word_1_141' title='bbox 1560 1322 1726 1372; x_wconf 86' lang='lat' dir='ltr'>Duplex</span> 
     </span>
     <span class='ocr_line' id='line_1_18' title="bbox 292 1390 1726 1440; baseline -0.004 -7"><span class='ocrx_word' id='word_1_142' title='bbox 292 1396 384 1433; x_wconf 89' lang='lat' dir='ltr'>inde</span> <span class='ocrx_word' id='word_1_143' title='bbox 415 1395 519 1431; x_wconf 83' lang='lat' dir='ltr'>fama</span> <span class='ocrx_word' id='word_1_144' title='bbox 551 1397 629 1438; x_wconf 79' lang='lat' dir='ltr'>est3</span> <span class='ocrx_word' id='word_1_145' title='bbox 661 1392 745 1437; x_wconf 88' lang='lat' dir='ltr'>alii,</span> <span class='ocrx_word' id='word_1_146' title='bbox 774 1391 815 1427; x_wconf 85' lang='lat' dir='ltr'>vi</span> <span class='ocrx_word' id='word_1_147' title='bbox 847 1394 1002 1440; x_wconf 83' lang='lat' dir='ltr'>captam</span> <span class='ocrx_word' id='word_1_148' title='bbox 1025 1390 1165 1427; x_wconf 84' lang='lat' dir='ltr'>urbem</span> <span class='ocrx_word' id='word_1_149' title='bbox 1191 1390 1504 1440; x_wconf 76' lang='lat' dir='ltr'>Vitruviumque</span> <span class='ocrx_word' id='word_1_150' title='bbox 1525 1390 1662 1428; x_wconf 85' lang='lat' dir='ltr'>vivum</span> <span class='ocrx_word' id='word_1_151' title='bbox 1685 1390 1726 1427; x_wconf 88' lang='lat' dir='ltr'>in</span> 
     </span>
     <span class='ocr_line' id='line_1_19' title="bbox 289 1458 1724 1514; baseline -0.004 -13"><span class='ocrx_word' id='word_1_152' title='bbox 289 1466 525 1514; x_wconf 81' lang='lat' dir='ltr'>potestatem</span> <span class='ocrx_word' id='word_1_153' title='bbox 554 1460 720 1506; x_wconf 84' lang='lat' dir='ltr'>venisse,</span> <span class='ocrx_word' id='word_1_154' title='bbox 751 1459 832 1506; x_wconf 88' lang='lat' dir='ltr'>alii,</span> <span class='ocrx_word' id='word_1_155' title='bbox 862 1459 1095 1508; x_wconf 85' lang='lat' dir='ltr'>priusquam</span> <span class='ocrx_word' id='word_1_156' title='bbox 1116 1458 1258 1495; x_wconf 86' lang='lat' dir='ltr'>ultima</span> <span class='ocrx_word' id='word_1_157' title='bbox 1281 1458 1542 1496; x_wconf 79' lang='lat' dir='ltr'>adhiberetur</span> <span class='ocrx_word' id='word_1_158' title='bbox 1563 1458 1636 1505; x_wconf 86' lang='lat' dir='ltr'>vis,</span> <span class='ocrx_word' id='word_1_159' title='bbox 1666 1458 1724 1508; x_wconf 82' lang='lat' dir='ltr'>ip-</span> 
     </span>
     <span class='ocr_line' id='line_1_20' title="bbox 290 1526 1726 1576; baseline -0.003 -7"><span class='ocrx_word' id='word_1_160' title='bbox 290 1546 351 1570; x_wconf 83' lang='lat' dir='ltr'>sos</span> <span class='ocrx_word' id='word_1_161' title='bbox 382 1545 422 1568; x_wconf 86' lang='lat' dir='ltr'>se</span> <span class='ocrx_word' id='word_1_162' title='bbox 455 1531 495 1567; x_wconf 92' lang='lat' dir='ltr'>in</span> <span class='ocrx_word' id='word_1_163' title='bbox 527 1528 726 1566; x_wconf 82' lang='lat' dir='ltr'>dicionem</span> <span class='ocrx_word' id='word_1_164' title='bbox 758 1527 932 1564; x_wconf 89' lang='lat' dir='ltr'>consulis</span> <span class='ocrx_word' id='word_1_165' title='bbox 964 1527 1180 1564; x_wconf 83' lang='lat' dir='ltr'>caduceum</span> <span class='ocrx_word' id='word_1_166' title='bbox 1211 1526 1465 1576; x_wconf 64' lang='lat' dir='ltr'>praeferentes</span> <span class='ocrx_word' id='word_1_167' title='bbox 1487 1526 1726 1576; x_wconf 86' lang='lat' dir='ltr'>permisisse,</span> 
     </span>
     <span class='ocr_line' id='line_1_21' title="bbox 251 1593 1726 1643; baseline -0.004 -6"><span class='ocrx_word' id='word_1_168' title='bbox 251 1597 271 1631; x_wconf 84' lang='grc'>7</span> <span class='ocrx_word' id='word_1_169' title='bbox 291 1604 471 1638; x_wconf 79' lang='lat' dir='ltr'>auctmes</span> <span class='ocrx_word' id='word_1_170' title='bbox 504 1600 611 1642; x_wconf 89' lang='lat' dir='ltr'>sunt,</span> <span class='ocrx_word' id='word_1_171' title='bbox 650 1595 963 1643; x_wconf 78' lang='lat' dir='ltr'>Vitruviumque</span> <span class='ocrx_word' id='word_1_172' title='bbox 1004 1595 1052 1632; x_wconf 82' lang='lat' dir='ltr'>ab</span> <span class='ocrx_word' id='word_1_173' title='bbox 1085 1594 1165 1631; x_wconf 87' lang='lat' dir='ltr'>suis</span> <span class='ocrx_word' id='word_1_174' title='bbox 1195 1594 1402 1632; x_wconf 86' lang='lat' dir='ltr'>traditum.</span> <span class='ocrx_word' id='word_1_175' title='bbox 1476 1593 1646 1631; x_wconf 74' lang='lat' dir='ltr'>Senatus</span> <span class='ocrx_word' id='word_1_176' title='bbox 1677 1593 1726 1631; x_wconf 87' lang='lat' dir='ltr'>de</span> 
     </span>
     <span class='ocr_line' id='line_1_22' title="bbox 289 1660 1725 1712; baseline -0.004 -8"><span class='ocrx_word' id='word_1_177' title='bbox 289 1667 477 1704; x_wconf 78' lang='lat' dir='ltr'>Vitruvio</span> <span class='ocrx_word' id='word_1_178' title='bbox 494 1663 883 1712; x_wconf 84' lang='lat' dir='ltr'>Privernatibusque</span> <span class='ocrx_word' id='word_1_179' title='bbox 901 1663 1106 1699; x_wconf 87' lang='lat' dir='ltr'>consultus</span> <span class='ocrx_word' id='word_1_180' title='bbox 1124 1663 1325 1699; x_wconf 89' lang='lat' dir='ltr'>consulem</span> <span class='ocrx_word' id='word_1_181' title='bbox 1341 1661 1562 1708; x_wconf 87' lang='lat' dir='ltr'>Plautium,</span> <span class='ocrx_word' id='word_1_182' title='bbox 1579 1660 1725 1698; x_wconf 84' lang='lat' dir='ltr'>dirutis</span> 
     </span>
     <span class='ocr_line' id='line_1_23' title="bbox 288 1729 1724 1781; baseline -0.003 -10"><span class='ocrx_word' id='word_1_183' title='bbox 288 1733 478 1771; x_wconf 78' lang='lat' dir='ltr'>Priverni</span> <span class='ocrx_word' id='word_1_184' title='bbox 509 1732 633 1769; x_wconf 86' lang='lat' dir='ltr'>muris</span> <span class='ocrx_word' id='word_1_185' title='bbox 658 1730 926 1781; x_wconf 79' lang='lat' dir='ltr'>praesidioque</span> <span class='ocrx_word' id='word_1_186' title='bbox 950 1730 1085 1767; x_wconf 70' lang='lat' dir='ltr'>valido</span> <span class='ocrx_word' id='word_1_187' title='bbox 1101 1730 1300 1779; x_wconf 87' lang='lat' dir='ltr'>imposito,</span> <span class='ocrx_word' id='word_1_188' title='bbox 1331 1730 1382 1767; x_wconf 88' lang='lat' dir='ltr'>ad</span> <span class='ocrx_word' id='word_1_189' title='bbox 1398 1729 1645 1778; x_wconf 87' lang='lat' dir='ltr'>triumphum</span> <span class='ocrx_word' id='word_1_190' title='bbox 1663 1741 1724 1766; x_wconf 84' lang='lat' dir='ltr'>ac-</span> 
     </span>
     <span class='ocr_line' id='line_1_24' title="bbox 289 1797 1725 1847; baseline -0.003 -8"><span class='ocrx_word' id='word_1_191' title='bbox 289 1801 428 1847; x_wconf 68' lang='lat' dir='ltr'>cersit,</span> <span class='ocrx_word' id='word_1_192' title='bbox 473 1800 706 1837; x_wconf 74' lang='lat' dir='ltr'>Vitruvium</span> <span class='ocrx_word' id='word_1_193' title='bbox 747 1799 786 1835; x_wconf 90' lang='lat' dir='ltr'>in</span> <span class='ocrx_word' id='word_1_194' title='bbox 827 1811 984 1835; x_wconf 88' lang='lat' dir='ltr'>carcere</span> <span class='ocrx_word' id='word_1_195' title='bbox 1022 1798 1218 1836; x_wconf 86' lang='lat' dir='ltr'>asservari</span> <span class='ocrx_word' id='word_1_196' title='bbox 1251 1798 1386 1844; x_wconf 86' lang='lat' dir='ltr'>iussit,</span> <span class='ocrx_word' id='word_1_197' title='bbox 1423 1797 1556 1847; x_wconf 87' lang='lat' dir='ltr'>quoad</span> <span class='ocrx_word' id='word_1_198' title='bbox 1587 1797 1725 1834; x_wconf 86' lang='lat' dir='ltr'>consul</span> 
     </span>
     <span class='ocr_line' id='line_1_25' title="bbox 247 1864 1725 1915; baseline -0.001 -11"><span class='ocrx_word' id='word_1_199' title='bbox 247 1868 271 1904; x_wconf 83' lang='lat'><em>8</em></span> <span class='ocrx_word' id='word_1_200' title='bbox 290 1869 468 1915; x_wconf 83' lang='lat' dir='ltr'>redisset,</span> <span class='ocrx_word' id='word_1_201' title='bbox 497 1871 580 1904; x_wconf 80' lang='lat' dir='ltr'>tum</span> <span class='ocrx_word' id='word_1_202' title='bbox 612 1867 863 1904; x_wconf 53' lang='lat' dir='ltr'>verberatum</span> <span class='ocrx_word' id='word_1_203' title='bbox 893 1866 1039 1903; x_wconf 68' lang='lat' dir='ltr'>necari.</span> <span class='ocrx_word' id='word_1_204' title='bbox 1112 1865 1237 1903; x_wconf 86' lang='lat' dir='ltr'>AEdes</span> <span class='ocrx_word' id='word_1_205' title='bbox 1269 1865 1373 1912; x_wconf 89' lang='lat' dir='ltr'>eius,</span> <span class='ocrx_word' id='word_1_206' title='bbox 1404 1878 1492 1915; x_wconf 84' lang='lat' dir='ltr'>quae</span> <span class='ocrx_word' id='word_1_207' title='bbox 1522 1867 1653 1903; x_wconf 79' lang='lat' dir='ltr'>essent</span> <span class='ocrx_word' id='word_1_208' title='bbox 1683 1864 1725 1902; x_wconf 83' lang='lat' dir='ltr'>in</span> 
     </span>
     <span class='ocr_line' id='line_1_26' title="bbox 288 1932 1724 1982; baseline -0.003 -8"><span class='ocrx_word' id='word_1_209' title='bbox 288 1937 461 1982; x_wconf 85' lang='lat' dir='ltr'>Palatio,</span> <span class='ocrx_word' id='word_1_210' title='bbox 479 1935 707 1981; x_wconf 84' lang='lat' dir='ltr'>diruendas,</span> <span class='ocrx_word' id='word_1_211' title='bbox 722 1935 826 1972; x_wconf 84' lang='lat' dir='ltr'>bona</span> <span class='ocrx_word' id='word_1_212' title='bbox 843 1933 1005 1971; x_wconf 84' lang='lat' dir='ltr'>Semoni</span> <span class='ocrx_word' id='word_1_213' title='bbox 1022 1932 1155 1982; x_wconf 82' lang='lat' dir='ltr'>Sango</span> <span class='ocrx_word' id='word_1_214' title='bbox 1178 1936 1416 1971; x_wconf 85' lang='lat' dir='ltr'>censuerunt</span> <span class='ocrx_word' id='word_1_215' title='bbox 1441 1932 1724 1979; x_wconf 81' lang='lat' dir='ltr'>conseeranda;</span> 
     </span>
     <span class='ocr_line' id='line_1_27' title="bbox 288 1990 1725 2054; baseline -0.004 -12"><span class='ocrx_word' id='word_1_216' title='bbox 288 2005 473 2054; x_wconf 87' lang='lat' dir='ltr'>quodque</span> <span class='ocrx_word' id='word_1_217' title='bbox 505 2004 593 2040; x_wconf 84' lang='lat' dir='ltr'>aeris</span> <span class='ocrx_word' id='word_1_218' title='bbox 625 2017 672 2040; x_wconf 84' lang='lat' dir='ltr'>ex</span> <span class='ocrx_word' id='word_1_219' title='bbox 705 2003 761 2040; x_wconf 84' lang='lat' dir='ltr'>eis</span> <span class='ocrx_word' id='word_1_220' title='bbox 792 1990 997 2040; x_wconf 81' lang='lat' dir='ltr'>redactum</span> <span class='ocrx_word' id='word_1_221' title='bbox 1038 2006 1113 2049; x_wconf 86' lang='lat' dir='ltr'>est,</span> <span class='ocrx_word' id='word_1_222' title='bbox 1160 2016 1206 2039; x_wconf 83' lang='lat' dir='ltr'>ex</span> <span class='ocrx_word' id='word_1_223' title='bbox 1243 2015 1288 2039; x_wconf 86' lang='lat' dir='ltr'>eo</span> <span class='ocrx_word' id='word_1_224' title='bbox 1326 2001 1438 2039; x_wconf 82' lang='lat' dir='ltr'>aenei</span> <span class='ocrx_word' id='word_1_225' title='bbox 1477 2001 1591 2038; x_wconf 88' lang='lat' dir='ltr'>orbes</span> <span class='ocrx_word' id='word_1_226' title='bbox 1627 1999 1725 2037; x_wconf 84' lang='lat' dir='ltr'>facti</span> 
     </span>
     <span class='ocr_line' id='line_1_28' title="bbox 249 2067 1723 2122; baseline -0.002 -13"><span class='ocrx_word' id='word_1_227' title='bbox 249 2072 271 2108; x_wconf 85' lang='lat'>9</span> <span class='ocrx_word' id='word_1_228' title='bbox 289 2072 413 2122; x_wconf 82' lang='lat' dir='ltr'>positi</span> <span class='ocrx_word' id='word_1_229' title='bbox 430 2072 470 2108; x_wconf 88' lang='lat' dir='ltr'>in</span> <span class='ocrx_word' id='word_1_230' title='bbox 487 2071 632 2108; x_wconf 85' lang='lat' dir='ltr'>sacello</span> <span class='ocrx_word' id='word_1_231' title='bbox 649 2070 804 2119; x_wconf 76' lang='lat' dir='ltr'>Sangus</span> <span class='ocrx_word' id='word_1_232' title='bbox 821 2069 1010 2108; x_wconf 85' lang='lat' dir='ltr'>adversus</span> <span class='ocrx_word' id='word_1_233' title='bbox 1027 2070 1151 2107; x_wconf 82' lang='lat' dir='ltr'>aedem</span> <span class='ocrx_word' id='word_1_234' title='bbox 1169 2070 1344 2117; x_wconf 77' lang='lat' dir='ltr'>Quirini.</span> <span class='ocrx_word' id='word_1_235' title='bbox 1389 2069 1453 2107; x_wconf 93' lang='lat' dir='ltr'>De</span> <span class='ocrx_word' id='word_1_236' title='bbox 1477 2071 1616 2106; x_wconf 84' lang='lat' dir='ltr'>senatu</span> <span class='ocrx_word' id='word_1_237' title='bbox 1632 2067 1723 2106; x_wconf 85' lang='lat' dir='ltr'>Pri-</span> 
     </span>
     <span class='ocr_line' id='line_1_29' title="bbox 286 2135 1723 2188; baseline -0.003 -12"><span class='ocrx_word' id='word_1_238' title='bbox 286 2142 449 2176; x_wconf 82' lang='lat' dir='ltr'>vernate</span> <span class='ocrx_word' id='word_1_239' title='bbox 468 2139 524 2175; x_wconf 82' lang='lat' dir='ltr'>ita</span> <span class='ocrx_word' id='word_1_240' title='bbox 542 2137 757 2186; x_wconf 80' lang='lat' dir='ltr'>decretum,</span> <span class='ocrx_word' id='word_1_241' title='bbox 786 2142 842 2185; x_wconf 87' lang='lat' dir='ltr'>ut,</span> <span class='ocrx_word' id='word_1_242' title='bbox 874 2138 943 2187; x_wconf 88' lang='lat' dir='ltr'>qui</span> <span class='ocrx_word' id='word_1_243' title='bbox 961 2141 1118 2174; x_wconf 85' lang='lat' dir='ltr'>senator</span> <span class='ocrx_word' id='word_1_244' title='bbox 1135 2137 1323 2176; x_wconf 84' lang='lat' dir='ltr'>Priverni</span> <span class='ocrx_word' id='word_1_245' title='bbox 1346 2140 1437 2188; x_wconf 85' lang='lat' dir='ltr'>post</span> <span class='ocrx_word' id='word_1_246' title='bbox 1462 2135 1723 2173; x_wconf 80' lang='lat' dir='ltr'>desectionem</span> 
     </span>
     <span class='ocr_line' id='line_1_30' title="bbox 288 2202 1722 2255; baseline -0.003 -11"><span class='ocrx_word' id='word_1_247' title='bbox 288 2207 338 2244; x_wconf 85' lang='lat' dir='ltr'>ab</span> <span class='ocrx_word' id='word_1_248' title='bbox 368 2206 561 2244; x_wconf 78' lang='lat' dir='ltr'>Romanis</span> <span class='ocrx_word' id='word_1_249' title='bbox 591 2207 809 2253; x_wconf 74' lang='lat' dir='ltr'>mansisset,</span> <span class='ocrx_word' id='word_1_250' title='bbox 853 2210 964 2243; x_wconf 83' lang='lat' dir='ltr'>trans</span> <span class='ocrx_word' id='word_1_251' title='bbox 995 2204 1175 2242; x_wconf 85' lang='lat' dir='ltr'>Tiberim</span> <span class='ocrx_word' id='word_1_252' title='bbox 1206 2206 1293 2255; x_wconf 85' lang='lat' dir='ltr'>lege</span> <span class='ocrx_word' id='word_1_253' title='bbox 1324 2206 1471 2252; x_wconf 89' lang='lat' dir='ltr'>eadem,</span> <span class='ocrx_word' id='word_1_254' title='bbox 1502 2217 1580 2254; x_wconf 86' lang='lat' dir='ltr'>qua</span> <span class='ocrx_word' id='word_1_255' title='bbox 1610 2202 1722 2241; x_wconf 84' lang='lat' dir='ltr'>Veli-</span> 
     </span>
     <span class='ocr_line' id='line_1_31' title="bbox 224 2269 1722 2323; baseline -0.003 -12"><span class='ocrx_word' id='word_1_256' title='bbox 224 2276 273 2312; x_wconf 89' lang='grc'>10</span> <span class='ocrx_word' id='word_1_257' title='bbox 290 2274 405 2321; x_wconf 87' lang='lat' dir='ltr'>terni,</span> <span class='ocrx_word' id='word_1_258' title='bbox 430 2274 641 2311; x_wconf 86' lang='lat' dir='ltr'>habitaret.</span> <span class='ocrx_word' id='word_1_259' title='bbox 684 2274 761 2311; x_wconf 79' lang='lat' dir='ltr'>His</span> <span class='ocrx_word' id='word_1_260' title='bbox 793 2274 849 2310; x_wconf 82' lang='lat' dir='ltr'>ita</span> <span class='ocrx_word' id='word_1_261' title='bbox 876 2274 1057 2321; x_wconf 82' lang='lat' dir='ltr'>decretis,</span> <span class='ocrx_word' id='word_1_262' title='bbox 1087 2287 1211 2323; x_wconf 86' lang='lat' dir='ltr'>usque</span> <span class='ocrx_word' id='word_1_263' title='bbox 1235 2273 1286 2310; x_wconf 85' lang='lat' dir='ltr'>ad</span> <span class='ocrx_word' id='word_1_264' title='bbox 1301 2273 1548 2322; x_wconf 89' lang='lat' dir='ltr'>triumphum</span> <span class='ocrx_word' id='word_1_265' title='bbox 1564 2269 1722 2308; x_wconf 84' lang='lat' dir='ltr'>Plautii</span> 
     </span>
     <span class='ocr_line' id='line_1_32' title="bbox 289 2339 1720 2391; baseline -0.002 -12"><span class='ocrx_word' id='word_1_266' title='bbox 289 2343 492 2380; x_wconf 81' lang='lat' dir='ltr'>silentium</span> <span class='ocrx_word' id='word_1_267' title='bbox 509 2341 557 2378; x_wconf 89' lang='lat' dir='ltr'>de</span> <span class='ocrx_word' id='word_1_268' title='bbox 574 2341 884 2378; x_wconf 70' lang='lat' dir='ltr'>Privernatibus</span> <span class='ocrx_word' id='word_1_269' title='bbox 901 2342 995 2388; x_wconf 75' lang='lat' dir='ltr'>fuit3</span> <span class='ocrx_word' id='word_1_270' title='bbox 1027 2345 1116 2391; x_wconf 84' lang='lat' dir='ltr'>post</span> <span class='ocrx_word' id='word_1_271' title='bbox 1131 2341 1380 2390; x_wconf 86' lang='lat' dir='ltr'>triumphum</span> <span class='ocrx_word' id='word_1_272' title='bbox 1403 2339 1551 2386; x_wconf 87' lang='lat' dir='ltr'>consul,</span> <span class='ocrx_word' id='word_1_273' title='bbox 1580 2341 1720 2377; x_wconf 81' lang='lat' dir='ltr'>necato</span> 
     </span>
     <span class='ocr_line' id='line_1_33' title="bbox 290 2405 1722 2458; baseline -0.003 -11"><span class='ocrx_word' id='word_1_274' title='bbox 290 2410 479 2447; x_wconf 83' lang='lat' dir='ltr'>Vitruvio</span> <span class='ocrx_word' id='word_1_275' title='bbox 511 2409 707 2458; x_wconf 82' lang='lat' dir='ltr'>sociisque</span> <span class='ocrx_word' id='word_1_276' title='bbox 749 2409 834 2446; x_wconf 87' lang='lat' dir='ltr'>eius</span> <span class='ocrx_word' id='word_1_277' title='bbox 871 2422 1001 2456; x_wconf 77' lang='lat' dir='ltr'>noxae,</span> <span class='ocrx_word' id='word_1_278' title='bbox 1046 2408 1152 2458; x_wconf 84' lang='lat' dir='ltr'>apud</span> <span class='ocrx_word' id='word_1_279' title='bbox 1190 2408 1356 2445; x_wconf 84' lang='lat' dir='ltr'>satiatos</span> <span class='ocrx_word' id='word_1_280' title='bbox 1394 2407 1473 2444; x_wconf 87' lang='lat' dir='ltr'>iam</span> <span class='ocrx_word' id='word_1_281' title='bbox 1513 2405 1722 2457; x_wconf 87' lang='lat' dir='ltr'>suppliciis</span> 
     </span>
     <span class='ocr_line' id='line_1_34' title="bbox 224 2472 1723 2522; baseline -0.003 -8"><span class='ocrx_word' id='word_1_282' title='bbox 224 2479 269 2515; x_wconf 91' lang='lat' dir='ltr'>ll</span> <span class='ocrx_word' id='word_1_283' title='bbox 290 2478 518 2515; x_wconf 88' lang='lat' dir='ltr'>nocentium</span> <span class='ocrx_word' id='word_1_284' title='bbox 548 2480 675 2514; x_wconf 78' lang='lat' dir='ltr'>tutam</span> <span class='ocrx_word' id='word_1_285' title='bbox 692 2477 933 2514; x_wconf 82' lang='lat' dir='ltr'>mentione-m</span> <span class='ocrx_word' id='word_1_286' title='bbox 951 2477 999 2513; x_wconf 89' lang='lat' dir='ltr'>de</span> <span class='ocrx_word' id='word_1_287' title='bbox 1016 2475 1324 2514; x_wconf 83' lang='lat' dir='ltr'>Privernatibus</span> <span class='ocrx_word' id='word_1_288' title='bbox 1346 2478 1469 2522; x_wconf 87' lang='lat' dir='ltr'>ratus,</span> <span class='ocrx_word' id='word_1_289' title='bbox 1498 2472 1723 2521; x_wconf 73' lang='lat' dir='ltr'>„Quoniam</span> 
     </span>
     <span class='ocr_line' id='line_1_35' title="bbox 289 2541 1720 2593; baseline -0.003 -11"><span class='ocrx_word' id='word_1_290' title='bbox 289 2550 469 2582; x_wconf 85' lang='lat' dir='ltr'>auctores</span> <span class='ocrx_word' id='word_1_291' title='bbox 501 2545 760 2582; x_wconf 71' lang='lat' dir='ltr'>defectionis-⁴</span> <span class='ocrx_word' id='word_1_292' title='bbox 796 2544 929 2593; x_wconf 81' lang='lat' dir='ltr'>inquit</span> <span class='ocrx_word' id='word_1_293' title='bbox 949 2544 1136 2590; x_wconf 76' lang='lat' dir='ltr'>„meritas</span> <span class='ocrx_word' id='word_1_294' title='bbox 1166 2556 1301 2593; x_wconf 85' lang='lat' dir='ltr'>poenas</span> <span class='ocrx_word' id='word_1_295' title='bbox 1332 2546 1371 2580; x_wconf 87' lang='lat' dir='ltr'>et</span> <span class='ocrx_word' id='word_1_296' title='bbox 1401 2542 1450 2580; x_wconf 82' lang='lat' dir='ltr'>ab</span> <span class='ocrx_word' id='word_1_297' title='bbox 1477 2541 1540 2578; x_wconf 80' lang='lat' dir='ltr'>dis</span> <span class='ocrx_word' id='word_1_298' title='bbox 1563 2541 1720 2578; x_wconf 89' lang='lat' dir='ltr'>immor-</span> 
     </span>
     <span class='ocr_line' id='line_1_36' title="bbox 287 2607 1720 2660; baseline -0.003 -11"><span class='ocrx_word' id='word_1_299' title='bbox 287 2613 437 2651; x_wconf 82' lang='lat' dir='ltr'>talibus</span> <span class='ocrx_word' id='word_1_300' title='bbox 470 2618 506 2650; x_wconf 83' lang='lat' dir='ltr'>et</span> <span class='ocrx_word' id='word_1_301' title='bbox 538 2627 560 2651; x_wconf 91' lang='lat' dir='ltr'>a</span> <span class='ocrx_word' id='word_1_302' title='bbox 590 2611 706 2650; x_wconf 86' lang='lat' dir='ltr'>vobis</span> <span class='ocrx_word' id='word_1_303' title='bbox 737 2612 895 2658; x_wconf 80' lang='lat' dir='ltr'>habent,</span> <span class='ocrx_word' id='word_1_304' title='bbox 926 2615 1059 2660; x_wconf 87' lang='lat' dir='ltr'>patres</span> <span class='ocrx_word' id='word_1_305' title='bbox 1091 2610 1329 2660; x_wconf 87' lang='lat' dir='ltr'>conscripti,</span> <span class='ocrx_word' id='word_1_306' title='bbox 1368 2608 1465 2658; x_wconf 88' lang='lat' dir='ltr'>quid</span> <span class='ocrx_word' id='word_1_307' title='bbox 1502 2608 1633 2658; x_wconf 76' lang='lat' dir='ltr'>placet</span> <span class='ocrx_word' id='word_1_308' title='bbox 1671 2607 1720 2645; x_wconf 90' lang='lat' dir='ltr'>de</span> 
     </span>
    </p>
   </div>
  </div>
 </body>
</html>
