1821 2928
492 89 605 125 Liber
629 89 704 124 ΠΙ.
755 95 814 134 (A.
841 90 907 125 oh.
933 92 1140 134 447—446.)
1465 94 1540 131 189

104 231 316 266 accessere,
349 218 612 256 vastationem
643 231 830 267 agrorum
868 231 940 268 per
972 218 1253 256 contumeliam
1283 217 1373 255 urbi
1411 222 1541 255 osten-

98 294 244 329 tantes.
277 290 395 328 Unde
426 294 638 341 postquam
669 290 801 336 inulti,
834 291 1009 340 praedam
1042 303 1124 340 prae
1151 304 1191 327 se
1223 293 1396 338 agentes,
1430 292 1537 328 retro
1556 291 1579 327 6

102 362 153 400 ad
185 362 426 401 Corbionem
458 363 615 412 agmine
649 363 741 411 iere,
775 362 989 410 Quinctius
1036 362 1173 400 consul
1221 361 1271 399 ad
1313 362 1538 399 contionem

100 434 294 485 populum
324 435 494 474 vocavit.
555 435 620 472 Ibi
667 435 707 472 in
755 435 855 473 hanc
888 435 1125 472 sententiam
1158 435 1332 471 locutum
1366 434 1538 484 accipio:
1622 427 1674 475 67

105 506 219 553 „Etsi
252 506 347 544 mihi
378 506 526 544 nullius
558 520 672 544 noxae
706 507 899 553 conscius,
934 506 1125 554 Quirites,
1156 520 1253 551 sum,
1286 510 1416 544 tamen
1450 519 1537 544 cum

99 578 252 628 pudore
284 592 435 616 summo
468 579 510 616 in
557 583 810 629 conspectum
848 582 1024 616 vestrum
1070 579 1257 628 processi.
1336 578 1422 616 Hoc
1469 592 1539 617 vos

98 651 213 701 scire,
254 651 328 688 hoc
358 651 531 701 posteris
563 651 761 688 memoriae
791 651 982 689 traditum
1016 651 1079 696 iri,
1113 650 1268 700 AEquos
1300 654 1340 687 et
1357 650 1537 699 Volscos,

96 723 164 760 vix
194 722 382 761 Hernicis
413 723 530 761 modo
562 737 689 773 pares,
722 723 766 760 T.
809 722 998 770 Quinctio
1046 726 1232 773 quartum
1278 723 1440 760 consule
1488 723 1538 761 ad

101 795 247 833 moenia
290 795 402 833 urbis
432 795 572 833 Romae
619 796 780 846 impune
826 799 1000 833 armatos
1045 795 1217 833 venisse!
1297 794 1411 832 Hanc
1459 797 1573 845 ego?

99 867 369 916 ignominiam,
403 881 630 917 quanquam
662 868 741 906 iam
772 867 841 905 diu
873 868 930 906 ita
960 867 1124 915 vivitur,
1172 867 1205 905 is
1246 869 1373 904 status
1404 880 1537 905 rerum

98 943 170 986 est,
199 944 243 977 ut
274 940 379 977 nihil
405 940 501 978 boni
520 939 674 978 divinet
698 940 864 987 animus,
896 940 928 977 si
953 939 1044 977 huic
1061 939 1313 990 potissimum
1331 939 1537 977 imminere

98 1025 203 1050 anno
234 1013 406 1059 scissem,
438 1012 502 1050 vel
534 1012 675 1050 exsilio
706 1012 770 1050 vel
787 1015 924 1061 morte,
957 1012 991 1049 si
1023 1012 1104 1050 alia
1135 1012 1230 1061 fuga
1261 1011 1426 1050 honoris
1458 1024 1536 1049 non

99 1087 212 1131 esset,
242 1084 443 1122 vitassem.
505 1084 614 1133 Ergo
647 1084 680 1122 si
719 1084 794 1122 viri
841 1097 950 1122 arma
981 1084 1051 1121 illa
1096 1083 1340 1130 habuissent,
1373 1096 1460 1134 quae
1492 1084 1534 1121 in
1554 1089 1577 1126 3

96 1156 223 1206 portis
254 1157 362 1194 fuere
393 1157 554 1203 nostris,
595 1156 685 1207 capi
716 1156 845 1194 Roma
890 1170 952 1194 me
997 1157 1160 1195 consule
1205 1155 1368 1206 potuit?
1429 1155 1536 1194 Satis

94 1228 302 1275 honorum,
333 1228 430 1266 satis
461 1242 660 1279 superque
700 1229 793 1266 vitae
825 1232 929 1274 erat;
978 1230 1078 1266 mori
1125 1229 1326 1266 consulem
1371 1229 1536 1265 tertium

93 1301 287 1352 oportuit.
363 1301 491 1349 Quem
538 1301 699 1338 tandem
739 1301 990 1350 ignavissimi
1022 1301 1196 1338 hostium
1230 1300 1576 1350 contempsereP4

93 1386 165 1411 nos
196 1374 378 1412 consules
409 1387 459 1411 an
490 1386 559 1410 vos
584 1372 797 1420 Quirites?
829 1371 873 1410 Si
907 1374 1023 1424 culpa
1054 1374 1096 1410 in
1128 1373 1244 1411 nobis
1276 1376 1347 1423 est,
1381 1372 1535 1410 auferte

91 1445 303 1495 imperium
335 1445 510 1494 indignis
558 1448 608 1495 et,
657 1445 691 1483 si
738 1445 780 1482 id
818 1459 959 1496 parum
991 1449 1061 1492 est,
1102 1445 1267 1495 insuper
1298 1458 1435 1495 poenas
1468 1458 1533 1483 ex-

89 1517 235 1567 petite;
267 1518 299 1554 si
331 1517 369 1554 in
402 1517 528 1566 vobis,
561 1530 673 1555 nemo
706 1517 870 1555 deorum
894 1531 966 1556 nec
990 1517 1194 1556 hominum
1211 1517 1276 1564 sit,
1308 1518 1378 1567 qui
1394 1517 1570 1556 vestra5

89 1589 232 1639 puniat
247 1592 423 1639 peccata,
442 1588 638 1636 Quirites;
670 1595 822 1628 vosmet
845 1594 1000 1628 tantum
1026 1604 1161 1628 eorum
1179 1590 1378 1641 paeniteat.
1439 1590 1530 1628 Non

90 1661 153 1699 illi
197 1665 368 1699 vestram
416 1661 619 1711 ignaviam
665 1665 938 1713 contempsere
984 1676 1056 1701 nec
1102 1676 1183 1701 suae
1214 1663 1358 1702 virtuti
1390 1662 1530 1701 confisi

87 1737 195 1780 sunt;
230 1734 380 1784 quippe
396 1735 516 1772 toties
541 1734 622 1772 fusi
646 1735 867 1785 fugatique,
898 1736 1041 1774 castris
1068 1736 1192 1784 exuti,
1226 1749 1322 1786 agro
1356 1735 1528 1785 multati,

85 1806 159 1844 sub
190 1806 327 1856 iugum
358 1807 469 1844 missi
501 1811 539 1844 et
570 1820 610 1844 se
643 1811 682 1845 et
710 1821 779 1845 vos
810 1822 973 1855 novere;
1019 1808 1224 1846 discordia
1269 1808 1455 1846 ordinum
1487 1809 1568 1847 et6

86 1891 282 1916 venenum
313 1878 432 1916 huius
462 1879 585 1924 urbis,
615 1883 774 1930 patrum
806 1894 849 1918 ac
881 1881 1011 1931 plebis
1044 1882 1272 1927 certamina,
1320 1880 1413 1918 dum
1456 1894 1528 1919 nec

86 1949 203 1988 nobis
235 1950 394 2001 imperii
424 1964 496 1989 nec
527 1952 640 1990 vobis
671 1952 869 1991 libertatis
901 1958 960 1991 est
998 1953 1148 2000 modus,
1181 1953 1274 1990 dum
1306 1952 1427 1991 taedet
1458 1966 1527 1991 vos

89 2021 369 2073 patriciorum,
401 2036 472 2061 nos
488 2024 737 2074 plebeiorum
756 2026 1075 2075 magistratuum,
1108 2027 1306 2064 sustulere
1334 2025 1417 2063 illis
1442 2024 1525 2062 ani-

84 2107 180 2134 mos,
243 2094 323 2132 Pro
355 2094 474 2133 deum
503 2095 634 2147 fidem,
668 2097 764 2147 quid
795 2098 908 2136 vobis
948 2098 1099 2136 vultis?
1160 2098 1362 2136 Tribunos
1394 2097 1524 2148 plebis
1544 2102 1566 2137 7

83 2166 350 2217 concupistis3
383 2168 604 2206 concordiae
636 2168 753 2207 causa
784 2171 1061 2209 concessimus.
1124 2171 1388 2210 Decemviros
1420 2171 1526 2209 desi-

83 2237 270 2285 derastis3
317 2239 443 2276 creari
481 2241 588 2290 passi
628 2254 774 2281 sumus.
837 2242 1170 2281 Decemvirorum
1212 2257 1281 2282 vos
1312 2247 1524 2295 pertaesum

82 2313 160 2358 est;
191 2311 395 2360 coegimus
427 2312 537 2350 abire
568 2314 816 2363 magistratu.
864 2315 1054 2354 Manente
1078 2316 1118 2354 in
1150 2316 1308 2354 eosdem
1339 2317 1519 2367 privatos
1537 2317 1561 2354 8

85 2382 146 2420 ira
176 2386 320 2430 vestra,
351 2384 453 2421 mori
484 2387 604 2434 atque
636 2386 819 2425 exsulare
857 2388 1128 2427 nobilissimos
1163 2389 1273 2427 viros
1297 2389 1520 2428 honoratis-

83 2454 283 2505 simosque
314 2455 421 2505 passi
451 2469 596 2494 sumus.
648 2457 850 2497 Tribunos
881 2460 1016 2510 plebis
1047 2474 1182 2499 creare
1215 2463 1359 2500 iterum
1390 2461 1516 2498 volui·
1536 2460 1559 2497 9

81 2526 173 2573 stis;
206 2527 382 2565 creastis.
425 2527 618 2566 Consules
649 2529 778 2569 facere
809 2536 1031 2571 vestrarum
1062 2533 1257 2584 partium;
1290 2533 1363 2570 etsi
1394 2533 1519 2582 patri-

83 2598 158 2637 bus
188 2599 424 2638 videbamus
456 2600 624 2651 iniquos,
655 2603 867 2652 patricium
907 2619 1066 2656 quoque
1098 2605 1376 2654 magistratum
1407 2604 1519 2654 plebi
