<?xml version="1.0" encoding="UTF-8"?>
<!DOCTYPE html PUBLIC "-//W3C//DTD XHTML 1.0 Transitional//EN"
    "http://www.w3.org/TR/xhtml1/DTD/xhtml1-transitional.dtd">
<html xmlns="http://www.w3.org/1999/xhtml" xml:lang="en" lang="en">
 <head>
  <title>
</title>
<meta http-equiv="Content-Type" content="text/html;charset=utf-8" />
  <meta name='ocr-system' content='tesseract 3.04.00' />
  <meta name='ocr-capabilities' content='ocr_page ocr_carea ocr_par ocr_line ocrx_word'/>
</head>
<body>
  <div class='ocr_page' id='page_1' title='image "./historiarumroman01livyuoft_0489.png"; bbox 0 0 1821 2928; ppageno 0'>
   <div class='ocr_carea' id='block_1_1' title="bbox 578 190 1470 232">
    <p class='ocr_par' dir='ltr' id='par_1_1' title="bbox 578 190 1470 232">
     <span class='ocr_line' id='line_1_1' title="bbox 578 190 1470 232; baseline -0.003 -1"><span class='ocrx_word' id='word_1_1' title='bbox 578 205 668 231; x_wconf 76' lang='lat' dir='ltr'>Liber</span> <span class='ocrx_word' id='word_1_2' title='bbox 685 204 773 229; x_wconf 80' lang='lat' dir='ltr'>vm.</span> <span class='ocrx_word' id='word_1_3' title='bbox 810 204 857 231; x_wconf 78' lang='lat' dir='ltr'>(A.</span> <span class='ocrx_word' id='word_1_4' title='bbox 878 203 928 229; x_wconf 72' lang='lat' dir='ltr'>cn.</span> <span class='ocrx_word' id='word_1_5' title='bbox 948 203 1019 232; x_wconf 81' lang='lat'>325.)</span> <span class='ocrx_word' id='word_1_6' title='bbox 1391 190 1470 228; x_wconf 85' lang='lat'>133</span> 
     </span>
    </p>
   </div>
   <div class='ocr_carea' id='block_1_2' title="bbox 37 315 1666 2691">
    <p class='ocr_par' dir='ltr' id='par_1_2' title="bbox 87 315 1601 1327">
     <span class='ocr_line' id='line_1_2' title="bbox 88 315 1598 372; baseline -0.006 -12"><span class='ocrx_word' id='word_1_7' title='bbox 88 321 317 372; x_wconf 83' lang='lat' dir='ltr'>superbiam</span> <span class='ocrx_word' id='word_1_8' title='bbox 349 318 735 368; x_wconf 76' lang='lat' dir='ltr'>crudelitatemque?</span> <span class='ocrx_word' id='word_1_9' title='bbox 765 318 1019 356; x_wconf 80' lang='lat' dir='ltr'>Dictatorem</span> <span class='ocrx_word' id='word_1_10' title='bbox 1051 316 1284 364; x_wconf 76' lang='lat' dir='ltr'>Quinctium</span> <span class='ocrx_word' id='word_1_11' title='bbox 1316 315 1526 353; x_wconf 86' lang='lat' dir='ltr'>Cincinna-</span> <span class='ocrx_word' id='word_1_12' title='bbox 1548 315 1598 352; x_wconf 88' lang='lat'>14</span> 
     </span>
     <span class='ocr_line' id='line_1_3' title="bbox 87 385 1529 434; baseline -0.005 -7"><span class='ocrx_word' id='word_1_13' title='bbox 87 394 173 428; x_wconf 92' lang='lat' dir='ltr'>tum</span> <span class='ocrx_word' id='word_1_14' title='bbox 205 389 246 426; x_wconf 92' lang='lat' dir='ltr'>in</span> <span class='ocrx_word' id='word_1_15' title='bbox 277 389 322 426; x_wconf 88' lang='lat' dir='ltr'>L.</span> <span class='ocrx_word' id='word_1_16' title='bbox 338 388 562 425; x_wconf 85' lang='lat' dir='ltr'>Minucium</span> <span class='ocrx_word' id='word_1_17' title='bbox 595 386 796 424; x_wconf 83' lang='lat' dir='ltr'>consulem</span> <span class='ocrx_word' id='word_1_18' title='bbox 828 400 876 423; x_wconf 89' lang='lat' dir='ltr'>ex</span> <span class='ocrx_word' id='word_1_19' title='bbox 903 385 1117 423; x_wconf 83' lang='lat' dir='ltr'>obsidione</span> <span class='ocrx_word' id='word_1_20' title='bbox 1140 399 1162 422; x_wconf 79' lang='lat' dir='ltr'>a</span> <span class='ocrx_word' id='word_1_21' title='bbox 1186 398 1226 421; x_wconf 91' lang='lat' dir='ltr'>se</span> <span class='ocrx_word' id='word_1_22' title='bbox 1253 387 1432 434; x_wconf 86' lang='lat' dir='ltr'>ereptum</span> <span class='ocrx_word' id='word_1_23' title='bbox 1449 397 1529 421; x_wconf 92' lang='lat' dir='ltr'>non</span> 
     </span>
     <span class='ocr_line' id='line_1_4' title="bbox 87 452 1527 505; baseline -0.005 -9"><span class='ocrx_word' id='word_1_24' title='bbox 87 458 196 496; x_wconf 87' lang='lat' dir='ltr'>ultra</span> <span class='ocrx_word' id='word_1_25' title='bbox 227 456 396 503; x_wconf 62' lang='lat' dir='ltr'>saevisse,</span> <span class='ocrx_word' id='word_1_26' title='bbox 428 469 548 505; x_wconf 86' lang='lat' dir='ltr'>quam</span> <span class='ocrx_word' id='word_1_27' title='bbox 579 458 623 492; x_wconf 91' lang='lat' dir='ltr'>ut</span> <span class='ocrx_word' id='word_1_28' title='bbox 656 454 833 502; x_wconf 78' lang='lat' dir='ltr'>legatum</span> <span class='ocrx_word' id='word_1_29' title='bbox 872 467 960 492; x_wconf 89' lang='lat' dir='ltr'>eum</span> <span class='ocrx_word' id='word_1_30' title='bbox 999 453 1049 491; x_wconf 85' lang='lat' dir='ltr'>ad</span> <span class='ocrx_word' id='word_1_31' title='bbox 1082 452 1302 490; x_wconf 84' lang='lat' dir='ltr'>exercitum</span> <span class='ocrx_word' id='word_1_32' title='bbox 1333 466 1406 502; x_wconf 89' lang='lat' dir='ltr'>pro</span> <span class='ocrx_word' id='word_1_33' title='bbox 1438 465 1527 490; x_wconf 89' lang='lat' dir='ltr'>con-</span> 
     </span>
     <span class='ocr_line' id='line_1_5' title="bbox 89 520 1598 574; baseline -0.004 -11"><span class='ocrx_word' id='word_1_34' title='bbox 89 525 174 563; x_wconf 81' lang='lat' dir='ltr'>sule</span> <span class='ocrx_word' id='word_1_35' title='bbox 203 524 462 574; x_wconf 86' lang='lat' dir='ltr'>relinqueret.</span> <span class='ocrx_word' id='word_1_36' title='bbox 520 523 576 560; x_wconf 88' lang='lat' dir='ltr'>M.</span> <span class='ocrx_word' id='word_1_37' title='bbox 604 522 773 560; x_wconf 81' lang='lat' dir='ltr'>Furium</span> <span class='ocrx_word' id='word_1_38' title='bbox 798 522 1012 560; x_wconf 76' lang='lat' dir='ltr'>Camillum</span> <span class='ocrx_word' id='word_1_39' title='bbox 1040 521 1082 558; x_wconf 92' lang='lat' dir='ltr'>in</span> <span class='ocrx_word' id='word_1_40' title='bbox 1105 521 1151 558; x_wconf 90' lang='lat' dir='ltr'>L.</span> <span class='ocrx_word' id='word_1_41' title='bbox 1168 521 1305 568; x_wconf 85' lang='lat' dir='ltr'>Furio,</span> <span class='ocrx_word' id='word_1_42' title='bbox 1336 521 1405 570; x_wconf 88' lang='lat' dir='ltr'>qui</span> <span class='ocrx_word' id='word_1_43' title='bbox 1436 533 1526 558; x_wconf 89' lang='lat' dir='ltr'>con·</span> <span class='ocrx_word' id='word_1_44' title='bbox 1548 520 1598 557; x_wconf 86' lang='lat'>15</span> 
     </span>
     <span class='ocr_line' id='line_1_6' title="bbox 88 590 1528 644; baseline -0.004 -13"><span class='ocrx_word' id='word_1_45' title='bbox 88 597 242 644; x_wconf 83' lang='lat' dir='ltr'>tempta</span> <span class='ocrx_word' id='word_1_46' title='bbox 273 606 344 630; x_wconf 86' lang='lat' dir='ltr'>sua</span> <span class='ocrx_word' id='word_1_47' title='bbox 374 595 576 630; x_wconf 75' lang='lat' dir='ltr'>senectute</span> <span class='ocrx_word' id='word_1_48' title='bbox 600 595 639 629; x_wconf 87' lang='lat' dir='ltr'>et</span> <span class='ocrx_word' id='word_1_49' title='bbox 663 591 904 629; x_wconf 74' lang='lat' dir='ltr'>auctoritate</span> <span class='ocrx_word' id='word_1_50' title='bbox 928 590 1147 628; x_wconf 76' lang='lat' dir='ltr'>foedissimo</span> <span class='ocrx_word' id='word_1_51' title='bbox 1165 603 1254 626; x_wconf 90' lang='lat' dir='ltr'>cum</span> <span class='ocrx_word' id='word_1_52' title='bbox 1270 593 1414 627; x_wconf 86' lang='lat' dir='ltr'>eventu</span> <span class='ocrx_word' id='word_1_53' title='bbox 1431 602 1528 638; x_wconf 79' lang='lat' dir='ltr'>pug-</span> 
     </span>
     <span class='ocr_line' id='line_1_7' title="bbox 90 657 1529 710; baseline -0.004 -10"><span class='ocrx_word' id='word_1_54' title='bbox 90 664 234 709; x_wconf 88' lang='lat' dir='ltr'>nasset,</span> <span class='ocrx_word' id='word_1_55' title='bbox 264 673 344 698; x_wconf 90' lang='lat' dir='ltr'>non</span> <span class='ocrx_word' id='word_1_56' title='bbox 375 660 503 699; x_wconf 88' lang='lat' dir='ltr'>solum</span> <span class='ocrx_word' id='word_1_57' title='bbox 535 660 577 697; x_wconf 89' lang='lat' dir='ltr'>in</span> <span class='ocrx_word' id='word_1_58' title='bbox 607 659 823 710; x_wconf 85' lang='lat' dir='ltr'>praesentia</span> <span class='ocrx_word' id='word_1_59' title='bbox 854 659 1103 697; x_wconf 85' lang='lat' dir='ltr'>moderatum</span> <span class='ocrx_word' id='word_1_60' title='bbox 1135 659 1207 696; x_wconf 87' lang='lat' dir='ltr'>irae</span> <span class='ocrx_word' id='word_1_61' title='bbox 1239 671 1334 704; x_wconf 86' lang='lat' dir='ltr'>esse,</span> <span class='ocrx_word' id='word_1_62' title='bbox 1364 671 1412 694; x_wconf 91' lang='lat' dir='ltr'>ne</span> <span class='ocrx_word' id='word_1_63' title='bbox 1430 657 1529 707; x_wconf 84' lang='lat' dir='ltr'>quid</span> 
     </span>
     <span class='ocr_line' id='line_1_8' title="bbox 91 727 1598 778; baseline -0.003 -11"><span class='ocrx_word' id='word_1_64' title='bbox 91 730 140 768; x_wconf 88' lang='lat' dir='ltr'>de</span> <span class='ocrx_word' id='word_1_65' title='bbox 171 729 327 778; x_wconf 79' lang='lat' dir='ltr'>collega</span> <span class='ocrx_word' id='word_1_66' title='bbox 357 742 468 766; x_wconf 85' lang='lat' dir='ltr'>secus</span> <span class='ocrx_word' id='word_1_67' title='bbox 500 729 648 778; x_wconf 87' lang='lat' dir='ltr'>populo</span> <span class='ocrx_word' id='word_1_68' title='bbox 681 731 750 765; x_wconf 82' lang='lat' dir='ltr'>aut</span> <span class='ocrx_word' id='word_1_69' title='bbox 780 727 937 765; x_wconf 86' lang='lat' dir='ltr'>senatui</span> <span class='ocrx_word' id='word_1_70' title='bbox 969 728 1174 774; x_wconf 82' lang='lat' dir='ltr'>scriberet,</span> <span class='ocrx_word' id='word_1_71' title='bbox 1205 727 1285 773; x_wconf 86' lang='lat' dir='ltr'>sed,</span> <span class='ocrx_word' id='word_1_72' title='bbox 1316 739 1438 775; x_wconf 85' lang='lat' dir='ltr'>quum</span> <span class='ocrx_word' id='word_1_73' title='bbox 1468 739 1527 762; x_wconf 89' lang='lat' dir='ltr'>re·</span> <span class='ocrx_word' id='word_1_74' title='bbox 1551 727 1598 763; x_wconf 75' lang='lat'>15</span> 
     </span>
     <span class='ocr_line' id='line_1_9' title="bbox 88 794 1528 848; baseline -0.004 -12"><span class='ocrx_word' id='word_1_75' title='bbox 88 798 285 845; x_wconf 82' lang='lat' dir='ltr'>vertisset,</span> <span class='ocrx_word' id='word_1_76' title='bbox 316 796 569 848; x_wconf 83' lang='lat' dir='ltr'>potissimum</span> <span class='ocrx_word' id='word_1_77' title='bbox 591 810 638 834; x_wconf 79' lang='lat' dir='ltr'>ex</span> <span class='ocrx_word' id='word_1_78' title='bbox 663 796 840 833; x_wconf 77' lang='lat' dir='ltr'>tribunis</span> <span class='ocrx_word' id='word_1_79' title='bbox 863 795 1142 834; x_wconf 80' lang='lat' dir='ltr'>consularibus</span> <span class='ocrx_word' id='word_1_80' title='bbox 1168 794 1369 841; x_wconf 77' lang='lat' dir='ltr'>habuisse,</span> <span class='ocrx_word' id='word_1_81' title='bbox 1401 807 1528 843; x_wconf 82' lang='lat' dir='ltr'>quem,</span> 
     </span>
     <span class='ocr_line' id='line_1_10' title="bbox 90 861 1529 915; baseline -0.004 -11"><span class='ocrx_word' id='word_1_82' title='bbox 90 880 136 905; x_wconf 84' lang='lat' dir='ltr'>ex</span> <span class='ocrx_word' id='word_1_83' title='bbox 153 867 320 915; x_wconf 83' lang='lat' dir='ltr'>collegis</span> <span class='ocrx_word' id='word_1_84' title='bbox 346 865 509 915; x_wconf 88' lang='lat' dir='ltr'>optione</span> <span class='ocrx_word' id='word_1_85' title='bbox 535 865 585 902; x_wconf 85' lang='lat' dir='ltr'>ab</span> <span class='ocrx_word' id='word_1_86' title='bbox 612 868 753 903; x_wconf 86' lang='lat' dir='ltr'>senatu</span> <span class='ocrx_word' id='word_1_87' title='bbox 779 865 885 912; x_wconf 84' lang='lat' dir='ltr'>data,</span> <span class='ocrx_word' id='word_1_88' title='bbox 908 865 1058 902; x_wconf 90' lang='lat' dir='ltr'>socium</span> <span class='ocrx_word' id='word_1_89' title='bbox 1084 864 1164 902; x_wconf 85' lang='lat' dir='ltr'>sibi</span> <span class='ocrx_word' id='word_1_90' title='bbox 1192 862 1353 913; x_wconf 87' lang='lat' dir='ltr'>imperii</span> <span class='ocrx_word' id='word_1_91' title='bbox 1379 861 1529 910; x_wconf 84' lang='lat' dir='ltr'>delige·</span> 
     </span>
     <span class='ocr_line' id='line_1_11' title="bbox 89 931 1599 984; baseline -0.004 -11"><span class='ocrx_word' id='word_1_92' title='bbox 89 938 161 973; x_wconf 86' lang='lat' dir='ltr'>ret.</span> <span class='ocrx_word' id='word_1_93' title='bbox 221 934 324 972; x_wconf 86' lang='lat' dir='ltr'>Nam</span> <span class='ocrx_word' id='word_1_94' title='bbox 351 934 491 984; x_wconf 88' lang='lat' dir='ltr'>populi</span> <span class='ocrx_word' id='word_1_95' title='bbox 513 933 686 983; x_wconf 81' lang='lat' dir='ltr'>quidem,</span> <span class='ocrx_word' id='word_1_96' title='bbox 718 946 839 983; x_wconf 86' lang='lat' dir='ltr'>penes</span> <span class='ocrx_word' id='word_1_97' title='bbox 863 946 979 982; x_wconf 87' lang='lat' dir='ltr'>quem</span> <span class='ocrx_word' id='word_1_98' title='bbox 1001 936 1178 983; x_wconf 84' lang='lat' dir='ltr'>potestas</span> <span class='ocrx_word' id='word_1_99' title='bbox 1202 931 1379 970; x_wconf 92' lang='lat' dir='ltr'>omnium</span> <span class='ocrx_word' id='word_1_100' title='bbox 1394 944 1527 968; x_wconf 89' lang='lat' dir='ltr'>rerum</span> <span class='ocrx_word' id='word_1_101' title='bbox 1550 931 1599 967; x_wconf 88' lang='lat'>17</span> 
     </span>
     <span class='ocr_line' id='line_1_12' title="bbox 91 999 1529 1052; baseline -0.003 -12"><span class='ocrx_word' id='word_1_102' title='bbox 91 1006 205 1050; x_wconf 81' lang='lat' dir='ltr'>esset,</span> <span class='ocrx_word' id='word_1_103' title='bbox 235 1016 284 1040; x_wconf 91' lang='lat' dir='ltr'>ne</span> <span class='ocrx_word' id='word_1_104' title='bbox 316 1003 415 1040; x_wconf 88' lang='lat' dir='ltr'>iram</span> <span class='ocrx_word' id='word_1_105' title='bbox 447 1002 610 1052; x_wconf 88' lang='lat' dir='ltr'>quidem</span> <span class='ocrx_word' id='word_1_106' title='bbox 641 1015 818 1052; x_wconf 88' lang='lat' dir='ltr'>unquam</span> <span class='ocrx_word' id='word_1_107' title='bbox 849 1002 1088 1039; x_wconf 83' lang='lat' dir='ltr'>atrociorem</span> <span class='ocrx_word' id='word_1_108' title='bbox 1125 1001 1246 1039; x_wconf 85' lang='lat' dir='ltr'>fuisse</span> <span class='ocrx_word' id='word_1_109' title='bbox 1278 1000 1321 1037; x_wconf 91' lang='lat' dir='ltr'>in</span> <span class='ocrx_word' id='word_1_110' title='bbox 1352 1013 1429 1046; x_wconf 86' lang='lat' dir='ltr'>eos,</span> <span class='ocrx_word' id='word_1_111' title='bbox 1461 999 1529 1048; x_wconf 89' lang='lat' dir='ltr'>qui</span> 
     </span>
     <span class='ocr_line' id='line_1_13' title="bbox 90 1067 1531 1121; baseline -0.003 -12"><span class='ocrx_word' id='word_1_112' title='bbox 90 1071 316 1110; x_wconf 85' lang='lat' dir='ltr'>temeritate</span> <span class='ocrx_word' id='word_1_113' title='bbox 349 1074 467 1121; x_wconf 87' lang='lat' dir='ltr'>atque</span> <span class='ocrx_word' id='word_1_114' title='bbox 491 1070 654 1108; x_wconf 81' lang='lat' dir='ltr'>inscitia</span> <span class='ocrx_word' id='word_1_115' title='bbox 677 1070 877 1108; x_wconf 83' lang='lat' dir='ltr'>exercitus</span> <span class='ocrx_word' id='word_1_116' title='bbox 894 1070 1134 1117; x_wconf 85' lang='lat' dir='ltr'>amisissent,</span> <span class='ocrx_word' id='word_1_117' title='bbox 1165 1083 1283 1119; x_wconf 84' lang='lat' dir='ltr'>quam</span> <span class='ocrx_word' id='word_1_118' title='bbox 1300 1072 1345 1106; x_wconf 86' lang='lat' dir='ltr'>ut</span> <span class='ocrx_word' id='word_1_119' title='bbox 1359 1067 1531 1118; x_wconf 84' lang='lat' dir='ltr'>pecunia</span> 
     </span>
     <span class='ocr_line' id='line_1_14' title="bbox 91 1136 1532 1189; baseline -0.004 -11"><span class='ocrx_word' id='word_1_120' title='bbox 91 1153 157 1178; x_wconf 88' lang='lat' dir='ltr'>eos</span> <span class='ocrx_word' id='word_1_121' title='bbox 187 1140 392 1185; x_wconf 79' lang='lat' dir='ltr'>multaret3</span> <span class='ocrx_word' id='word_1_122' title='bbox 424 1139 556 1189; x_wconf 86' lang='lat' dir='ltr'>capite</span> <span class='ocrx_word' id='word_1_123' title='bbox 587 1138 832 1189; x_wconf 77' lang='lat' dir='ltr'>anquisitum</span> <span class='ocrx_word' id='word_1_124' title='bbox 864 1138 914 1175; x_wconf 93' lang='lat' dir='ltr'>ob</span> <span class='ocrx_word' id='word_1_125' title='bbox 938 1152 1022 1176; x_wconf 83' lang='lat' dir='ltr'>rem</span> <span class='ocrx_word' id='word_1_126' title='bbox 1047 1138 1153 1176; x_wconf 90' lang='lat' dir='ltr'>bello</span> <span class='ocrx_word' id='word_1_127' title='bbox 1177 1137 1281 1175; x_wconf 89' lang='lat' dir='ltr'>male</span> <span class='ocrx_word' id='word_1_128' title='bbox 1304 1140 1457 1186; x_wconf 84' lang='lat' dir='ltr'>gestam</span> <span class='ocrx_word' id='word_1_129' title='bbox 1484 1136 1532 1173; x_wconf 88' lang='lat' dir='ltr'>de</span> 
     </span>
     <span class='ocr_line' id='line_1_15' title="bbox 92 1203 1601 1259; baseline -0.003 -13"><span class='ocrx_word' id='word_1_130' title='bbox 92 1208 333 1259; x_wconf 86' lang='lat' dir='ltr'>imperatore</span> <span class='ocrx_word' id='word_1_131' title='bbox 363 1208 475 1245; x_wconf 90' lang='lat' dir='ltr'>nullo</span> <span class='ocrx_word' id='word_1_132' title='bbox 508 1208 559 1246; x_wconf 75' lang='lat' dir='ltr'>ad</span> <span class='ocrx_word' id='word_1_133' title='bbox 591 1221 677 1245; x_wconf 88' lang='lat' dir='ltr'>eam</span> <span class='ocrx_word' id='word_1_134' title='bbox 709 1207 816 1245; x_wconf 87' lang='lat' dir='ltr'>diem</span> <span class='ocrx_word' id='word_1_135' title='bbox 858 1221 952 1245; x_wconf 84' lang='lat' dir='ltr'>esse.</span> <span class='ocrx_word' id='word_1_136' title='bbox 1025 1206 1141 1245; x_wconf 89' lang='lat' dir='ltr'>Nunc</span> <span class='ocrx_word' id='word_1_137' title='bbox 1178 1205 1351 1244; x_wconf 84' lang='lat' dir='ltr'>ducibus</span> <span class='ocrx_word' id='word_1_138' title='bbox 1391 1203 1531 1254; x_wconf 89' lang='lat' dir='ltr'>populi</span> <span class='ocrx_word' id='word_1_139' title='bbox 1552 1205 1601 1241; x_wconf 88' lang='lat'>18</span> 
     </span>
     <span class='ocr_line' id='line_1_16' title="bbox 92 1275 1530 1327; baseline -0.005 -11"><span class='ocrx_word' id='word_1_140' title='bbox 92 1277 279 1325; x_wconf 86' lang='lat' dir='ltr'>Romani,</span> <span class='ocrx_word' id='word_1_141' title='bbox 310 1289 398 1327; x_wconf 83' lang='lat' dir='ltr'>quae</span> <span class='ocrx_word' id='word_1_142' title='bbox 429 1290 478 1314; x_wconf 90' lang='lat' dir='ltr'>ne</span> <span class='ocrx_word' id='word_1_143' title='bbox 502 1276 620 1314; x_wconf 84' lang='lat' dir='ltr'>victis</span> <span class='ocrx_word' id='word_1_144' title='bbox 652 1276 815 1325; x_wconf 86' lang='lat' dir='ltr'>quidem</span> <span class='ocrx_word' id='word_1_145' title='bbox 846 1276 954 1314; x_wconf 89' lang='lat' dir='ltr'>bello</span> <span class='ocrx_word' id='word_1_146' title='bbox 985 1275 1044 1312; x_wconf 82' lang='lat' dir='ltr'>fas</span> <span class='ocrx_word' id='word_1_147' title='bbox 1074 1275 1207 1322; x_wconf 85' lang='lat' dir='ltr'>fuerit,</span> <span class='ocrx_word' id='word_1_148' title='bbox 1238 1275 1373 1323; x_wconf 83' lang='lat' dir='ltr'>virgas</span> <span class='ocrx_word' id='word_1_149' title='bbox 1405 1277 1444 1310; x_wconf 90' lang='lat' dir='ltr'>et</span> <span class='ocrx_word' id='word_1_150' title='bbox 1474 1286 1530 1310; x_wconf 90' lang='lat' dir='ltr'>se-</span> 
     </span>
    </p>

    <p class='ocr_par' dir='ltr' id='par_1_3' title="bbox 37 1340 1666 2691">
     <span class='ocr_line' id='line_1_17' title="bbox 37 1340 1531 1393; baseline -0.005 -9"><span class='ocrx_word' id='word_1_151' title='bbox 37 1358 41 1361; x_wconf 81' lang='grc'>’</span> <span class='ocrx_word' id='word_1_152' title='bbox 92 1359 206 1384; x_wconf 84' lang='lat' dir='ltr'>cures</span> <span class='ocrx_word' id='word_1_153' title='bbox 249 1345 473 1384; x_wconf 86' lang='lat' dir='ltr'>victoribus</span> <span class='ocrx_word' id='word_1_154' title='bbox 519 1349 558 1383; x_wconf 83' lang='lat' dir='ltr'>et</span> <span class='ocrx_word' id='word_1_155' title='bbox 603 1345 846 1383; x_wconf 79' lang='lat' dir='ltr'>iustissimos</span> <span class='ocrx_word' id='word_1_156' title='bbox 885 1344 1040 1383; x_wconf 85' lang='lat' dir='ltr'>meritis</span> <span class='ocrx_word' id='word_1_157' title='bbox 1069 1343 1294 1393; x_wconf 87' lang='lat' dir='ltr'>triumphos</span> <span class='ocrx_word' id='word_1_158' title='bbox 1326 1340 1531 1379; x_wconf 85' lang='lat' dir='ltr'>intentari.</span> 
     </span>
     <span class='ocr_line' id='line_1_18' title="bbox 93 1409 1606 1464; baseline -0.004 -12"><span class='ocrx_word' id='word_1_159' title='bbox 93 1414 203 1462; x_wconf 81' lang='lat' dir='ltr'>Quid</span> <span class='ocrx_word' id='word_1_160' title='bbox 234 1415 340 1452; x_wconf 86' lang='lat' dir='ltr'>enim</span> <span class='ocrx_word' id='word_1_161' title='bbox 370 1413 534 1452; x_wconf 89' lang='lat' dir='ltr'>tandem</span> <span class='ocrx_word' id='word_1_162' title='bbox 565 1427 775 1464; x_wconf 83' lang='lat' dir='ltr'>passurum</span> <span class='ocrx_word' id='word_1_163' title='bbox 806 1413 930 1450; x_wconf 72' lang='lat' dir='ltr'>fuisse</span> <span class='ocrx_word' id='word_1_164' title='bbox 955 1413 1084 1450; x_wconf 84' lang='lat' dir='ltr'>filium</span> <span class='ocrx_word' id='word_1_165' title='bbox 1109 1425 1234 1458; x_wconf 86' lang='lat' dir='ltr'>suum,</span> <span class='ocrx_word' id='word_1_166' title='bbox 1266 1411 1300 1448; x_wconf 85' lang='lat' dir='ltr'>si</span> <span class='ocrx_word' id='word_1_167' title='bbox 1318 1410 1535 1448; x_wconf 84' lang='lat' dir='ltr'>exercitum</span> <span class='ocrx_word' id='word_1_168' title='bbox 1558 1409 1606 1446; x_wconf 82' lang='lat'>19</span> 
     </span>
     <span class='ocr_line' id='line_1_19' title="bbox 92 1479 1532 1531; baseline -0.004 -10"><span class='ocrx_word' id='word_1_169' title='bbox 92 1483 303 1530; x_wconf 85' lang='lat' dir='ltr'>amisisset,</span> <span class='ocrx_word' id='word_1_170' title='bbox 334 1483 368 1520; x_wconf 83' lang='lat' dir='ltr'>si</span> <span class='ocrx_word' id='word_1_171' title='bbox 400 1483 522 1529; x_wconf 83' lang='lat' dir='ltr'>fusus,</span> <span class='ocrx_word' id='word_1_172' title='bbox 554 1483 727 1531; x_wconf 83' lang='lat' dir='ltr'>fugatus,</span> <span class='ocrx_word' id='word_1_173' title='bbox 759 1481 899 1519; x_wconf 83' lang='lat' dir='ltr'>castris</span> <span class='ocrx_word' id='word_1_174' title='bbox 931 1485 1072 1519; x_wconf 81' lang='lat' dir='ltr'>exutus</span> <span class='ocrx_word' id='word_1_175' title='bbox 1104 1479 1274 1517; x_wconf 76' lang='lat' dir='ltr'>fuisset?</span> <span class='ocrx_word' id='word_1_176' title='bbox 1314 1492 1393 1529; x_wconf 87' lang='lat' dir='ltr'>quo</span> <span class='ocrx_word' id='word_1_177' title='bbox 1425 1479 1532 1516; x_wconf 82' lang='lat' dir='ltr'>ultra</span> 
     </span>
     <span class='ocr_line' id='line_1_20' title="bbox 92 1547 1532 1602; baseline -0.004 -12"><span class='ocrx_word' id='word_1_178' title='bbox 92 1553 195 1590; x_wconf 87' lang='lat' dir='ltr'>iram</span> <span class='ocrx_word' id='word_1_179' title='bbox 225 1551 540 1602; x_wconf 81' lang='lat' dir='ltr'>violentiamque</span> <span class='ocrx_word' id='word_1_180' title='bbox 566 1551 654 1588; x_wconf 87' lang='lat' dir='ltr'>eius</span> <span class='ocrx_word' id='word_1_181' title='bbox 672 1564 921 1588; x_wconf 84' lang='lat' dir='ltr'>excessuram</span> <span class='ocrx_word' id='word_1_182' title='bbox 938 1550 1073 1595; x_wconf 74' lang='lat' dir='ltr'>fuisse,</span> <span class='ocrx_word' id='word_1_183' title='bbox 1104 1562 1223 1599; x_wconf 88' lang='lat' dir='ltr'>quam</span> <span class='ocrx_word' id='word_1_184' title='bbox 1239 1552 1285 1586; x_wconf 85' lang='lat' dir='ltr'>ut</span> <span class='ocrx_word' id='word_1_185' title='bbox 1299 1547 1532 1586; x_wconf 82' lang='lat' dir='ltr'>verberaret</span> 
     </span>
     <span class='ocr_line' id='line_1_21' title="bbox 92 1615 1599 1670; baseline -0.005 -12"><span class='ocrx_word' id='word_1_186' title='bbox 92 1620 360 1670; x_wconf 80' lang='lat' dir='ltr'>necaretque?</span> <span class='ocrx_word' id='word_1_187' title='bbox 399 1619 528 1667; x_wconf 80' lang='lat' dir='ltr'>Quam</span> <span class='ocrx_word' id='word_1_188' title='bbox 559 1619 799 1657; x_wconf 83' lang='lat' dir='ltr'>conveniens</span> <span class='ocrx_word' id='word_1_189' title='bbox 830 1632 925 1665; x_wconf 89' lang='lat' dir='ltr'>esse,</span> <span class='ocrx_word' id='word_1_190' title='bbox 955 1622 1120 1668; x_wconf 88' lang='lat' dir='ltr'>propter</span> <span class='ocrx_word' id='word_1_191' title='bbox 1145 1618 1194 1665; x_wconf 74' lang='lat' dir='ltr'>Q.</span> <span class='ocrx_word' id='word_1_192' title='bbox 1226 1616 1401 1654; x_wconf 85' lang='lat' dir='ltr'>Fabium</span> <span class='ocrx_word' id='word_1_193' title='bbox 1433 1615 1527 1653; x_wconf 88' lang='lat' dir='ltr'>civi·</span> <span class='ocrx_word' id='word_1_194' title='bbox 1546 1616 1599 1652; x_wconf 89' lang='grc'>20</span> 
     </span>
     <span class='ocr_line' id='line_1_22' title="bbox 91 1683 1532 1738; baseline -0.005 -12"><span class='ocrx_word' id='word_1_195' title='bbox 91 1692 214 1726; x_wconf 85' lang='lat' dir='ltr'>tatem</span> <span class='ocrx_word' id='word_1_196' title='bbox 246 1689 289 1726; x_wconf 92' lang='lat' dir='ltr'>in</span> <span class='ocrx_word' id='word_1_197' title='bbox 319 1687 476 1735; x_wconf 84' lang='lat' dir='ltr'>laetitia,</span> <span class='ocrx_word' id='word_1_198' title='bbox 505 1688 691 1735; x_wconf 84' lang='lat' dir='ltr'>victoria,</span> <span class='ocrx_word' id='word_1_199' title='bbox 721 1687 1088 1738; x_wconf 81' lang='lat' dir='ltr'>supplica-tionibus</span> <span class='ocrx_word' id='word_1_200' title='bbox 1119 1699 1164 1725; x_wconf 88' lang='lat' dir='ltr'>ac</span> <span class='ocrx_word' id='word_1_201' title='bbox 1189 1683 1532 1734; x_wconf 83' lang='lat' dir='ltr'>gratulationibus</span> 
     </span>
     <span class='ocr_line' id='line_1_23' title="bbox 92 1751 1597 1807; baseline -0.005 -12"><span class='ocrx_word' id='word_1_202' title='bbox 92 1770 187 1804; x_wconf 87' lang='lat' dir='ltr'>esse,</span> <span class='ocrx_word' id='word_1_203' title='bbox 218 1770 318 1804; x_wconf 88' lang='lat' dir='ltr'>eum,</span> <span class='ocrx_word' id='word_1_204' title='bbox 358 1759 524 1807; x_wconf 87' lang='lat' dir='ltr'>propter</span> <span class='ocrx_word' id='word_1_205' title='bbox 554 1770 673 1807; x_wconf 90' lang='lat' dir='ltr'>quem</span> <span class='ocrx_word' id='word_1_206' title='bbox 703 1756 822 1794; x_wconf 81' lang='lat' dir='ltr'>deum</span> <span class='ocrx_word' id='word_1_207' title='bbox 853 1755 1022 1793; x_wconf 87' lang='lat' dir='ltr'>delubra</span> <span class='ocrx_word' id='word_1_208' title='bbox 1052 1758 1228 1805; x_wconf 85' lang='lat' dir='ltr'>pateant,</span> <span class='ocrx_word' id='word_1_209' title='bbox 1272 1766 1351 1791; x_wconf 85' lang='lat' dir='ltr'>a-rae</span> <span class='ocrx_word' id='word_1_210' title='bbox 1381 1751 1530 1790; x_wconf 82' lang='lat' dir='ltr'>sacrifi·</span> <span class='ocrx_word' id='word_1_211' title='bbox 1548 1751 1597 1787; x_wconf 92' lang='grc'>21</span> 
     </span>
     <span class='ocr_line' id='line_1_24' title="bbox 93 1819 1532 1873; baseline -0.006 -9"><span class='ocrx_word' id='word_1_212' title='bbox 93 1826 168 1864; x_wconf 85' lang='lat' dir='ltr'>ciis</span> <span class='ocrx_word' id='word_1_213' title='bbox 184 1825 348 1872; x_wconf 87' lang='lat' dir='ltr'>fument,</span> <span class='ocrx_word' id='word_1_214' title='bbox 379 1825 542 1873; x_wconf 89' lang='lat' dir='ltr'>honore,</span> <span class='ocrx_word' id='word_1_215' title='bbox 573 1825 691 1863; x_wconf 85' lang='lat' dir='ltr'>donis</span> <span class='ocrx_word' id='word_1_216' title='bbox 708 1825 971 1871; x_wconf 75' lang='lat' dir='ltr'>cumulentur,</span> <span class='ocrx_word' id='word_1_217' title='bbox 1001 1824 1197 1862; x_wconf 81' lang='lat' dir='ltr'>nudatum</span> <span class='ocrx_word' id='word_1_218' title='bbox 1212 1821 1339 1871; x_wconf 83' lang='lat' dir='ltr'>virgis</span> <span class='ocrx_word' id='word_1_219' title='bbox 1360 1819 1532 1858; x_wconf 86' lang='lat' dir='ltr'>lacerari</span> 
     </span>
     <span class='ocr_line' id='line_1_25' title="bbox 94 1891 1531 1944; baseline -0.005 -12"><span class='ocrx_word' id='word_1_220' title='bbox 94 1895 136 1932; x_wconf 91' lang='lat' dir='ltr'>in</span> <span class='ocrx_word' id='word_1_221' title='bbox 167 1897 383 1944; x_wconf 86' lang='lat' dir='ltr'>conspectu</span> <span class='ocrx_word' id='word_1_222' title='bbox 414 1893 556 1943; x_wconf 88' lang='lat' dir='ltr'>populi</span> <span class='ocrx_word' id='word_1_223' title='bbox 586 1894 774 1940; x_wconf 84' lang='lat' dir='ltr'>Romani,</span> <span class='ocrx_word' id='word_1_224' title='bbox 804 1893 1026 1930; x_wconf 86' lang='lat' dir='ltr'>intuentem</span> <span class='ocrx_word' id='word_1_225' title='bbox 1053 1891 1303 1941; x_wconf 81' lang='lat' dir='ltr'>Capitolium</span> <span class='ocrx_word' id='word_1_226' title='bbox 1335 1892 1456 1938; x_wconf 87' lang='lat' dir='ltr'>atque</span> <span class='ocrx_word' id='word_1_227' title='bbox 1472 1901 1531 1925; x_wconf 87' lang='lat' dir='ltr'>ar-</span> 
     </span>
     <span class='ocr_line' id='line_1_26' title="bbox 93 1955 1531 2012; baseline -0.006 -12"><span class='ocrx_word' id='word_1_228' title='bbox 93 1976 176 2001; x_wconf 86' lang='lat' dir='ltr'>cem</span> <span class='ocrx_word' id='word_1_229' title='bbox 209 1963 383 2012; x_wconf 89' lang='lat' dir='ltr'>deosque</span> <span class='ocrx_word' id='word_1_230' title='bbox 415 1962 464 1999; x_wconf 86' lang='lat' dir='ltr'>ab</span> <span class='ocrx_word' id='word_1_231' title='bbox 504 1975 544 2000; x_wconf 81' lang='lat' dir='ltr'>se</span> <span class='ocrx_word' id='word_1_232' title='bbox 582 1962 739 2000; x_wconf 85' lang='lat' dir='ltr'>duobus</span> <span class='ocrx_word' id='word_1_233' title='bbox 780 1961 938 2012; x_wconf 81' lang='lat' dir='ltr'>proeliis</span> <span class='ocrx_word' id='word_1_234' title='bbox 969 1960 1077 1998; x_wconf 84' lang='lat' dir='ltr'>haud</span> <span class='ocrx_word' id='word_1_235' title='bbox 1108 1960 1258 1996; x_wconf 71' lang='lat' dir='ltr'>frustra</span> <span class='ocrx_word' id='word_1_236' title='bbox 1288 1955 1531 1998; x_wconf 74' lang='lat' dir='ltr'>advocatos?</span> 
     </span>
     <span class='ocr_line' id='line_1_27' title="bbox 93 2024 1601 2080; baseline -0.005 -12"><span class='ocrx_word' id='word_1_237' title='bbox 93 2031 183 2078; x_wconf 79' lang='lat' dir='ltr'>Quo</span> <span class='ocrx_word' id='word_1_238' title='bbox 215 2030 257 2068; x_wconf 84' lang='lat' dir='ltr'>id</span> <span class='ocrx_word' id='word_1_239' title='bbox 289 2030 421 2068; x_wconf 85' lang='lat' dir='ltr'>animo</span> <span class='ocrx_word' id='word_1_240' title='bbox 454 2030 683 2077; x_wconf 85' lang='lat' dir='ltr'>exercitum,</span> <span class='ocrx_word' id='word_1_241' title='bbox 715 2031 785 2080; x_wconf 89' lang='lat' dir='ltr'>qui</span> <span class='ocrx_word' id='word_1_242' title='bbox 810 2030 894 2067; x_wconf 90' lang='lat' dir='ltr'>eius</span> <span class='ocrx_word' id='word_1_243' title='bbox 917 2029 1041 2066; x_wconf 88' lang='lat' dir='ltr'>ductu</span> <span class='ocrx_word' id='word_1_244' title='bbox 1063 2026 1336 2077; x_wconf 85' lang='lat' dir='ltr'>auspiciisque</span> <span class='ocrx_word' id='word_1_245' title='bbox 1359 2025 1532 2070; x_wconf 79' lang='lat' dir='ltr'>vicisset,</span> <span class='ocrx_word' id='word_1_246' title='bbox 1549 2024 1601 2060; x_wconf 85' lang='grc'>22</span> 
     </span>
     <span class='ocr_line' id='line_1_28' title="bbox 94 2093 1531 2148; baseline -0.006 -11"><span class='ocrx_word' id='word_1_247' title='bbox 94 2098 302 2137; x_wconf 78' lang='lat' dir='ltr'>laturum?</span> <span class='ocrx_word' id='word_1_248' title='bbox 347 2112 464 2148; x_wconf 90' lang='lat' dir='ltr'>quem</span> <span class='ocrx_word' id='word_1_249' title='bbox 512 2099 663 2135; x_wconf 84' lang='lat' dir='ltr'>luctum</span> <span class='ocrx_word' id='word_1_250' title='bbox 704 2098 745 2135; x_wconf 89' lang='lat' dir='ltr'>in</span> <span class='ocrx_word' id='word_1_251' title='bbox 786 2098 927 2136; x_wconf 77' lang='lat' dir='ltr'>eastris</span> <span class='ocrx_word' id='word_1_252' title='bbox 958 2096 1164 2143; x_wconf 78' lang='lat' dir='ltr'>Romanis,</span> <span class='ocrx_word' id='word_1_253' title='bbox 1195 2108 1314 2144; x_wconf 86' lang='lat' dir='ltr'>quam</span> <span class='ocrx_word' id='word_1_254' title='bbox 1344 2093 1531 2130; x_wconf 86' lang='lat' dir='ltr'>laetitiam</span> 
     </span>
     <span class='ocr_line' id='line_1_29' title="bbox 94 2161 1602 2215; baseline -0.005 -10"><span class='ocrx_word' id='word_1_255' title='bbox 94 2167 198 2206; x_wconf 86' lang='lat' dir='ltr'>inter</span> <span class='ocrx_word' id='word_1_256' title='bbox 214 2168 348 2205; x_wconf 84' lang='lat' dir='ltr'>hostes</span> <span class='ocrx_word' id='word_1_257' title='bbox 364 2167 476 2204; x_wconf 74' lang='lat' dir='ltr'>fore?</span> <span class='ocrx_word' id='word_1_258' title='bbox 506 2166 605 2204; x_wconf 83' lang='lat' dir='ltr'>Haec</span> <span class='ocrx_word' id='word_1_259' title='bbox 623 2167 743 2204; x_wconf 85' lang='lat' dir='ltr'>simul</span> <span class='ocrx_word' id='word_1_260' title='bbox 760 2166 934 2215; x_wconf 83' lang='lat' dir='ltr'>iurgans,</span> <span class='ocrx_word' id='word_1_261' title='bbox 965 2178 1145 2215; x_wconf 88' lang='lat' dir='ltr'>querens,</span> <span class='ocrx_word' id='word_1_262' title='bbox 1176 2164 1293 2201; x_wconf 86' lang='lat' dir='ltr'>deum</span> <span class='ocrx_word' id='word_1_263' title='bbox 1309 2162 1530 2201; x_wconf 89' lang='lat' dir='ltr'>hominum·</span> <span class='ocrx_word' id='word_1_264' title='bbox 1549 2161 1602 2197; x_wconf 82' lang='grc'>23</span> 
     </span>
     <span class='ocr_line' id='line_1_30' title="bbox 95 2229 1531 2286; baseline -0.006 -12"><span class='ocrx_word' id='word_1_265' title='bbox 95 2249 171 2286; x_wconf 90' lang='lat' dir='ltr'>que</span> <span class='ocrx_word' id='word_1_266' title='bbox 201 2235 321 2273; x_wconf 88' lang='lat' dir='ltr'>fidem</span> <span class='ocrx_word' id='word_1_267' title='bbox 351 2235 556 2273; x_wconf 82' lang='lat' dir='ltr'>obtestans</span> <span class='ocrx_word' id='word_1_268' title='bbox 587 2238 626 2272; x_wconf 77' lang='lat' dir='ltr'>et</span> <span class='ocrx_word' id='word_1_269' title='bbox 657 2235 887 2285; x_wconf 87' lang='lat' dir='ltr'>complexus</span> <span class='ocrx_word' id='word_1_270' title='bbox 916 2233 1044 2271; x_wconf 91' lang='lat' dir='ltr'>filium</span> <span class='ocrx_word' id='word_1_271' title='bbox 1075 2232 1264 2283; x_wconf 87' lang='lat' dir='ltr'>plurimis</span> <span class='ocrx_word' id='word_1_272' title='bbox 1295 2244 1384 2268; x_wconf 87' lang='lat' dir='ltr'>cum</span> <span class='ocrx_word' id='word_1_273' title='bbox 1414 2229 1531 2268; x_wconf 88' lang='lat' dir='ltr'>lacri-</span> 
     </span>
     <span class='ocr_line' id='line_1_31' title="bbox 95 2292 1666 2353; baseline -0.005 -11"><span class='ocrx_word' id='word_1_274' title='bbox 95 2305 169 2342; x_wconf 88' lang='lat' dir='ltr'>mis</span> <span class='ocrx_word' id='word_1_275' title='bbox 200 2304 356 2353; x_wconf 80' lang='lat' dir='ltr'>agebat.</span> <span class='ocrx_word' id='word_1_276' title='bbox 415 2302 559 2341; x_wconf 85' lang='lat' dir='ltr'>Stabat</span> <span class='ocrx_word' id='word_1_277' title='bbox 588 2317 676 2340; x_wconf 90' lang='lat' dir='ltr'>cum</span> <span class='ocrx_word' id='word_1_278' title='bbox 709 2317 753 2341; x_wconf 85' lang='lat' dir='ltr'>eo</span> <span class='ocrx_word' id='word_1_279' title='bbox 785 2305 945 2340; x_wconf 79' lang='lat' dir='ltr'>senatus</span> <span class='ocrx_word' id='word_1_280' title='bbox 985 2301 1192 2348; x_wconf 86' lang='lat' dir='ltr'>maiestas,</span> <span class='ocrx_word' id='word_1_281' title='bbox 1232 2300 1345 2337; x_wconf 80' lang='lat' dir='ltr'>favor</span> <span class='ocrx_word' id='word_1_282' title='bbox 1374 2297 1527 2348; x_wconf 88' lang='lat' dir='ltr'>populi,</span> <span class='ocrx_word' id='word_1_283' title='bbox 1608 2292 1666 2339; x_wconf 78' lang='grc'>34</span> 
     </span>
     <span class='ocr_line' id='line_1_32' title="bbox 93 2365 1572 2418; baseline -0.005 -9"><span class='ocrx_word' id='word_1_284' title='bbox 93 2371 357 2411; x_wconf 84' lang='lat' dir='ltr'>tribunicium</span> <span class='ocrx_word' id='word_1_285' title='bbox 380 2371 589 2418; x_wconf 84' lang='lat' dir='ltr'>auxilium,</span> <span class='ocrx_word' id='word_1_286' title='bbox 620 2371 812 2409; x_wconf 87' lang='lat' dir='ltr'>memoria</span> <span class='ocrx_word' id='word_1_287' title='bbox 839 2370 1016 2408; x_wconf 84' lang='lat' dir='ltr'>absentis</span> <span class='ocrx_word' id='word_1_288' title='bbox 1033 2369 1248 2415; x_wconf 81' lang='lat' dir='ltr'>exercitus3</span> <span class='ocrx_word' id='word_1_289' title='bbox 1281 2382 1328 2405; x_wconf 85' lang='lat' dir='ltr'>ex</span> <span class='ocrx_word' id='word_1_290' title='bbox 1346 2370 1459 2417; x_wconf 84' lang='lat' dir='ltr'>parte</span> <span class='ocrx_word' id='word_1_291' title='bbox 1476 2365 1530 2403; x_wconf 88' lang='lat' dir='ltr'>al·</span> <span class='ocrx_word' id='word_1_292' title='bbox 1549 2365 1572 2401; x_wconf 91' lang='grc'>2</span> 
     </span>
     <span class='ocr_line' id='line_1_33' title="bbox 93 2433 1531 2491; baseline -0.006 -13"><span class='ocrx_word' id='word_1_293' title='bbox 93 2445 181 2479; x_wconf 79' lang='lat' dir='ltr'>tera</span> <span class='ocrx_word' id='word_1_294' title='bbox 211 2440 422 2491; x_wconf 85' lang='lat' dir='ltr'>imperium</span> <span class='ocrx_word' id='word_1_295' title='bbox 454 2440 649 2478; x_wconf 83' lang='lat' dir='ltr'>invictum</span> <span class='ocrx_word' id='word_1_296' title='bbox 681 2439 823 2489; x_wconf 90' lang='lat' dir='ltr'>populi</span> <span class='ocrx_word' id='word_1_297' title='bbox 846 2438 1019 2477; x_wconf 87' lang='lat' dir='ltr'>Romani</span> <span class='ocrx_word' id='word_1_298' title='bbox 1052 2441 1091 2475; x_wconf 81' lang='lat' dir='ltr'>et</span> <span class='ocrx_word' id='word_1_299' title='bbox 1121 2437 1340 2486; x_wconf 83' lang='lat' dir='ltr'>disciplina</span> <span class='ocrx_word' id='word_1_300' title='bbox 1370 2435 1428 2472; x_wconf 86' lang='lat' dir='ltr'>rei</span> <span class='ocrx_word' id='word_1_301' title='bbox 1460 2433 1531 2471; x_wconf 86' lang='lat' dir='ltr'>mi-</span> 
     </span>
     <span class='ocr_line' id='line_1_34' title="bbox 93 2505 1532 2557; baseline -0.005 -11"><span class='ocrx_word' id='word_1_302' title='bbox 93 2509 226 2548; x_wconf 85' lang='lat' dir='ltr'>litaris</span> <span class='ocrx_word' id='word_1_303' title='bbox 257 2512 297 2546; x_wconf 89' lang='lat' dir='ltr'>et</span> <span class='ocrx_word' id='word_1_304' title='bbox 327 2508 540 2547; x_wconf 86' lang='lat' dir='ltr'>dictatoris</span> <span class='ocrx_word' id='word_1_305' title='bbox 580 2509 757 2547; x_wconf 86' lang='lat' dir='ltr'>edictum</span> <span class='ocrx_word' id='word_1_306' title='bbox 796 2521 869 2557; x_wconf 90' lang='lat' dir='ltr'>pro</span> <span class='ocrx_word' id='word_1_307' title='bbox 900 2507 1060 2545; x_wconf 89' lang='lat' dir='ltr'>numine</span> <span class='ocrx_word' id='word_1_308' title='bbox 1091 2519 1247 2556; x_wconf 85' lang='lat' dir='ltr'>semper</span> <span class='ocrx_word' id='word_1_309' title='bbox 1277 2505 1532 2543; x_wconf 86' lang='lat' dir='ltr'>observatum</span> 
     </span>
     <span class='ocr_line' id='line_1_35' title="bbox 96 2570 1534 2627; baseline -0.006 -12"><span class='ocrx_word' id='word_1_310' title='bbox 96 2581 136 2614; x_wconf 83' lang='lat' dir='ltr'>et</span> <span class='ocrx_word' id='word_1_311' title='bbox 150 2577 359 2615; x_wconf 85' lang='lat' dir='ltr'>Manliana</span> <span class='ocrx_word' id='word_1_312' title='bbox 390 2577 562 2627; x_wconf 86' lang='lat' dir='ltr'>imperia</span> <span class='ocrx_word' id='word_1_313' title='bbox 592 2581 630 2614; x_wconf 88' lang='lat' dir='ltr'>et</span> <span class='ocrx_word' id='word_1_314' title='bbox 653 2575 886 2626; x_wconf 83' lang='lat' dir='ltr'>posthabita</span> <span class='ocrx_word' id='word_1_315' title='bbox 911 2575 986 2613; x_wconf 90' lang='lat' dir='ltr'>filii</span> <span class='ocrx_word' id='word_1_316' title='bbox 1013 2575 1157 2612; x_wconf 85' lang='lat' dir='ltr'>caritas</span> <span class='ocrx_word' id='word_1_317' title='bbox 1173 2573 1346 2624; x_wconf 84' lang='lat' dir='ltr'>publicae</span> <span class='ocrx_word' id='word_1_318' title='bbox 1365 2570 1534 2609; x_wconf 82' lang='lat' dir='ltr'>utilitati</span> 
     </span>
     <span class='ocr_line' id='line_1_36' title="bbox 98 2638 1573 2691; baseline -0.004 -9"><span class='ocrx_word' id='word_1_319' title='bbox 98 2644 362 2684; x_wconf 78' lang='lat' dir='ltr'>iaetabantur.</span> <span class='ocrx_word' id='word_1_320' title='bbox 435 2645 525 2683; x_wconf 91' lang='lat' dir='ltr'>Hoc</span> <span class='ocrx_word' id='word_1_321' title='bbox 566 2645 686 2683; x_wconf 88' lang='lat' dir='ltr'>etiam</span> <span class='ocrx_word' id='word_1_322' title='bbox 733 2644 777 2682; x_wconf 87' lang='lat' dir='ltr'>L.</span> <span class='ocrx_word' id='word_1_323' title='bbox 818 2643 1002 2691; x_wconf 88' lang='lat' dir='ltr'>Brutum,</span> <span class='ocrx_word' id='word_1_324' title='bbox 1045 2643 1296 2681; x_wconf 87' lang='lat' dir='ltr'>conditorem</span> <span class='ocrx_word' id='word_1_325' title='bbox 1341 2641 1531 2678; x_wconf 79' lang='lat' dir='ltr'>Romanae</span> <span class='ocrx_word' id='word_1_326' title='bbox 1550 2638 1573 2675; x_wconf 81' lang='lat'><strong>3</strong></span> 
     </span>
    </p>
   </div>
  </div>
 </body>
</html>
