1821 2928
619 198 708 224 Liber
727 198 812 223 vni.
851 198 897 225 (A.
918 198 969 223 vn.
990 199 1061 228 340.)
1432 188 1505 225 101

128 314 341 353 Consensit
370 318 409 352 et
439 317 598 351 senatus
628 313 796 353 bellum:
828 313 1099 362 consulesque,
1131 312 1285 350 duobus
1311 312 1472 362 scriptis
1502 325 1566 349 ex·
1584 313 1608 350 8

129 383 332 430 ercitibus,
362 395 432 432 per
448 381 605 419 Marsos
622 380 892 431 Pelignosque
910 380 1091 431 profecti,
1118 380 1307 418 adiuncto
1325 379 1568 417 Samnitium

129 452 316 498 exerc-itu,
362 450 411 488 ad
445 449 634 500 Capuam,
681 463 759 499 quo
802 450 879 487 iam
911 449 1050 486 Latini
1083 448 1260 498 sociique
1292 452 1569 496 convenerant,

129 524 258 557 castra
289 519 435 557 locant.

242 587 309 625 Ibi
343 587 383 625 in
416 587 552 637 quiete
582 587 745 637 utrique
778 587 932 625 consuli
963 587 1100 624 eadem
1134 586 1283 623 dicitur
1304 585 1393 622 visa
1418 584 1566 634 species
1586 585 1608 622 9

127 657 207 694 viri
239 656 402 693 maioris
433 668 551 703 quam
576 668 649 704 pro
673 655 848 693 humano
865 654 1006 692 habitu
1024 654 1357 703 augustiorisque,
1389 652 1570 698 dicentis,

128 738 175 761 ex
204 737 285 762 una
315 724 402 761 acie
434 723 734 772 imperatorem,
775 736 821 760 ex
862 723 989 761 altera
1020 722 1235 759 exercitum
1267 721 1353 758 deis
1384 720 1568 759 manibus
1590 721 1639 757 10

129 793 328 842 matrique
360 791 493 829 Terrae
527 791 685 837 deberi,
731 791 861 828 utrius
901 791 1100 828 exercitus
1141 790 1360 840 imperator
1391 790 1570 838 legiones

127 861 303 899 hostium
335 873 533 909 superque
565 873 630 896 eas
675 873 716 897 se
763 859 1001 905 devovisset,
1046 858 1130 895 eius
1175 857 1316 908 populi
1362 858 1569 907 partisque

126 928 337 966 victoriani
369 928 465 964 fore.
539 928 625 965 Hos
670 927 741 964 ubi
787 932 1001 965 nocturnos
1038 927 1149 963 visus
1180 926 1286 962 inter
1316 939 1356 962 se
1388 926 1569 963 consules
1591 927 1634 962 11

129 997 394 1042 contulerunt,
439 996 604 1045 placuit,
649 995 959 1033 averruncandae
991 995 1108 1031 deum
1139 993 1209 1030 irae
1239 993 1425 1031 victimas
1456 993 1571 1041 caedi3

129 1065 247 1101 simul
278 1067 333 1110 ut,
364 1063 398 1100 si
431 1064 531 1101 extis
563 1064 712 1111 eadem,
743 1077 831 1114 quae
863 1063 1018 1101 somnio
1049 1062 1136 1099 visa
1158 1061 1327 1108 fuerant,
1359 1062 1569 1111 portende-

127 1137 277 1178 rentur,
309 1132 502 1169 alteruter
534 1133 738 1170 consulum
771 1133 854 1169 fata
886 1132 1081 1182 impleret.
1141 1129 1436 1179 Ubiresponsa
1451 1131 1568 1168 haru-
1592 1131 1638 1167 12

128 1201 282 1251 spicum
313 1200 508 1237 insidenti
541 1200 620 1237 iam
651 1201 784 1237 animo
809 1200 944 1238 tacitae
970 1199 1159 1248 religioni
1177 1202 1456 1247 congruerunt,
1485 1202 1570 1236 tum

130 1268 327 1306 adhibitis
358 1268 502 1317 legatis
546 1269 803 1318 tribunisque
837 1273 876 1305 et
907 1268 1086 1318 imperiis
1118 1267 1235 1304 deum
1266 1267 1476 1316 propalam
1509 1281 1571 1304 ex-

128 1337 285 1388 positis,
315 1349 365 1373 ne
389 1350 496 1373 mors
519 1336 749 1374 voluntaria
777 1337 953 1374 consulis
971 1337 1189 1374 exercitum
1217 1335 1259 1371 in
1283 1335 1366 1372 acie
1392 1339 1571 1382 terreret,

130 1409 365 1455 comparant
394 1405 500 1441 inter
531 1418 583 1450 se,
614 1410 670 1451 ut,
701 1405 751 1442 ab
783 1410 874 1442 utra
901 1408 1018 1454 parte
1036 1403 1174 1441 cedere
1191 1403 1397 1440 Romanus
1424 1404 1570 1441 exerci·
1593 1403 1642 1439 13

127 1477 192 1511 tus
223 1473 419 1523 coepisset,
466 1473 560 1509 inde
592 1487 632 1509 se
664 1474 801 1511 consul
832 1473 1046 1510 devoveret
1090 1484 1164 1522 pro
1210 1471 1359 1520 populo
1390 1471 1571 1509 Romano

128 1542 449 1591 Quiritibusque.
511 1541 725 1589 Agitatum
757 1541 878 1578 etiam
904 1541 944 1578 in
970 1541 1139 1578 consilio
1172 1544 1241 1586 est,
1271 1543 1326 1586 ut,
1358 1540 1391 1576 si
1409 1540 1569 1589 quando
1591 1539 1642 1575 14

129 1623 305 1659 unquam
336 1622 471 1647 severo
511 1609 638 1646 ullum
678 1610 847 1659 imperio
893 1609 1042 1646 bellum
1089 1608 1413 1646 administratum
1460 1612 1572 1654 esset,

128 1682 224 1715 tunc
253 1678 314 1715 uti
347 1677 567 1727 disciplina
607 1677 797 1714 militaris
843 1677 893 1715 ad
940 1677 1092 1727 priscos
1136 1676 1388 1725 redigeretur
1432 1689 1572 1713 mores.

129 1746 275 1783 Curam
292 1745 471 1793 acuebat,
503 1745 611 1795 quod
639 1746 829 1783 adversus
846 1745 1015 1783 Latinos
1042 1743 1276 1782 bellandum
1294 1747 1390 1790 erat,
1422 1744 1571 1793 lingua,
1592 1742 1641 1779 15

127 1814 319 1861 moribus,
365 1827 564 1851 armorum
597 1827 759 1862 genere,
806 1814 1006 1851 institutis
1038 1816 1129 1851 ante
1162 1812 1294 1851 omnia
1324 1812 1574 1849 militaribus

128 1885 411 1932 congruentes:
443 1881 595 1919 milites
625 1882 838 1929 militibus,
870 1881 1174 1919 centurionibus
1207 1880 1470 1926 centuriones,
1500 1880 1571 1917 tri-

127 1951 225 1988 buni
257 1949 434 1987 tribunis
465 1963 672 1999 compares
704 1950 947 2000 collegaeque
974 1949 1114 1986 iisdem
1132 1947 1347 1998 praesidiis,
1378 1961 1481 1998 saepe
1506 1948 1572 1985 iis-

128 2019 214 2056 dem
248 2017 467 2068 manipulis
498 2018 687 2068 permixti
719 2018 888 2055 fuerant.
949 2017 1029 2055 Per
1060 2017 1144 2054 haec
1170 2031 1219 2054 ne
1245 2030 1324 2066 quo
1347 2029 1482 2054 errore
1498 2015 1569 2052 mi·
1592 2015 1640 2051 16

127 2086 221 2123 lites
252 2091 503 2136 caperentur,
535 2086 700 2124 edicunt
731 2086 924 2132 consules,
971 2099 1018 2122 ne
1050 2085 1140 2135 quis
1172 2089 1284 2122 extra
1315 2085 1497 2122 ordinem
1530 2084 1571 2121 in

128 2155 280 2192 hostem
311 2159 520 2204 pugnaret.
746 2145 751 2149 ¹

242 2222 365 2260 Forte
396 2223 500 2259 inter
531 2226 684 2259 ceteros
714 2226 935 2259 turmarum
967 2223 1185 2271 praefectos,
1215 2221 1285 2272 qui
1318 2222 1568 2272 exploratum
1659 2215 1682 2261 7

129 2291 169 2327 in
215 2305 350 2329 omnes
394 2294 529 2340 partes
576 2291 730 2327 dimissi
773 2294 898 2337 erant,
944 2290 997 2327 T!
1019 2291 1198 2328 Manlius
1243 2291 1419 2328 consulis
1464 2289 1572 2326 filius

127 2371 246 2408 super
277 2363 409 2396 castra
440 2359 615 2396 hostium
649 2371 736 2395 curn
769 2358 851 2395 suis
883 2358 1123 2396 turmalibus
1155 2359 1298 2405 evasit,
1345 2358 1400 2395 ita
1430 2361 1475 2394 ut
1504 2357 1573 2394 vix

129 2427 202 2464 teli
236 2427 344 2465 iactu
377 2426 427 2464 ab
459 2427 631 2465 statione
668 2426 852 2476 proxima
882 2426 1048 2464 abesset.
1108 2427 1174 2464 lbi
1207 2426 1426 2463 Tusculani
1460 2424 1612 2462 erant2

128 2495 300 2544 equites3
332 2499 503 2544 praeerat
521 2492 717 2532 Geminus
734 2494 911 2541 Maecius,
940 2495 1004 2532 vir
1031 2509 1153 2545 quum
1171 2507 1315 2544 genere
1340 2494 1444 2530 inter
1471 2506 1574 2538 suos,

127 2565 210 2599 tum
242 2563 361 2600 factis
393 2563 535 2600 clarus.
597 2563 638 2599 Is
669 2563 737 2599 ubi
772 2563 975 2601 Romanos
999 2564 1153 2614 equites
1172 2563 1449 2610 insignemque
1466 2561 1612 2598 inter3

130 2642 196 2667 eos
227 2631 518 2680 praecedentem
551 2631 728 2668 consulis
759 2631 886 2668 filium
920 2633 1027 2677 (nam
1059 2644 1194 2668 omnes
1219 2630 1324 2667 inter
1351 2643 1402 2676 se,
1433 2629 1572 2678 utique
