1821 2928
344 156 393 191 10
746 164 834 188 Liber
853 163 904 188 vr
942 163 990 190 (Α.
1009 170 1037 188 u.
1057 170 1082 187 c.
1103 164 1258 191 ,ποθ-369.)

243 280 264 315 5
283 283 432 325 rentur,
464 283 503 315 et
532 278 726 316 Romanis
756 276 1018 327 recuperandi
1049 276 1269 325 tuendique
1302 290 1395 313 cura
1426 267 1543 314 erat.⁴
1581 277 1714 326 Igitur

280 346 435 384 senatui
477 359 563 383 cum
605 346 774 383 Camillo
815 346 880 394 agi
922 345 1085 394 placuit,
1129 349 1174 381 ut
1213 345 1356 382 omisso
1399 345 1525 382 Antio
1564 345 1714 382 bellum

279 415 491 452 Etruscum
522 415 756 463 susciperet;
789 414 964 462 legiones
996 413 1170 458 urbanae,
1202 413 1345 461 quibus
1370 413 1583 459 Quinctius
1613 426 1712 463 prae-

239 486 260 519 ὅ
279 484 420 528 fuerat,
452 482 488 519 ei
520 483 798 519 decernuntur.
844 482 1082 530 Quanquam
1100 485 1305 530 expertum
1337 481 1553 518 exercitum
1584 495 1712 519 assue—

276 556 439 600 tumque
471 550 649 599 imperio,
681 550 750 598 qui
782 549 822 585 in
855 549 1013 586 Volscis
1045 553 1141 594 erat,
1178 549 1324 595 mallet,
1363 549 1465 585 nihil
1498 549 1712 595 recusavit;

277 618 486 656 Valerium
515 618 789 655 tantummodo
823 617 981 665 imperii
1012 617 1162 654 socium
1193 617 1438 666 depoposcit.
1498 616 1712 664 Quinctius

276 686 551 734 Horatiusque
582 699 826 723 successores
858 685 1022 722 Valerio
1056 685 1096 721 in
1128 685 1295 722 Volscos
1326 685 1447 722 missi.

239 757 259 790 7
391 754 570 791 Profecti
610 755 659 791 ab
702 755 799 790 urbe
841 753 1021 791 Sutrium
1062 753 1209 791 Furius
1251 759 1290 790 et
1329 753 1517 791 Valerius
1558 756 1712 802 partem

276 822 415 871 oppidi
446 823 524 859 iam
556 826 713 871 captam
745 823 793 859 ab
820 821 1002 858 Etruscis
1033 821 1227 867 invenere,
1259 836 1305 858 ex
1336 825 1448 870 parte
1480 821 1615 867 altera,
1654 821 1711 857 in-

273 891 472 940 tersaeptis
490 890 710 935 itineribus,
742 903 844 938 aegre
869 889 1091 939 oppidanos
1107 890 1187 926 vim
1210 890 1383 927 host-ium
1399 890 1448 926 ab
1466 903 1506 926 se
1522 892 1712 926 arcentes.

233 959 408 1005 &Quum
439 958 611 996 Romani
643 958 783 996 auxilii
815 958 1020 1003 adventus
1060 962 1145 994 tum
1177 957 1336 994 Camilli
1367 970 1510 994 nomen
1541 957 1710 994 celeber-

274 1028 417 1065 rimum
441 1028 548 1076 apud
579 1027 711 1063 hostes
743 1026 950 1074 sociosque
982 1030 1019 1062 et
1052 1026 1091 1062 in
1123 1026 1336 1074 praesentia
1365 1039 1447 1062 rem
1480 1025 1710 1062 inclinatam

234 1098 256 1131 9
275 1095 465 1132 sustinuit
496 1099 535 1131 et
566 1094 738 1143 spatium
777 1094 827 1130 ad
859 1107 972 1143 opem
1004 1094 1207 1131 ferendam
1239 1094 1362 1130 dedit.
1407 1093 1550 1142 Itaque
1582 1092 1710 1130 diviso

273 1163 446 1200 exercitu
465 1162 657 1200 Camillus
681 1162 883 1210 collegam,
916 1162 955 1198 in
980 1175 1063 1198 eam
1087 1166 1241 1211 partem
1265 1161 1547 1198 circumductis
1574 1160 1710 1209 copiis,

274 1244 391 1280 quam
421 1231 553 1267 hostes
582 1231 784 1276 tenebant,
824 1230 968 1266 moenia
1000 1230 1165 1278 aggredi
1198 1230 1318 1275 iubet,
1358 1243 1437 1266 non
1476 1233 1589 1266 tanta
1630 1242 1710 1279 spe,

272 1299 391 1336 scalis
423 1298 513 1347 capi
544 1299 684 1335 urbem
714 1312 839 1347 posse,
873 1311 989 1346 quam
1020 1302 1076 1341 ut,
1108 1298 1255 1334 aversis
1288 1311 1331 1334 eo
1362 1297 1555 1343 hostibus,
1587 1300 1625 1334 et
1642 1311 1709 1347 op-

272 1367 430 1416 pidanis
462 1367 540 1403 iam
579 1365 794 1416 pugnando
826 1366 938 1402 fessis
976 1366 1177 1402 laxaretur
1207 1366 1320 1403 labor
1352 1370 1389 1402 et
1421 1365 1505 1415 ipse
1536 1365 1709 1413 spatium

207 1436 256 1472 10
274 1435 451 1471 intrandi
491 1434 575 1471 sine
607 1434 820 1471 certamine
862 1434 1006 1470 moenia
1046 1434 1222 1471 haberet.
1281 1434 1399 1481 Quod
1431 1447 1552 1482 quum
1591 1433 1710 1470 simul

272 1503 458 1551 utrinque
489 1503 638 1540 factum
670 1508 771 1539 esset
802 1515 1026 1551 ancepsque
1056 1506 1184 1539 terror
1201 1502 1391 1540 Etruscos
1423 1501 1710 1547 circumstaret,

273 1574 311 1607 et
341 1570 486 1606 moenia
517 1584 667 1607 summa
697 1571 738 1607 vi
771 1570 996 1622 oppugnari
1028 1573 1066 1606 et
1106 1570 1211 1607 intra
1254 1570 1397 1607 moenia
1436 1584 1518 1606 esse
1556 1570 1709 1607 hostem

272 1638 466 1683 viderent,
511 1642 628 1687 porta
665 1652 716 1683 se,
761 1651 848 1686 quae
886 1651 965 1674 una
1003 1638 1105 1675 forte
1136 1652 1215 1675 non
1246 1638 1515 1684 obsidebatur,
1559 1637 1709 1686 trepidi

206 1707 252 1742 11
274 1720 351 1743 uno
383 1706 540 1754 agmine
572 1706 731 1742 eiecere.
791 1706 940 1753 Magna
973 1705 1098 1742 caedes
1129 1706 1367 1753 fugientium
1399 1709 1437 1742 et
1468 1705 1509 1742 in
1541 1706 1639 1742 urbe
1670 1709 1709 1742 et

272 1787 342 1823 per
383 1787 499 1821 agros
541 1778 597 1810 est
642 1774 764 1819 facta3
811 1774 944 1822 plures
985 1788 1007 1810 a
1038 1773 1225 1810 Furianis
1267 1773 1372 1810 intra
1412 1773 1556 1810 moenia
1598 1773 1706 1819 caesi;

272 1841 481 1878 Valeriani
512 1841 777 1890 expeditiores
802 1842 852 1878 ad
876 1841 1168 1890 persequendos
1199 1842 1308 1879 suere
1331 1856 1402 1878 nec
1426 1845 1516 1879 ante
1541 1845 1707 1887 noctem,

205 1910 252 1945 12
271 1922 357 1958 quae
390 1913 643 1958 conspectum
666 1910 824 1955 ademit,
854 1909 971 1945 finem
1000 1909 1178 1946 caedendi
1204 1910 1340 1946 fecere.
1387 1908 1522 1946 Sutrio
1546 1912 1706 1958 recepto

270 1977 536 2026 restitutoque
567 1977 695 2023 sociis,
735 1977 887 2026 Nepete
919 1977 1113 2014 exercitus
1155 1978 1308 2024 (luctus.
1349 1978 1456 2026 quod
1497 1991 1566 2026 per
1598 1977 1707 2014 dedi-

145 2041 200 2087 10
273 2045 423 2082 tionem
463 2049 669 2093 acceptum
710 2045 786 2081 iam
827 2049 953 2081 totuin
994 2045 1154 2081 Etrusci
1194 2045 1406 2082 habebant.
1480 2044 1707 2082 Videbatur

271 2112 361 2161 plus
394 2111 434 2148 in
466 2125 510 2148 ea
541 2112 639 2149 urbe
670 2112 901 2161 recipienda
933 2113 1081 2150 laboris
1112 2113 1206 2159 fore,
1237 2126 1316 2150 non
1347 2126 1392 2150 eo
1423 2113 1560 2159 solum,
1599 2112 1706 2161 quod

270 2183 355 2217 tota
386 2179 559 2216 hostium
577 2185 672 2225 erat,
706 2181 773 2216 sed
801 2181 919 2217 etiam
937 2180 1044 2229 quod
1067 2184 1180 2229 parte
1197 2180 1487 2230 Nepesinorum
1511 2180 1706 2229 prodente

231 2248 253 2283 2
274 2247 477 2284 civitatem
509 2247 614 2284 facta
646 2252 729 2284 erat
762 2248 931 2294 ‹lediti03
962 2248 1068 2284 mitti
1098 2254 1230 2285 tamen
1256 2249 1306 2285 ad
1338 2249 1539 2298 principes
1571 2262 1704 2285 eorum
1724 2291 1735 2298 „

272 2316 434 2365 placuit,
465 2318 511 2351 ut
542 2320 789 2352 secernerent
822 2330 861 2351 se
893 2316 940 2352 ab
965 2316 1145 2353 Etruscis
1176 2316 1384 2366 fidemque,
1416 2330 1535 2366 quam
1565 2316 1704 2365 implo-

233 2386 255 2419 :5
272 2386 426 2420 rassent
457 2383 506 2420 ab
537 2382 740 2428 Romanis,
772 2382 849 2431 ipsi
881 2387 1127 2432 praestarent.
1173 2383 1290 2421 Unde
1322 2398 1442 2433 quum
1473 2397 1705 2433 responsum

272 2451 438 2488 allatum
469 2454 580 2496 esset,
611 2450 713 2486 nihil
744 2463 821 2486 suae
847 2450 1055 2498 potestatis
1079 2464 1171 2497 esse,
1202 2452 1391 2489 Etruscos
1417 2453 1560 2489 moenia
1577 2455 1703 2489 custo-

271 2518 436 2567 diasque
463 2521 668 2567 portarum
698 2521 842 2563 tenere,
873 2517 1002 2565 primo
1026 2519 1354 2567 populationibus
1377 2519 1464 2567 agri
1486 2524 1615 2556 terror
1646 2523 1704 2556 est

231 2586 256 2621 4
274 2585 486 2634 oppidanis
504 2586 703 2630 admotus;
736 2585 892 2631 deinde,
908 2589 1119 2634 postquam
1137 2586 1352 2623 deditionis
1369 2600 1486 2635 quam
1503 2586 1703 2624 societatis
