1821 2928
613 1054 1000 1103 PRAEFATIO

466 1192 539 1241 10.
569 1192 619 1239 N
620 1202 819 1242 ICOLAJ
847 1193 1156 1242 MADVIGH.

182 1385 400 1429 Antequam
425 1384 472 1419 ad
494 1388 637 1419 nostrae
657 1385 892 1419 recensionis
911 1385 951 1419 in
970 1384 1030 1418 his
1045 1385 1213 1429 quinque
1234 1385 1341 1421 libris
1354 1385 1527 1431 formam,

88 1442 192 1476 utin
212 1441 407 1486 superiore
426 1446 547 1486 parte.
574 1442 863 1486 comparatione
878 1441 1041 1486 exempli
1055 1442 1407 1477 Weissenborniani
1421 1454 1526 1478 mon·

92 1499 286 1533 strandam
311 1498 435 1533 venio.
463 1498 509 1532 de
536 1498 684 1532 duabus
709 1499 824 1533 rebus
849 1499 1017 1533 breviter
1044 1498 1250 1534 dicendum
1277 1503 1344 1534 est.

182 1555 352 1589 Primum
387 1555 426 1589 in
458 1556 565 1589 annis
596 1556 636 1589 in
667 1556 896 1600 paginarum
925 1559 1096 1601 margine
1128 1557 1310 1591 notandis
1344 1558 1527 1602 quonjam

92 1611 220 1656 aliqua
246 1615 328 1647 erat
361 1611 565 1647 difficultas
596 1616 757 1658 propter
787 1612 972 1648 fastorum
1004 1617 1042 1648 et
1074 1614 1198 1648 aetatis
1230 1614 1336 1649 urbis
1370 1626 1525 1660 compu-

89 1669 217 1704 tandae
245 1669 552 1715 discrepantiam,
578 1681 694 1714 quum
720 1670 846 1715 ipsum
859 1670 1011 1706 Livium
1030 1675 1233 1716 appareret
1252 1683 1331 1706 non
1352 1676 1527 1707 secutum

90 1738 172 1762 esse
195 1731 420 1772 perpetuam
451 1727 587 1761 seriem
613 1726 799 1762 fastorum
826 1728 873 1762 ad
906 1732 1050 1763 certam
1083 1728 1130 1762 de
1161 1729 1266 1763 urbis
1299 1732 1411 1764 aetate
1444 1729 1525 1774 opi·

87 1785 243 1820 nionem
257 1784 594 1826 accommodatam,
618 1795 703 1829 quae
718 1784 879 1830 exprimi
891 1789 1036 1830 posset,
1060 1786 1132 1820 hac
1146 1787 1204 1820 usi
1219 1798 1348 1821 sumus
1362 1786 1524 1821 ratione.

88 1842 258 1877 Primum
283 1842 479 1877 omisimus
506 1854 594 1876 eum
619 1854 778 1885 annum,
806 1842 871 1886 qui
895 1842 1010 1887 vulgo
1038 1842 1197 1877 Camillo
1231 1843 1411 1878 dictatori
1435 1846 1526 1887 post

87 1903 284 1945 receptam
309 1911 330 1935 a
355 1899 472 1934 Gallis
497 1899 632 1933 urbem
665 1900 882 1945 assignatur
915 1900 996 1943 (365
1028 1899 1074 1934 ab
1105 1912 1140 1934 u.
1173 1911 1219 1942 c.‚
1253 1901 1320 1935 389
1354 1913 1383 1935 a.
1410 1898 1525 1944 Chr.),

89 1957 156 1992 sed
180 1969 202 1992 a
224 1956 335 1992 Livio
361 1968 440 1991 non
465 1955 715 2002 significatur,
743 1968 818 2001 quo
844 1956 989 1991 factum
1015 1960 1083 1999 est,
1108 1960 1151 1991 ut
1177 1957 1222 1992 ab
1242 1958 1354 1992 initio
1368 1957 1456 1991 libri
1472 1956 1525 1992 VI

88 2013 136 2049 ad
164 2025 192 2049 c.
220 2016 264 2049 34
287 2025 364 2049 uno
393 2025 491 2049 anno
517 2014 642 2048 minus
669 2014 715 2048 ab
735 2014 843 2057 urbe,
867 2025 945 2048 uno
966 2014 1053 2058 plus
1076 2018 1163 2049 ante
1179 2014 1372 2049 Christum
1391 2026 1523 2049 nume-

86 2082 267 2115 raremus,
295 2083 409 2116 quam
433 2071 547 2113 vulgo
573 2074 815 2114 numeratur3
848 2070 986 2106 deinde
1023 2075 1151 2106 autem
1178 2083 1264 2106 eum
1290 2084 1432 2107 annum
1456 2083 1523 2107 no-

86 2128 262 2172 tavimus,
288 2129 354 2173 qui
378 2128 441 2172 VI,
466 2131 510 2163 34
537 2132 575 2163 et
601 2129 644 2163 35
672 2140 692 2162 a
715 2127 825 2162 Livio
851 2128 932 2162 sine
956 2128 1203 2163 tribunorum
1222 2129 1388 2164 militum
1400 2129 1522 2164 nomi-

86 2186 199 2221 nibus
225 2185 464 2232 significatur
486 2190 636 2229 tamen,
669 2196 744 2230 quo
779 2185 815 2219 C.
840 2185 1011 2219 Licinius
1043 2188 1080 2219 et
1103 2185 1145 2220 L.
1172 2185 1324 2221 Sextius
1355 2187 1524 2231 primum

85 2244 231 2279 tribuni
254 2244 305 2289 pl.
330 2243 496 2287 fuerunt,
524 2243 707 2287 quoniam
731 2242 900 2277 narratio
933 2253 1011 2277 non
1034 2243 1201 2288 patitur,
1232 2243 1371 2278 horum
1400 2243 1523 2278 tribu-

85 2298 219 2337 natu'm
242 2301 365 2346 plebis
389 2302 431 2335 in
456 2300 620 2335 eundem
645 2312 788 2334 annum
810 2299 969 2343 includi,
994 2311 1160 2344 quorum
1184 2301 1331 2336 tribuni
1355 2301 1524 2335 militum

87 2369 118 2394 c.
143 2360 187 2394 32
210 2359 468 2393 nominantur.
516 2357 652 2401 Itaque
677 2357 767 2392 hinc
792 2358 914 2392 nostri
934 2358 1084 2392 numeri
1106 2369 1190 2393 eum
1205 2359 1353 2404 vulgari
1372 2358 1521 2393 ratione

87 2416 351 2459 consentiunt,
385 2426 519 2450 eorum
544 2415 708 2453 scilicet,
742 2415 807 2459 qui
829 2415 974 2460 primos
1002 2416 1176 2450 consules
1204 2428 1233 2451 a.
1259 2417 1328 2451 245
1355 2415 1400 2450 ab
1426 2427 1461 2449 u.
1490 2426 1519 2450 c.

84 2476 246 2518 ponunt.
293 2472 405 2507 Hunc
432 2483 664 2507 consensum
687 2483 735 2506 ne
759 2471 1020 2516 turbaremus,
1052 2476 1131 2507 tres
1163 2484 1301 2515 annos,
1335 2473 1399 2517 qui
1429 2475 1520 2516 post

86 2529 161 2565 hoc
182 2533 336 2575 tempus
360 2530 475 2574 vulgo
514 2529 716 2563 dictaturis
748 2529 829 2563 sine
861 2529 1083 2564 consulibus
1114 2533 1318 2573 notantur,
1356 2541 1377 2564 a
1408 2527 1518 2563 Livio

88 2589 216 2621 autem
237 2590 341 2622 recte
368 2587 448 2622 sine
475 2586 592 2621 dubio
620 2587 864 2627 omittuntur,
889 2597 967 2623 non
990 2587 1077 2622 illos
1103 2587 1258 2632 quidem
1282 2587 1323 2621 in
1347 2586 1518 2631 margine

89 2644 293 2688 separatim
315 2643 545 2687 notavimus,
572 2644 638 2679 sed
663 2647 792 2678 tamen
823 2644 1000 2679 universo
1033 2655 1192 2678 numero
1227 2643 1518 2688 comprehendi-

87 2710 172 2734 mus
197 2699 257 2743 (ab
283 2712 318 2735 u.
346 2713 375 2736 c.
401 2703 481 2745 430,
505 2703 584 2744 445,
608 2703 688 2745 453,
715 2713 745 2736 a.
773 2700 856 2736 Chr.
882 2702 960 2745 324,
987 2703 1072 2746 309,
1098 2701 1197 2746 301);
1229 2700 1409 2746 idemque
1443 2712 1519 2735 ser-

1245 2770 1278 2796 a!
