<?xml version="1.0" encoding="UTF-8"?>
<!DOCTYPE html PUBLIC "-//W3C//DTD XHTML 1.0 Transitional//EN"
    "http://www.w3.org/TR/xhtml1/DTD/xhtml1-transitional.dtd">
<html xmlns="http://www.w3.org/1999/xhtml" xml:lang="en" lang="en">
 <head>
  <title>
</title>
<meta http-equiv="Content-Type" content="text/html;charset=utf-8" />
  <meta name='ocr-system' content='tesseract 3.04.00' />
  <meta name='ocr-capabilities' content='ocr_page ocr_carea ocr_par ocr_line ocrx_word'/>
</head>
<body>
  <div class='ocr_page' id='page_1' title='image "./historiarumroman01livyuoft_0480.png"; bbox 0 0 1821 2928; ppageno 0'>
   <div class='ocr_carea' id='block_1_1' title="bbox 388 180 1279 218">
    <p class='ocr_par' dir='ltr' id='par_1_1' title="bbox 388 180 1279 218">
     <span class='ocr_line' id='line_1_1' title="bbox 388 180 1279 218; baseline -0.012 0"><span class='ocrx_word' id='word_1_1' title='bbox 388 180 469 218; x_wconf 77' lang='grc'>124</span> <span class='ocrx_word' id='word_1_2' title='bbox 821 184 911 209; x_wconf 81' lang='lat' dir='ltr'>Liber</span> <span class='ocrx_word' id='word_1_3' title='bbox 928 183 1015 208; x_wconf 80' lang='lat' dir='ltr'>vm.</span> <span class='ocrx_word' id='word_1_4' title='bbox 1051 182 1098 212; x_wconf 80' lang='lat' dir='ltr'>(A.</span> <span class='ocrx_word' id='word_1_5' title='bbox 1117 189 1145 208; x_wconf 85' lang='grc' dir='ltr'>ιι.</span> <span class='ocrx_word' id='word_1_6' title='bbox 1165 189 1189 208; x_wconf 85' lang='lat' dir='ltr'>e.</span> <span class='ocrx_word' id='word_1_7' title='bbox 1209 183 1279 213; x_wconf 75' lang='grc'><strong>428.)</strong></span> 
     </span>
    </p>
   </div>
   <div class='ocr_carea' id='block_1_2' title="bbox 194 297 1767 2655">
    <p class='ocr_par' dir='ltr' id='par_1_2' title="bbox 331 297 1762 350">
     <span class='ocr_line' id='line_1_2' title="bbox 331 297 1762 350; baseline -0.003 -11"><span class='ocrx_word' id='word_1_8' title='bbox 331 304 492 342; x_wconf 64' lang='lat' dir='ltr'>Graecos</span> <span class='ocrx_word' id='word_1_9' title='bbox 523 304 664 338; x_wconf 86' lang='lat' dir='ltr'>cuncta</span> <span class='ocrx_word' id='word_1_10' title='bbox 694 299 910 350; x_wconf 80' lang='lat' dir='ltr'>parabant3</span> <span class='ocrx_word' id='word_1_11' title='bbox 951 301 987 335; x_wconf 92' lang='lat' dir='ltr'>et</span> <span class='ocrx_word' id='word_1_12' title='bbox 1023 297 1106 335; x_wconf 84' lang='lat' dir='ltr'>alia</span> <span class='ocrx_word' id='word_1_13' title='bbox 1135 310 1238 335; x_wconf 87' lang='lat' dir='ltr'>nova</span> <span class='ocrx_word' id='word_1_14' title='bbox 1266 297 1372 334; x_wconf 84' lang='lat' dir='ltr'>nihil</span> <span class='ocrx_word' id='word_1_15' title='bbox 1400 300 1486 334; x_wconf 89' lang='lat' dir='ltr'>tum</span> <span class='ocrx_word' id='word_1_16' title='bbox 1517 297 1650 334; x_wconf 86' lang='lat' dir='ltr'>animo</span> <span class='ocrx_word' id='word_1_17' title='bbox 1680 297 1762 335; x_wconf 84' lang='lat' dir='ltr'>tale</span> 
     </span>
    </p>

    <p class='ocr_par' dir='ltr' id='par_1_3' title="bbox 290 364 1764 552">
     <span class='ocr_line' id='line_1_3' title="bbox 290 364 1764 421; baseline -0.005 -11"><span class='ocrx_word' id='word_1_18' title='bbox 290 373 313 410; x_wconf 87' lang='lat'>3</span> <span class='ocrx_word' id='word_1_19' title='bbox 331 370 579 421; x_wconf 80' lang='lat' dir='ltr'>agitantibus</span> <span class='ocrx_word' id='word_1_20' title='bbox 609 370 860 406; x_wconf 84' lang='lat' dir='ltr'>accesserunt</span> <span class='ocrx_word' id='word_1_21' title='bbox 891 366 1053 403; x_wconf 81' lang='lat' dir='ltr'>auxilia.</span> <span class='ocrx_word' id='word_1_22' title='bbox 1113 365 1268 402; x_wconf 85' lang='lat' dir='ltr'>Lucani</span> <span class='ocrx_word' id='word_1_23' title='bbox 1299 369 1416 415; x_wconf 86' lang='lat' dir='ltr'>atque</span> <span class='ocrx_word' id='word_1_24' title='bbox 1446 364 1590 415; x_wconf 85' lang='lat' dir='ltr'><strong>Apuli,</strong></span> <span class='ocrx_word' id='word_1_25' title='bbox 1620 364 1764 415; x_wconf 87' lang='lat' dir='ltr'>quibus</span> 
     </span>
     <span class='ocr_line' id='line_1_4' title="bbox 330 432 1763 490; baseline -0.005 -13"><span class='ocrx_word' id='word_1_26' title='bbox 330 439 516 490; x_wconf 83' lang='lat' dir='ltr'>gentibus</span> <span class='ocrx_word' id='word_1_27' title='bbox 546 437 650 474; x_wconf 85' lang='lat' dir='ltr'>nihil</span> <span class='ocrx_word' id='word_1_28' title='bbox 682 436 732 474; x_wconf 90' lang='lat' dir='ltr'>ad</span> <span class='ocrx_word' id='word_1_29' title='bbox 764 449 848 473; x_wconf 89' lang='lat' dir='ltr'>eam</span> <span class='ocrx_word' id='word_1_30' title='bbox 881 434 986 472; x_wconf 89' lang='lat' dir='ltr'>diem</span> <span class='ocrx_word' id='word_1_31' title='bbox 1018 447 1106 471; x_wconf 89' lang='lat' dir='ltr'>cum</span> <span class='ocrx_word' id='word_1_32' title='bbox 1136 433 1317 471; x_wconf 84' lang='lat' dir='ltr'>Romano</span> <span class='ocrx_word' id='word_1_33' title='bbox 1347 434 1497 484; x_wconf 90' lang='lat' dir='ltr'>populo</span> <span class='ocrx_word' id='word_1_34' title='bbox 1528 433 1678 480; x_wconf 84' lang='lat' dir='ltr'>fuerat,</span> <span class='ocrx_word' id='word_1_35' title='bbox 1723 432 1763 470; x_wconf 88' lang='lat' dir='ltr'>in</span> 
     </span>
     <span class='ocr_line' id='line_1_5' title="bbox 330 500 1763 552; baseline -0.005 -7"><span class='ocrx_word' id='word_1_36' title='bbox 330 507 449 545; x_wconf 87' lang='lat' dir='ltr'>fidem</span> <span class='ocrx_word' id='word_1_37' title='bbox 479 508 684 551; x_wconf 81' lang='lat' dir='ltr'>venerunt,</span> <span class='ocrx_word' id='word_1_38' title='bbox 716 516 825 541; x_wconf 89' lang='lat' dir='ltr'>arma</span> <span class='ocrx_word' id='word_1_39' title='bbox 853 502 1039 551; x_wconf 82' lang='lat' dir='ltr'>virosque</span> <span class='ocrx_word' id='word_1_40' title='bbox 1071 501 1120 539; x_wconf 87' lang='lat' dir='ltr'>ad</span> <span class='ocrx_word' id='word_1_41' title='bbox 1151 502 1300 539; x_wconf 89' lang='lat' dir='ltr'>bellum</span> <span class='ocrx_word' id='word_1_42' title='bbox 1329 502 1584 552; x_wconf 86' lang='lat' dir='ltr'>pollicentes;</span> <span class='ocrx_word' id='word_1_43' title='bbox 1615 500 1763 538; x_wconf 80' lang='lat' dir='ltr'>foedere</span> 
     </span>
    </p>

    <p class='ocr_par' dir='ltr' id='par_1_4' title="bbox 291 567 1765 1028">
     <span class='ocr_line' id='line_1_6' title="bbox 291 567 1764 624; baseline -0.004 -12"><span class='ocrx_word' id='word_1_44' title='bbox 291 576 315 612; x_wconf 81' lang='lat'>4</span> <span class='ocrx_word' id='word_1_45' title='bbox 333 589 426 624; x_wconf 84' lang='lat' dir='ltr'>ergo</span> <span class='ocrx_word' id='word_1_46' title='bbox 458 575 500 612; x_wconf 90' lang='lat' dir='ltr'>in</span> <span class='ocrx_word' id='word_1_47' title='bbox 531 572 750 612; x_wconf 78' lang='lat' dir='ltr'>amicitiam</span> <span class='ocrx_word' id='word_1_48' title='bbox 782 570 946 620; x_wconf 87' lang='lat' dir='ltr'>accepti.</span> <span class='ocrx_word' id='word_1_49' title='bbox 1005 569 1157 607; x_wconf 84' lang='lat' dir='ltr'>Eodem</span> <span class='ocrx_word' id='word_1_50' title='bbox 1185 573 1364 619; x_wconf 89' lang='lat' dir='ltr'>tempore</span> <span class='ocrx_word' id='word_1_51' title='bbox 1395 570 1513 608; x_wconf 86' lang='lat' dir='ltr'>etiam</span> <span class='ocrx_word' id='word_1_52' title='bbox 1541 569 1583 607; x_wconf 93' lang='lat' dir='ltr'>in</span> <span class='ocrx_word' id='word_1_53' title='bbox 1601 567 1764 607; x_wconf 86' lang='lat' dir='ltr'>Samnio</span> 
     </span>
     <span class='ocr_line' id='line_1_7' title="bbox 330 636 1764 693; baseline -0.005 -12"><span class='ocrx_word' id='word_1_54' title='bbox 330 658 392 681; x_wconf 89' lang='lat' dir='ltr'>res</span> <span class='ocrx_word' id='word_1_55' title='bbox 436 654 624 693; x_wconf 77' lang='lat' dir='ltr'>prospere</span> <span class='ocrx_word' id='word_1_56' title='bbox 669 643 791 689; x_wconf 87' lang='lat' dir='ltr'>gesta.</span> <span class='ocrx_word' id='word_1_57' title='bbox 864 637 961 675; x_wconf 82' lang='lat' dir='ltr'>Tria</span> <span class='ocrx_word' id='word_1_58' title='bbox 1005 636 1154 687; x_wconf 90' lang='lat' dir='ltr'>oppida</span> <span class='ocrx_word' id='word_1_59' title='bbox 1200 638 1240 674; x_wconf 93' lang='lat' dir='ltr'>in</span> <span class='ocrx_word' id='word_1_60' title='bbox 1285 641 1520 687; x_wconf 89' lang='lat' dir='ltr'>potestatem</span> <span class='ocrx_word' id='word_1_61' title='bbox 1559 639 1764 684; x_wconf 87' lang='lat' dir='ltr'>venerunt,</span> 
     </span>
     <span class='ocr_line' id='line_1_8' title="bbox 332 705 1763 757; baseline -0.005 -8"><span class='ocrx_word' id='word_1_62' title='bbox 332 711 483 757; x_wconf 76' lang='lat' dir='ltr'>Allifae,</span> <span class='ocrx_word' id='word_1_63' title='bbox 522 708 689 753; x_wconf 86' lang='lat' dir='ltr'>Callifae,</span> <span class='ocrx_word' id='word_1_64' title='bbox 727 706 926 751; x_wconf 84' lang='lat' dir='ltr'>Rufrium,</span> <span class='ocrx_word' id='word_1_65' title='bbox 971 705 1153 754; x_wconf 90' lang='lat' dir='ltr'>aliusque</span> <span class='ocrx_word' id='word_1_66' title='bbox 1185 718 1278 753; x_wconf 85' lang='lat' dir='ltr'>ager</span> <span class='ocrx_word' id='word_1_67' title='bbox 1309 705 1438 755; x_wconf 90' lang='lat' dir='ltr'>primo</span> <span class='ocrx_word' id='word_1_68' title='bbox 1470 705 1642 743; x_wconf 82' lang='lat' dir='ltr'>adventu</span> <span class='ocrx_word' id='word_1_69' title='bbox 1673 718 1763 742; x_wconf 85' lang='lat' dir='ltr'>con-</span> 
     </span>
     <span class='ocr_line' id='line_1_9' title="bbox 295 773 1763 825; baseline -0.004 -10"><span class='ocrx_word' id='word_1_70' title='bbox 295 778 464 817; x_wconf 84' lang='lat' dir='ltr'>5sulum</span> <span class='ocrx_word' id='word_1_71' title='bbox 509 778 626 825; x_wconf 87' lang='lat' dir='ltr'>longe</span> <span class='ocrx_word' id='word_1_72' title='bbox 671 776 830 823; x_wconf 88' lang='lat' dir='ltr'>lateque</span> <span class='ocrx_word' id='word_1_73' title='bbox 876 777 934 810; x_wconf 91' lang='lat' dir='ltr'>est</span> <span class='ocrx_word' id='word_1_74' title='bbox 973 776 1234 822; x_wconf 85' lang='lat' dir='ltr'>pervastatus.</span> <span class='ocrx_word' id='word_1_75' title='bbox 1307 773 1396 810; x_wconf 90' lang='lat' dir='ltr'>Hoc</span> <span class='ocrx_word' id='word_1_76' title='bbox 1426 773 1532 811; x_wconf 91' lang='lat' dir='ltr'>bello</span> <span class='ocrx_word' id='word_1_77' title='bbox 1561 777 1643 811; x_wconf 86' lang='lat' dir='ltr'>tam</span> <span class='ocrx_word' id='word_1_78' title='bbox 1674 785 1763 823; x_wconf 89' lang='lat' dir='ltr'>pro-</span> 
     </span>
     <span class='ocr_line' id='line_1_10' title="bbox 334 839 1765 898; baseline -0.005 -13"><span class='ocrx_word' id='word_1_79' title='bbox 334 860 446 898; x_wconf 82' lang='lat' dir='ltr'>spere</span> <span class='ocrx_word' id='word_1_80' title='bbox 478 845 696 889; x_wconf 78' lang='lat' dir='ltr'>commisso,</span> <span class='ocrx_word' id='word_1_81' title='bbox 728 842 844 880; x_wconf 89' lang='lat' dir='ltr'>alteri</span> <span class='ocrx_word' id='word_1_82' title='bbox 875 855 1032 891; x_wconf 88' lang='lat' dir='ltr'>quoque</span> <span class='ocrx_word' id='word_1_83' title='bbox 1058 841 1178 886; x_wconf 78' lang='lat' dir='ltr'>bello,</span> <span class='ocrx_word' id='word_1_84' title='bbox 1208 854 1286 890; x_wconf 91' lang='lat' dir='ltr'>quo</span> <span class='ocrx_word' id='word_1_85' title='bbox 1304 839 1436 878; x_wconf 81' lang='lat' dir='ltr'>Graeci</span> <span class='ocrx_word' id='word_1_86' title='bbox 1467 841 1765 888; x_wconf 72' lang='lat' dir='ltr'>obsidebantur,</span> 
     </span>
     <span class='ocr_line' id='line_1_11' title="bbox 335 908 1763 959; baseline -0.004 -8"><span class='ocrx_word' id='word_1_87' title='bbox 335 916 412 952; x_wconf 86' lang='lat' dir='ltr'>iam</span> <span class='ocrx_word' id='word_1_88' title='bbox 442 913 533 950; x_wconf 89' lang='lat' dir='ltr'>finis</span> <span class='ocrx_word' id='word_1_89' title='bbox 565 913 713 950; x_wconf 85' lang='lat' dir='ltr'>aderat.</span> <span class='ocrx_word' id='word_1_90' title='bbox 786 910 887 948; x_wconf 87' lang='lat' dir='ltr'>Nam</span> <span class='ocrx_word' id='word_1_91' title='bbox 919 912 1183 959; x_wconf 86' lang='lat' dir='ltr'>praeterquam</span> <span class='ocrx_word' id='word_1_92' title='bbox 1224 908 1332 958; x_wconf 82' lang='lat' dir='ltr'>quod.</span> <span class='ocrx_word' id='word_1_93' title='bbox 1364 909 1604 959; x_wconf 87' lang='lat' dir='ltr'>intersaeptis</span> <span class='ocrx_word' id='word_1_94' title='bbox 1636 909 1763 946; x_wconf 90' lang='lat' dir='ltr'>muni-</span> 
     </span>
     <span class='ocr_line' id='line_1_12' title="bbox 331 976 1762 1028; baseline -0.003 -9"><span class='ocrx_word' id='word_1_95' title='bbox 331 982 476 1020; x_wconf 89' lang='lat' dir='ltr'>mentis</span> <span class='ocrx_word' id='word_1_96' title='bbox 508 981 682 1017; x_wconf 88' lang='lat' dir='ltr'>hostium</span> <span class='ocrx_word' id='word_1_97' title='bbox 728 991 817 1028; x_wconf 88' lang='lat' dir='ltr'>pars</span> <span class='ocrx_word' id='word_1_98' title='bbox 858 977 965 1027; x_wconf 89' lang='lat' dir='ltr'>parti</span> <span class='ocrx_word' id='word_1_99' title='bbox 1006 976 1161 1013; x_wconf 83' lang='lat' dir='ltr'>abscisa</span> <span class='ocrx_word' id='word_1_100' title='bbox 1199 980 1294 1023; x_wconf 88' lang='lat' dir='ltr'>erat,</span> <span class='ocrx_word' id='word_1_101' title='bbox 1338 976 1509 1014; x_wconf 86' lang='lat' dir='ltr'>foediora</span> <span class='ocrx_word' id='word_1_102' title='bbox 1554 977 1762 1026; x_wconf 86' lang='lat' dir='ltr'>aliquanto</span> 
     </span>
    </p>

    <p class='ocr_par' dir='ltr' id='par_1_5' title="bbox 293 1044 1767 1571">
     <span class='ocr_line' id='line_1_13' title="bbox 293 1044 1766 1096; baseline -0.004 -9"><span class='ocrx_word' id='word_1_103' title='bbox 293 1050 316 1086; x_wconf 79' lang='grc'>6</span> <span class='ocrx_word' id='word_1_104' title='bbox 335 1051 440 1087; x_wconf 88' lang='lat' dir='ltr'>intra</span> <span class='ocrx_word' id='word_1_105' title='bbox 455 1063 588 1086; x_wconf 91' lang='lat' dir='ltr'>muros</span> <span class='ocrx_word' id='word_1_106' title='bbox 611 1047 674 1093; x_wconf 90' lang='lat' dir='ltr'>iis,</span> <span class='ocrx_word' id='word_1_107' title='bbox 705 1046 852 1096; x_wconf 88' lang='lat' dir='ltr'>quibus</span> <span class='ocrx_word' id='word_1_108' title='bbox 876 1045 1002 1083; x_wconf 86' lang='lat' dir='ltr'>hostis</span> <span class='ocrx_word' id='word_1_109' title='bbox 1027 1045 1250 1090; x_wconf 74' lang='lat' dir='ltr'>territabat,</span> <span class='ocrx_word' id='word_1_110' title='bbox 1284 1044 1556 1094; x_wconf 76' lang='lat' dir='ltr'>[patiebantur</span> <span class='ocrx_word' id='word_1_111' title='bbox 1572 1045 1624 1094; x_wconf 78' lang='lat' dir='ltr'>et]</span> <span class='ocrx_word' id='word_1_112' title='bbox 1656 1045 1766 1082; x_wconf 88' lang='lat' dir='ltr'>velut</span> 
     </span>
     <span class='ocr_line' id='line_1_14' title="bbox 334 1110 1765 1167; baseline -0.003 -12"><span class='ocrx_word' id='word_1_113' title='bbox 334 1117 442 1167; x_wconf 89' lang='lat' dir='ltr'>eapti</span> <span class='ocrx_word' id='word_1_114' title='bbox 475 1131 496 1153; x_wconf 89' lang='lat' dir='ltr'>a</span> <span class='ocrx_word' id='word_1_115' title='bbox 527 1116 691 1153; x_wconf 83' lang='lat' dir='ltr'>suismet</span> <span class='ocrx_word' id='word_1_116' title='bbox 723 1114 802 1164; x_wconf 85' lang='lat' dir='ltr'>ipsi</span> <span class='ocrx_word' id='word_1_117' title='bbox 832 1113 1036 1162; x_wconf 86' lang='lat' dir='ltr'>praesidiis</span> <span class='ocrx_word' id='word_1_118' title='bbox 1068 1112 1236 1161; x_wconf 83' lang='lat' dir='ltr'>indigna</span> <span class='ocrx_word' id='word_1_119' title='bbox 1266 1113 1345 1150; x_wconf 86' lang='lat' dir='ltr'>iam</span> <span class='ocrx_word' id='word_1_120' title='bbox 1367 1110 1417 1151; x_wconf 60' lang='lat' dir='ltr'>{fn</span> <span class='ocrx_word' id='word_1_121' title='bbox 1442 1113 1581 1150; x_wconf 89' lang='lat' dir='ltr'>liberis</span> <span class='ocrx_word' id='word_1_122' title='bbox 1608 1126 1765 1163; x_wconf 85' lang='lat' dir='ltr'>quoque</span> 
     </span>
     <span class='ocr_line' id='line_1_15' title="bbox 336 1181 1765 1233; baseline -0.003 -10"><span class='ocrx_word' id='word_1_123' title='bbox 336 1199 380 1223; x_wconf 79' lang='lat' dir='ltr'>ac</span> <span class='ocrx_word' id='word_1_124' title='bbox 412 1184 661 1233; x_wconf 87' lang='lat' dir='ltr'>coniugibus,</span> <span class='ocrx_word' id='word_1_125' title='bbox 693 1186 731 1219; x_wconf 89' lang='lat' dir='ltr'>et</span> <span class='ocrx_word' id='word_1_126' title='bbox 762 1194 849 1231; x_wconf 85' lang='lat' dir='ltr'>quae</span> <span class='ocrx_word' id='word_1_127' title='bbox 880 1185 1085 1231; x_wconf 88' lang='lat' dir='ltr'>captarum</span> <span class='ocrx_word' id='word_1_128' title='bbox 1116 1181 1277 1218; x_wconf 90' lang='lat' dir='ltr'>urbium</span> <span class='ocrx_word' id='word_1_129' title='bbox 1309 1184 1483 1219; x_wconf 87' lang='lat' dir='ltr'>extrema</span> <span class='ocrx_word' id='word_1_130' title='bbox 1506 1184 1609 1228; x_wconf 85' lang='lat' dir='ltr'>sunt,</span> <span class='ocrx_word' id='word_1_131' title='bbox 1639 1181 1765 1230; x_wconf 84' lang='lat' dir='ltr'>patie-</span> 
     </span>
     <span class='ocr_line' id='line_1_16' title="bbox 297 1247 1767 1300; baseline -0.001 -12"><span class='ocrx_word' id='word_1_132' title='bbox 297 1254 494 1290; x_wconf 68' lang='lat' dir='ltr'>Tbantur.</span> <span class='ocrx_word' id='word_1_133' title='bbox 567 1251 711 1300; x_wconf 86' lang='lat' dir='ltr'>Itaque</span> <span class='ocrx_word' id='word_1_134' title='bbox 753 1263 873 1299; x_wconf 89' lang='lat' dir='ltr'>quum</span> <span class='ocrx_word' id='word_1_135' title='bbox 919 1252 958 1285; x_wconf 89' lang='lat' dir='ltr'>et</span> <span class='ocrx_word' id='word_1_136' title='bbox 989 1262 1011 1286; x_wconf 89' lang='lat' dir='ltr'>a</span> <span class='ocrx_word' id='word_1_137' title='bbox 1042 1248 1214 1286; x_wconf 85' lang='lat' dir='ltr'>Tarento</span> <span class='ocrx_word' id='word_1_138' title='bbox 1253 1252 1292 1285; x_wconf 88' lang='lat' dir='ltr'>et</span> <span class='ocrx_word' id='word_1_139' title='bbox 1331 1262 1354 1286; x_wconf 89' lang='lat' dir='ltr'>a</span> <span class='ocrx_word' id='word_1_140' title='bbox 1384 1247 1632 1286; x_wconf 84' lang='lat' dir='ltr'>Samnitibus</span> <span class='ocrx_word' id='word_1_141' title='bbox 1661 1249 1767 1286; x_wconf 82' lang='lat' dir='ltr'>fama</span> 
     </span>
     <span class='ocr_line' id='line_1_17' title="bbox 336 1315 1765 1367; baseline -0.003 -9"><span class='ocrx_word' id='word_1_142' title='bbox 336 1323 439 1358; x_wconf 89' lang='lat' dir='ltr'>esset</span> <span class='ocrx_word' id='word_1_143' title='bbox 468 1333 570 1357; x_wconf 79' lang='lat' dir='ltr'>nova</span> <span class='ocrx_word' id='word_1_144' title='bbox 601 1318 753 1357; x_wconf 88' lang='lat' dir='ltr'>auxilia</span> <span class='ocrx_word' id='word_1_145' title='bbox 775 1321 954 1363; x_wconf 87' lang='lat' dir='ltr'>ventura,</span> <span class='ocrx_word' id='word_1_146' title='bbox 986 1315 1225 1354; x_wconf 82' lang='lat' dir='ltr'>Samnitium</span> <span class='ocrx_word' id='word_1_147' title='bbox 1244 1317 1345 1366; x_wconf 90' lang='lat' dir='ltr'>plus,</span> <span class='ocrx_word' id='word_1_148' title='bbox 1377 1330 1493 1367; x_wconf 87' lang='lat' dir='ltr'>quam</span> <span class='ocrx_word' id='word_1_149' title='bbox 1516 1317 1674 1363; x_wconf 87' lang='lat' dir='ltr'>vellent,</span> <span class='ocrx_word' id='word_1_150' title='bbox 1706 1317 1765 1354; x_wconf 89' lang='lat' dir='ltr'>in-</span> 
     </span>
     <span class='ocr_line' id='line_1_18' title="bbox 294 1383 1766 1432; baseline -0.003 -6"><span class='ocrx_word' id='word_1_151' title='bbox 294 1390 399 1426; x_wconf 81' lang='lat' dir='ltr'>8tra</span> <span class='ocrx_word' id='word_1_152' title='bbox 429 1387 574 1425; x_wconf 78' lang='lat' dir='ltr'>moenia</span> <span class='ocrx_word' id='word_1_153' title='bbox 605 1399 688 1424; x_wconf 89' lang='lat' dir='ltr'>esse</span> <span class='ocrx_word' id='word_1_154' title='bbox 732 1385 935 1432; x_wconf 76' lang='lat' dir='ltr'>rebantur,</span> <span class='ocrx_word' id='word_1_155' title='bbox 979 1384 1287 1422; x_wconf 83' lang='lat' dir='ltr'>Tarentinorum</span> <span class='ocrx_word' id='word_1_156' title='bbox 1322 1384 1588 1431; x_wconf 84' lang='lat' dir='ltr'>iuventutem,</span> <span class='ocrx_word' id='word_1_157' title='bbox 1633 1383 1766 1422; x_wconf 80' lang='lat' dir='ltr'>Graeci</span> 
     </span>
     <span class='ocr_line' id='line_1_19' title="bbox 335 1451 1766 1503; baseline -0.003 -10"><span class='ocrx_word' id='word_1_158' title='bbox 335 1455 507 1502; x_wconf 80' lang='lat' dir='ltr'>Graecos,</span> <span class='ocrx_word' id='word_1_159' title='bbox 551 1455 659 1492; x_wconf 88' lang='lat' dir='ltr'>haud</span> <span class='ocrx_word' id='word_1_160' title='bbox 704 1454 834 1490; x_wconf 88' lang='lat' dir='ltr'>minus</span> <span class='ocrx_word' id='word_1_161' title='bbox 865 1467 935 1503; x_wconf 91' lang='lat' dir='ltr'>per</span> <span class='ocrx_word' id='word_1_162' title='bbox 973 1466 1070 1502; x_wconf 89' lang='lat' dir='ltr'>quos</span> <span class='ocrx_word' id='word_1_163' title='bbox 1102 1451 1275 1490; x_wconf 82' lang='lat' dir='ltr'>Samniti</span> <span class='ocrx_word' id='word_1_164' title='bbox 1306 1452 1543 1502; x_wconf 78' lang='lat' dir='ltr'>Nolanoque</span> <span class='ocrx_word' id='word_1_165' title='bbox 1574 1465 1691 1502; x_wconf 86' lang='lat' dir='ltr'>quam</span> <span class='ocrx_word' id='word_1_166' title='bbox 1719 1456 1766 1489; x_wconf 88' lang='lat' dir='ltr'>ut</span> 
     </span>
     <span class='ocr_line' id='line_1_20' title="bbox 331 1520 1766 1571; baseline -0.003 -9"><span class='ocrx_word' id='word_1_167' title='bbox 331 1524 524 1562; x_wconf 81' lang='lat' dir='ltr'>Romanis</span> <span class='ocrx_word' id='word_1_168' title='bbox 554 1522 736 1560; x_wconf 78' lang='lat' dir='ltr'>hostibus</span> <span class='ocrx_word' id='word_1_169' title='bbox 766 1521 1005 1568; x_wconf 83' lang='lat' dir='ltr'>resisterent,</span> <span class='ocrx_word' id='word_1_170' title='bbox 1037 1520 1336 1571; x_wconf 78' lang='lat' dir='ltr'>exspectabant3</span> <span class='ocrx_word' id='word_1_171' title='bbox 1381 1524 1579 1570; x_wconf 89' lang='lat' dir='ltr'>postremo</span> <span class='ocrx_word' id='word_1_172' title='bbox 1609 1520 1766 1558; x_wconf 83' lang='lat' dir='ltr'>levissi-</span> 
     </span>
    </p>

    <p class='ocr_par' dir='ltr' id='par_1_6' title="bbox 194 1587 1767 2655">
     <span class='ocr_line' id='line_1_21' title="bbox 293 1587 1767 1629; baseline -0.001 -2"><span class='ocrx_word' id='word_1_173' title='bbox 293 1593 314 1627; x_wconf 75' lang='lat'>9</span> <span class='ocrx_word' id='word_1_174' title='bbox 333 1605 439 1629; x_wconf 89' lang='lat' dir='ltr'>mum</span> <span class='ocrx_word' id='word_1_175' title='bbox 483 1592 678 1628; x_wconf 88' lang='lat' dir='ltr'>malorum</span> <span class='ocrx_word' id='word_1_176' title='bbox 731 1589 885 1627; x_wconf 85' lang='lat' dir='ltr'>deditio</span> <span class='ocrx_word' id='word_1_177' title='bbox 937 1590 988 1627; x_wconf 86' lang='lat' dir='ltr'>ad</span> <span class='ocrx_word' id='word_1_178' title='bbox 1038 1589 1242 1626; x_wconf 82' lang='lat' dir='ltr'>Romanos</span> <span class='ocrx_word' id='word_1_179' title='bbox 1286 1588 1382 1625; x_wconf 85' lang='lat' dir='ltr'>visa.</span> <span class='ocrx_word' id='word_1_180' title='bbox 1470 1587 1682 1626; x_wconf 74' lang='lat' dir='ltr'>Charilaus</span> <span class='ocrx_word' id='word_1_181' title='bbox 1727 1592 1767 1625; x_wconf 88' lang='lat' dir='ltr'>et</span> 
     </span>
     <span class='ocr_line' id='line_1_22' title="bbox 331 1656 1764 1708; baseline -0.002 -12"><span class='ocrx_word' id='word_1_182' title='bbox 331 1659 556 1708; x_wconf 71' lang='lat' dir='ltr'>Nymphius</span> <span class='ocrx_word' id='word_1_183' title='bbox 586 1658 790 1707; x_wconf 76' lang='lat' dir='ltr'>principes</span> <span class='ocrx_word' id='word_1_184' title='bbox 835 1657 1010 1694; x_wconf 86' lang='lat' dir='ltr'>civitatis</span> <span class='ocrx_word' id='word_1_185' title='bbox 1055 1657 1344 1693; x_wconf 80' lang='lat' dir='ltr'>communicato</span> <span class='ocrx_word' id='word_1_186' title='bbox 1390 1656 1495 1693; x_wconf 88' lang='lat' dir='ltr'>inter</span> <span class='ocrx_word' id='word_1_187' title='bbox 1524 1670 1565 1693; x_wconf 88' lang='lat' dir='ltr'>se</span> <span class='ocrx_word' id='word_1_188' title='bbox 1595 1656 1764 1693; x_wconf 87' lang='lat' dir='ltr'>consilio</span> 
     </span>
     <span class='ocr_line' id='line_1_23' title="bbox 332 1724 1765 1776; baseline -0.003 -12"><span class='ocrx_word' id='word_1_189' title='bbox 332 1731 465 1776; x_wconf 87' lang='lat' dir='ltr'>partes</span> <span class='ocrx_word' id='word_1_190' title='bbox 504 1725 554 1763; x_wconf 87' lang='lat' dir='ltr'>ad</span> <span class='ocrx_word' id='word_1_191' title='bbox 592 1739 674 1762; x_wconf 91' lang='lat' dir='ltr'>rem</span> <span class='ocrx_word' id='word_1_192' title='bbox 712 1725 906 1773; x_wconf 82' lang='lat' dir='ltr'>agendam</span> <span class='ocrx_word' id='word_1_193' title='bbox 945 1724 1130 1769; x_wconf 82' lang='lat' dir='ltr'>divisere,</span> <span class='ocrx_word' id='word_1_194' title='bbox 1174 1727 1217 1761; x_wconf 86' lang='lat' dir='ltr'>ut</span> <span class='ocrx_word' id='word_1_195' title='bbox 1263 1724 1365 1760; x_wconf 85' lang='lat' dir='ltr'>alter</span> <span class='ocrx_word' id='word_1_196' title='bbox 1402 1724 1452 1761; x_wconf 92' lang='lat' dir='ltr'>ad</span> <span class='ocrx_word' id='word_1_197' title='bbox 1484 1724 1765 1773; x_wconf 85' lang='lat' dir='ltr'>imperatorem</span> 
     </span>
     <span class='ocr_line' id='line_1_24' title="bbox 331 1791 1765 1842; baseline -0.002 -11"><span class='ocrx_word' id='word_1_198' title='bbox 331 1794 603 1832; x_wconf 84' lang='lat' dir='ltr'>Romanorum</span> <span class='ocrx_word' id='word_1_199' title='bbox 647 1793 934 1841; x_wconf 77' lang='lat' dir='ltr'>transfugeret,</span> <span class='ocrx_word' id='word_1_200' title='bbox 986 1793 1086 1829; x_wconf 84' lang='lat' dir='ltr'>alter</span> <span class='ocrx_word' id='word_1_201' title='bbox 1137 1791 1372 1829; x_wconf 80' lang='lat' dir='ltr'>subsisteret</span> <span class='ocrx_word' id='word_1_202' title='bbox 1415 1792 1465 1829; x_wconf 86' lang='lat' dir='ltr'>ad</span> <span class='ocrx_word' id='word_1_203' title='bbox 1511 1791 1765 1842; x_wconf 69' lang='lat' dir='ltr'>praebendam</span> 
     </span>
     <span class='ocr_line' id='line_1_25' title="bbox 264 1859 1763 1912; baseline -0.001 -14"><span class='ocrx_word' id='word_1_204' title='bbox 264 1862 316 1899; x_wconf 89' lang='grc'>10</span> <span class='ocrx_word' id='word_1_205' title='bbox 334 1865 602 1912; x_wconf 85' lang='lat' dir='ltr'>opportunam</span> <span class='ocrx_word' id='word_1_206' title='bbox 618 1861 786 1899; x_wconf 87' lang='lat' dir='ltr'>consilio</span> <span class='ocrx_word' id='word_1_207' title='bbox 810 1861 959 1897; x_wconf 87' lang='lat' dir='ltr'>urbem.</span> <span class='ocrx_word' id='word_1_208' title='bbox 1020 1860 1230 1897; x_wconf 76' lang='lat' dir='ltr'>Charilaus</span> <span class='ocrx_word' id='word_1_209' title='bbox 1261 1860 1348 1906; x_wconf 89' lang='lat' dir='ltr'>fuit,</span> <span class='ocrx_word' id='word_1_210' title='bbox 1380 1860 1449 1909; x_wconf 88' lang='lat' dir='ltr'>qui</span> <span class='ocrx_word' id='word_1_211' title='bbox 1473 1860 1523 1897; x_wconf 86' lang='lat' dir='ltr'>ad</span> <span class='ocrx_word' id='word_1_212' title='bbox 1540 1859 1763 1897; x_wconf 88' lang='lat' dir='ltr'>Publilium</span> 
     </span>
     <span class='ocr_line' id='line_1_26' title="bbox 330 1927 1761 1977; baseline -0.002 -10"><span class='ocrx_word' id='word_1_213' title='bbox 330 1930 544 1967; x_wconf 84' lang='lat' dir='ltr'>Philonem</span> <span class='ocrx_word' id='word_1_214' title='bbox 574 1929 685 1967; x_wconf 84' lang='lat' dir='ltr'>venit</span> <span class='ocrx_word' id='word_1_215' title='bbox 708 1933 756 1975; x_wconf 94' lang='lat' dir='ltr'>et,</span> <span class='ocrx_word' id='word_1_216' title='bbox 789 1927 895 1977; x_wconf 85' lang='lat' dir='ltr'>quod</span> <span class='ocrx_word' id='word_1_217' title='bbox 919 1928 1077 1974; x_wconf 86' lang='lat' dir='ltr'>bonum,</span> <span class='ocrx_word' id='word_1_218' title='bbox 1108 1929 1291 1974; x_wconf 85' lang='lat' dir='ltr'>faustum,</span> <span class='ocrx_word' id='word_1_219' title='bbox 1321 1927 1417 1965; x_wconf 84' lang='lat' dir='ltr'>felix</span> <span class='ocrx_word' id='word_1_220' title='bbox 1454 1927 1761 1977; x_wconf 64' lang='lat' dir='ltr'>Palaepolitanis</span> 
     </span>
     <span class='ocr_line' id='line_1_27' title="bbox 267 1995 1762 2048; baseline 0 -15"><span class='ocrx_word' id='word_1_221' title='bbox 267 1998 313 2034; x_wconf 85' lang='lat'>11</span> <span class='ocrx_word' id='word_1_222' title='bbox 334 1998 562 2048; x_wconf 87' lang='lat' dir='ltr'>populoque</span> <span class='ocrx_word' id='word_1_223' title='bbox 593 1998 774 2035; x_wconf 85' lang='lat' dir='ltr'>Romano</span> <span class='ocrx_word' id='word_1_224' title='bbox 807 2000 918 2042; x_wconf 84' lang='lat' dir='ltr'>esset,</span> <span class='ocrx_word' id='word_1_225' title='bbox 949 1996 1107 2033; x_wconf 87' lang='lat' dir='ltr'>tradere</span> <span class='ocrx_word' id='word_1_226' title='bbox 1139 2009 1179 2033; x_wconf 88' lang='lat' dir='ltr'>se</span> <span class='ocrx_word' id='word_1_227' title='bbox 1209 1997 1268 2034; x_wconf 87' lang='lat' dir='ltr'>ait</span> <span class='ocrx_word' id='word_1_228' title='bbox 1298 1996 1444 2033; x_wconf 78' lang='lat' dir='ltr'>moenia</span> <span class='ocrx_word' id='word_1_229' title='bbox 1461 1995 1658 2033; x_wconf 84' lang='lat' dir='ltr'>statuisse.</span> <span class='ocrx_word' id='word_1_230' title='bbox 1703 1995 1762 2033; x_wconf 87' lang='lat' dir='ltr'>Eo</span> 
     </span>
     <span class='ocr_line' id='line_1_28' title="bbox 330 2063 1764 2113; baseline -0.001 -11"><span class='ocrx_word' id='word_1_231' title='bbox 330 2066 434 2103; x_wconf 87' lang='lat' dir='ltr'>facto</span> <span class='ocrx_word' id='word_1_232' title='bbox 467 2069 599 2102; x_wconf 91' lang='lat' dir='ltr'>utrum</span> <span class='ocrx_word' id='word_1_233' title='bbox 631 2065 680 2101; x_wconf 89' lang='lat' dir='ltr'>ab</span> <span class='ocrx_word' id='word_1_234' title='bbox 713 2078 752 2101; x_wconf 85' lang='lat' dir='ltr'>se</span> <span class='ocrx_word' id='word_1_235' title='bbox 783 2063 944 2113; x_wconf 84' lang='lat' dir='ltr'>prodita</span> <span class='ocrx_word' id='word_1_236' title='bbox 976 2078 1026 2101; x_wconf 90' lang='lat' dir='ltr'>an</span> <span class='ocrx_word' id='word_1_237' title='bbox 1056 2067 1211 2101; x_wconf 82' lang='lat' dir='ltr'>servata</span> <span class='ocrx_word' id='word_1_238' title='bbox 1241 2064 1374 2113; x_wconf 90' lang='lat' dir='ltr'>patria</span> <span class='ocrx_word' id='word_1_239' title='bbox 1394 2063 1592 2110; x_wconf 85' lang='lat' dir='ltr'>videatur,</span> <span class='ocrx_word' id='word_1_240' title='bbox 1622 2063 1663 2100; x_wconf 91' lang='lat' dir='ltr'>in</span> <span class='ocrx_word' id='word_1_241' title='bbox 1685 2063 1764 2100; x_wconf 78' lang='lat' dir='ltr'>fide</span> 
     </span>
     <span class='ocr_line' id='line_1_29' title="bbox 329 2131 1763 2182; baseline -0.001 -12"><span class='ocrx_word' id='word_1_242' title='bbox 329 2133 509 2170; x_wconf 85' lang='lat' dir='ltr'>Romana</span> <span class='ocrx_word' id='word_1_243' title='bbox 541 2133 712 2182; x_wconf 87' lang='lat' dir='ltr'>positum</span> <span class='ocrx_word' id='word_1_244' title='bbox 747 2145 840 2169; x_wconf 87' lang='lat' dir='ltr'>esse.</span> <span class='ocrx_word' id='word_1_245' title='bbox 915 2131 1004 2169; x_wconf 84' lang='lat' dir='ltr'>Sibi</span> <span class='ocrx_word' id='word_1_246' title='bbox 1043 2131 1233 2181; x_wconf 84' lang='lat' dir='ltr'>privatim</span> <span class='ocrx_word' id='word_1_247' title='bbox 1272 2145 1342 2168; x_wconf 91' lang='lat' dir='ltr'>nec</span> <span class='ocrx_word' id='word_1_248' title='bbox 1372 2131 1521 2181; x_wconf 89' lang='lat' dir='ltr'>pacisci</span> <span class='ocrx_word' id='word_1_249' title='bbox 1552 2131 1763 2181; x_wconf 86' lang='lat' dir='ltr'>quicquam</span> 
     </span>
     <span class='ocr_line' id='line_1_30' title="bbox 262 2198 1762 2250; baseline -0.001 -13"><span class='ocrx_word' id='word_1_250' title='bbox 262 2201 313 2237; x_wconf 82' lang='lat'>12</span> <span class='ocrx_word' id='word_1_251' title='bbox 332 2214 403 2238; x_wconf 90' lang='lat' dir='ltr'>nec</span> <span class='ocrx_word' id='word_1_252' title='bbox 435 2198 585 2250; x_wconf 83' lang='lat' dir='ltr'>petere3</span> <span class='ocrx_word' id='word_1_253' title='bbox 616 2199 774 2248; x_wconf 90' lang='lat' dir='ltr'>publice</span> <span class='ocrx_word' id='word_1_254' title='bbox 806 2203 939 2248; x_wconf 86' lang='lat' dir='ltr'>petere</span> <span class='ocrx_word' id='word_1_255' title='bbox 971 2212 1088 2248; x_wconf 90' lang='lat' dir='ltr'>quam</span> <span class='ocrx_word' id='word_1_256' title='bbox 1118 2198 1267 2249; x_wconf 86' lang='lat' dir='ltr'>pacisci</span> <span class='ocrx_word' id='word_1_257' title='bbox 1298 2199 1436 2248; x_wconf 86' lang='lat' dir='ltr'>magis,</span> <span class='ocrx_word' id='word_1_258' title='bbox 1465 2202 1522 2246; x_wconf 90' lang='lat' dir='ltr'>ut,</span> <span class='ocrx_word' id='word_1_259' title='bbox 1552 2199 1586 2236; x_wconf 90' lang='lat' dir='ltr'>si</span> <span class='ocrx_word' id='word_1_260' title='bbox 1613 2211 1762 2236; x_wconf 87' lang='lat' dir='ltr'>succes-</span> 
     </span>
     <span class='ocr_line' id='line_1_31' title="bbox 330 2266 1763 2316; baseline -0.001 -11"><span class='ocrx_word' id='word_1_261' title='bbox 330 2268 445 2305; x_wconf 86' lang='lat' dir='ltr'>sisset</span> <span class='ocrx_word' id='word_1_262' title='bbox 478 2268 660 2316; x_wconf 86' lang='lat' dir='ltr'>inceptis,</span> <span class='ocrx_word' id='word_1_263' title='bbox 692 2267 885 2315; x_wconf 82' lang='lat' dir='ltr'>cogitaret</span> <span class='ocrx_word' id='word_1_264' title='bbox 901 2267 1073 2316; x_wconf 91' lang='lat' dir='ltr'>populus</span> <span class='ocrx_word' id='word_1_265' title='bbox 1088 2266 1292 2304; x_wconf 82' lang='lat' dir='ltr'>Romanus</span> <span class='ocrx_word' id='word_1_266' title='bbox 1315 2267 1461 2316; x_wconf 89' lang='lat' dir='ltr'>potius,</span> <span class='ocrx_word' id='word_1_267' title='bbox 1493 2279 1579 2303; x_wconf 91' lang='lat' dir='ltr'>cum</span> <span class='ocrx_word' id='word_1_268' title='bbox 1611 2269 1763 2315; x_wconf 90' lang='lat' dir='ltr'>quanto</span> 
     </span>
     <span class='ocr_line' id='line_1_32' title="bbox 331 2334 1763 2384; baseline -0.001 -12"><span class='ocrx_word' id='word_1_269' title='bbox 331 2335 465 2373; x_wconf 87' lang='lat' dir='ltr'>studio</span> <span class='ocrx_word' id='word_1_270' title='bbox 496 2335 755 2384; x_wconf 88' lang='lat' dir='ltr'>periculoque</span> <span class='ocrx_word' id='word_1_271' title='bbox 785 2335 958 2372; x_wconf 77' lang='lat' dir='ltr'>reditum</span> <span class='ocrx_word' id='word_1_272' title='bbox 991 2335 1033 2371; x_wconf 92' lang='lat' dir='ltr'>in</span> <span class='ocrx_word' id='word_1_273' title='bbox 1064 2334 1284 2371; x_wconf 88' lang='lat' dir='ltr'>amicitiam</span> <span class='ocrx_word' id='word_1_274' title='bbox 1323 2348 1433 2372; x_wconf 87' lang='lat' dir='ltr'>suam</span> <span class='ocrx_word' id='word_1_275' title='bbox 1478 2338 1600 2381; x_wconf 89' lang='lat' dir='ltr'>esset,</span> <span class='ocrx_word' id='word_1_276' title='bbox 1645 2347 1763 2384; x_wconf 88' lang='lat' dir='ltr'>quam</span> 
     </span>
     <span class='ocr_line' id='line_1_33' title="bbox 263 2401 1763 2453; baseline -0.001 -13"><span class='ocrx_word' id='word_1_277' title='bbox 263 2403 313 2440; x_wconf 88' lang='lat'>13</span> <span class='ocrx_word' id='word_1_278' title='bbox 331 2416 410 2453; x_wconf 88' lang='lat' dir='ltr'>qua</span> <span class='ocrx_word' id='word_1_279' title='bbox 440 2403 617 2440; x_wconf 85' lang='lat' dir='ltr'>stultitia</span> <span class='ocrx_word' id='word_1_280' title='bbox 648 2406 687 2439; x_wconf 92' lang='lat' dir='ltr'>et</span> <span class='ocrx_word' id='word_1_281' title='bbox 716 2403 940 2439; x_wconf 82' lang='lat' dir='ltr'>temeritate</span> <span class='ocrx_word' id='word_1_282' title='bbox 981 2402 1029 2439; x_wconf 88' lang='lat' dir='ltr'>de</span> <span class='ocrx_word' id='word_1_283' title='bbox 1067 2401 1198 2439; x_wconf 83' lang='lat' dir='ltr'>officio</span> <span class='ocrx_word' id='word_1_284' title='bbox 1230 2402 1444 2440; x_wconf 88' lang='lat' dir='ltr'>decessum.</span> <span class='ocrx_word' id='word_1_285' title='bbox 1503 2401 1763 2440; x_wconf 76' lang='lat' dir='ltr'>collaudatus</span> 
     </span>
     <span class='ocr_line' id='line_1_34' title="bbox 334 2469 1763 2520; baseline 0 -13"><span class='ocrx_word' id='word_1_286' title='bbox 334 2471 382 2507; x_wconf 88' lang='lat' dir='ltr'>ab</span> <span class='ocrx_word' id='word_1_287' title='bbox 416 2470 655 2520; x_wconf 85' lang='lat' dir='ltr'>imperatore</span> <span class='ocrx_word' id='word_1_288' title='bbox 683 2470 765 2507; x_wconf 87' lang='lat' dir='ltr'>tria</span> <span class='ocrx_word' id='word_1_289' title='bbox 795 2470 922 2507; x_wconf 88' lang='lat' dir='ltr'>millia</span> <span class='ocrx_word' id='word_1_290' title='bbox 948 2469 1118 2506; x_wconf 88' lang='lat' dir='ltr'>militum</span> <span class='ocrx_word' id='word_1_291' title='bbox 1139 2470 1190 2507; x_wconf 87' lang='lat' dir='ltr'>ad</span> <span class='ocrx_word' id='word_1_292' title='bbox 1213 2470 1485 2520; x_wconf 86' lang='lat' dir='ltr'>occupandam</span> <span class='ocrx_word' id='word_1_293' title='bbox 1510 2483 1594 2507; x_wconf 90' lang='lat' dir='ltr'>eam</span> <span class='ocrx_word' id='word_1_294' title='bbox 1611 2472 1763 2519; x_wconf 88' lang='lat' dir='ltr'>partem</span> 
     </span>
     <span class='ocr_line' id='line_1_35' title="bbox 327 2536 1761 2587; baseline -0.001 -12"><span class='ocrx_word' id='word_1_295' title='bbox 327 2537 460 2584; x_wconf 89' lang='lat' dir='ltr'>urbis,</span> <span class='ocrx_word' id='word_1_296' title='bbox 506 2551 623 2587; x_wconf 89' lang='lat' dir='ltr'>quam</span> <span class='ocrx_word' id='word_1_297' title='bbox 665 2536 864 2575; x_wconf 83' lang='lat' dir='ltr'>Samnites</span> <span class='ocrx_word' id='word_1_298' title='bbox 907 2537 1152 2584; x_wconf 87' lang='lat' dir='ltr'>insidebant,</span> <span class='ocrx_word' id='word_1_299' title='bbox 1198 2538 1372 2587; x_wconf 82' lang='lat' dir='ltr'>accepit3</span> <span class='ocrx_word' id='word_1_300' title='bbox 1416 2537 1605 2587; x_wconf 85' lang='lat' dir='ltr'>praesidio</span> <span class='ocrx_word' id='word_1_301' title='bbox 1647 2537 1683 2574; x_wconf 91' lang='lat' dir='ltr'>ei</span> <span class='ocrx_word' id='word_1_302' title='bbox 1715 2536 1761 2574; x_wconf 88' lang='lat' dir='ltr'>L.</span> 
     </span>
     <span class='ocr_line' id='line_1_36' title="bbox 194 2600 1762 2655; baseline 0 -13"><span class='ocrx_word' id='word_1_303' title='bbox 194 2600 250 2647; x_wconf 78' lang='grc'>26</span> <span class='ocrx_word' id='word_1_304' title='bbox 332 2605 548 2652; x_wconf 77' lang='lat' dir='ltr'>Quinctius</span> <span class='ocrx_word' id='word_1_305' title='bbox 584 2605 770 2642; x_wconf 89' lang='lat' dir='ltr'>tribunus</span> <span class='ocrx_word' id='word_1_306' title='bbox 809 2604 980 2641; x_wconf 84' lang='lat' dir='ltr'>militum</span> <span class='ocrx_word' id='word_1_307' title='bbox 1012 2605 1261 2655; x_wconf 75' lang='lat' dir='ltr'>praepositus.</span> <span class='ocrx_word' id='word_1_308' title='bbox 1333 2604 1484 2642; x_wconf 89' lang='lat' dir='ltr'>Eodem</span> <span class='ocrx_word' id='word_1_309' title='bbox 1513 2607 1692 2654; x_wconf 85' lang='lat' dir='ltr'>tempore</span> <span class='ocrx_word' id='word_1_310' title='bbox 1723 2607 1762 2641; x_wconf 90' lang='lat' dir='ltr'>et</span> 
     </span>
    </p>
   </div>
  </div>
 </body>
</html>
