1821 2928
518 111 631 146 Liber
654 110 727 146 111.
777 113 838 155 (A.
865 112 929 146 Oh.
954 112 1052 156 449.)
1421 117 1498 156 185

62 241 231 280 fidentes
261 240 422 279 sibimet
460 239 574 278 ambo
603 240 814 288 exercitus,
847 239 994 277 veteris
1017 242 1298 291 perpetuaeque
1330 241 1497 279 alterum

62 313 214 364 gloriae,
247 313 417 359 alterum
448 325 574 362 nuper
603 324 706 350 nova
735 311 908 349 victoria
948 311 1106 349 elatum.
1167 311 1344 351 Consilio
1376 314 1495 352 etiam
1518 315 1540 351 7

65 384 205 424 Sabini
235 385 339 423 vires
371 383 579 430 adiuvere3
614 396 705 420 nam
736 396 857 433 quum
884 386 1107 433 aequassent
1123 384 1256 433 aciem,
1290 385 1367 425 duo
1386 394 1500 425 extra

67 457 248 495 ordinem
280 456 419 503 millia,
451 468 538 505 quae
569 455 610 492 in
642 455 849 493 sinistrum
881 468 1004 493 cornu
1035 455 1308 496 Romanorum
1340 459 1380 496 in
1411 460 1498 509 ipso

66 529 279 567 certamine
311 527 616 578 impressionem
640 528 826 574 facerent,
849 531 1030 564 tenuere.
1063 527 1161 574 Quae
1192 531 1274 578 ubi,
1307 531 1434 569 illatis
1452 529 1541 569 ex8

62 605 289 639 transverso
335 600 474 649 signis,
521 599 793 648 degravabant
837 612 960 649 prope
1007 599 1317 636 circumventum
1366 613 1500 645 cornu,

64 673 217 722 equites
249 672 417 710 duarum
449 672 665 721 legionum,
712 671 888 709 sexcenti
919 672 1020 718 fere,
1068 685 1117 709 ex
1163 671 1275 721 equis
1308 671 1501 709 desiliunt

65 744 375 794 cedentibusque
408 744 485 782 iam
518 745 610 794 suis,
643 743 859 793 provolant
903 743 943 780 in
990 744 1172 793 primum,
1218 744 1415 793 simulque
1462 748 1501 782 et

64 814 169 854 hosti
200 829 240 853 se
271 820 478 866 opponunt
510 819 548 853 et
566 819 722 865 aequato
739 815 912 865 primum
944 815 1138 865 periculo,
1170 815 1322 866 pudore
1354 816 1499 854 deinde

65 887 218 925 animos
262 887 442 937 peditum
481 888 715 927 accendunt.
779 887 1045 925 Verecundiae
1091 892 1186 934 erat,
1220 888 1394 937 equitem
1426 889 1537 926 suo9

65 959 277 1009 alienoque
309 958 439 998 Marte
470 973 660 1010 pugnare,
699 959 874 1009 peditem
919 973 968 997 ne
1000 959 1051 997 ad
1090 959 1208 1009 pedes
1240 960 1402 1010 quidem
1435 960 1500 998 de-

64 1045 198 1080 gresso
231 1032 356 1081 equiti
389 1045 525 1081 parem
557 1045 650 1069 esse.
698 1030 865 1069 Vadunt
895 1031 1020 1080 igitur
1050 1033 1090 1069 in
1121 1032 1309 1082 proelium
1341 1032 1390 1069 ab
1423 1046 1495 1071 sua
1567 1028 1624 1076 63

64 1108 178 1153 parte
209 1103 397 1142 omissum
431 1107 470 1141 et
493 1104 637 1151 locum,
670 1117 718 1141 ex
744 1116 822 1154 quo
842 1107 1051 1151 cesserant,
1084 1107 1295 1154 repetunt3
1327 1118 1499 1143 momen-

63 1179 184 1224 ‘toque
214 1188 293 1212 non
325 1176 513 1213 restituta
544 1175 661 1214 modo
677 1189 823 1226 pugna,
855 1175 924 1213 sed
954 1176 1171 1213 inclinatur
1203 1177 1322 1214 etiam
1340 1175 1501 1215 Sabinis

65 1259 197 1284 cornu.
229 1247 364 1298 Eques
395 1248 498 1286 inter
531 1248 692 1286 ordines
723 1248 902 1297 peditum
933 1252 1063 1285 tectus
1095 1261 1135 1286 se
1166 1248 1217 1285 ad
1245 1262 1369 1298 equos
1400 1249 1498 1286 reci-
1518 1250 1541 1285 2

62 1319 142 1368 pit;
172 1320 397 1358 transvolat
428 1320 519 1357 inde
552 1320 590 1357 in
621 1324 775 1369 partem
807 1320 974 1357 alteram
1006 1320 1089 1357 suis
1112 1320 1291 1357 victoriae
1318 1321 1501 1367 nuntius;

63 1390 181 1428 simul
213 1394 251 1428 et
282 1391 322 1428 in
352 1391 485 1428 hostes
519 1391 596 1428 iam
621 1391 802 1441 pavidos,
835 1392 983 1441 quippe
1014 1392 1102 1430 fuso
1133 1405 1213 1429 suae
1245 1393 1372 1442 partis
1403 1393 1501 1430 vali-

63 1462 176 1500 diore
209 1476 342 1509 cornu,
376 1462 565 1512 impetum
597 1463 705 1500 facit.
780 1463 871 1501 Non
911 1464 1082 1501 aliorum
1114 1477 1160 1501 eo
1193 1465 1336 1514 proelio
1369 1465 1496 1502 virtus

63 1534 187 1582 magis
220 1534 373 1572 enituit.
407 1534 554 1573 Consul
586 1535 796 1586 providere
829 1535 973 1584 omnia,
1007 1536 1174 1574 laudare
1197 1538 1334 1585 fortes,
1368 1535 1535 1574 incre-3

64 1619 172 1656 pare,
205 1605 332 1644 sicubi
363 1607 524 1655 segnior
555 1620 691 1656 pugna
729 1612 843 1645 esset.
919 1606 1120 1656 Castigati
1166 1609 1328 1646 fortium
1360 1609 1496 1646 statim

60 1678 238 1716 virorum
255 1691 416 1728 operam
444 1678 624 1725 edebant,
649 1682 885 1729 tantumque
909 1679 980 1717 hos
997 1679 1137 1729 pudor,
1171 1684 1363 1730 quantum
1396 1681 1497 1718 alios

60 1750 200 1788 laudes
217 1749 456 1787 excitabant.
489 1750 782 1800 Redintegrato
800 1751 973 1789 clamore
990 1752 1170 1802 undique
1188 1766 1322 1790 omnes
1340 1752 1493 1790 connisi
1510 1752 1537 1789 4

59 1823 212 1860 hostem
243 1825 438 1869 avertunt,
470 1836 541 1860 nec
573 1823 716 1861 deinde
732 1823 915 1861 Romana
938 1825 997 1862 vis
1021 1825 1210 1862 sustineri
1235 1824 1376 1874 pot-uit.
1425 1822 1495 1862 Sa-

59 1894 144 1932 bini
176 1895 253 1932 fusi
284 1895 432 1944 passim
464 1908 534 1945 per
565 1908 681 1944 agros
709 1899 842 1944 castra-
861 1896 965 1934 hosti
983 1897 1033 1933 ad
1060 1896 1234 1946 praedam
1252 1897 1496 1945 relinquunt.

61 1966 127 2004 Ibi
161 1980 238 2004 non
271 1967 481 2012 sociorum,
513 1967 615 2004 sicut
646 1967 686 2004 in
718 1967 884 2017 Algido,
931 1982 1012 2018 reS,
1045 1969 1115 2006 sed
1155 1982 1245 2006 suas
1277 1957 1494 2014 Romanus}

60 2039 386 2089 populationibus
419 2052 606 2088 agrorum
637 2039 816 2086 amissas,
847 2041 1000 2089 recipit.

173 2109 345 2149 Gemina
375 2111 546 2150 victoria
577 2110 733 2150 duobus
765 2111 954 2149 bifariam
971 2113 1127 2162 proeliis
1157 2116 1285 2163 parta,
1318 2113 1492 2164 maligne
1511 2114 1535 2151 5

60 2185 218 2220 senatus
251 2183 290 2219 in
322 2195 442 2219 unum
476 2182 579 2219 diem
613 2183 926 2233 supplicationes
944 2185 1150 2222 consulum
1175 2185 1334 2222 nomine
1363 2185 1494 2222 decre-

59 2253 127 2291 vit.
187 2253 367 2304 Populus
400 2254 554 2292 iniussu
586 2258 624 2292 et
655 2255 783 2293 altero
816 2255 880 2293 die
905 2257 1091 2306 frequens
1124 2257 1171 2294 iit
1201 2257 1494 2307 supplicatum3

59 2329 98 2362 et
128 2325 212 2362 haec
242 2339 344 2375 vaga
374 2326 663 2376 popularisque
687 2328 931 2378 supplicatio
949 2329 1094 2366 studiis
1111 2342 1237 2379 prope
1255 2329 1495 2367 celebratior

57 2396 143 2434 fuit.
176 2397 371 2435 Consules
402 2412 449 2435 ex
481 2399 700 2448 composito
732 2400 871 2438 eodem
903 2400 1027 2438 biduo
1053 2401 1103 2439 ad
1129 2402 1266 2439 urbem
1292 2401 1534 2438 accesseress

59 2473 315 2519 senatumque
347 2470 387 2506 in
420 2468 644 2522 [Martium]
676 2484 857 2521 campum
896 2485 1119 2511 evocavere.
1182 2472 1263 2510 Ubi
1295 2484 1414 2521 quum
1447 2469 1495 2507 de

60 2539 179 2578 rebus
210 2542 259 2579 ab
291 2555 331 2579 se
362 2542 485 2590 gestis
510 2546 687 2591 agerent,
721 2543 852 2592 questi
885 2546 1078 2594 primores
1109 2549 1280 2594 patrum,
1315 2546 1494 2580 senatum

59 2610 164 2649 inter
194 2613 342 2651 milites
374 2614 510 2652 dedita
540 2628 661 2665 opera
689 2616 856 2653 terroris
887 2630 1007 2654 causa
1037 2616 1189 2654 haberi.
1237 2615 1381 2664 Itaque
1399 2613 1492 2651 inde
1511 2615 1533 2650 7

60 2684 249 2731 consules,
281 2698 329 2722 ne
363 2686 630 2725 criminationi
663 2687 773 2724 locus
805 2692 916 2733 esset,
949 2688 987 2724 in
1020 2692 1136 2736 prata
1167 2685 1381 2732 Flaminia,
1422 2686 1492 2724 ubi
