1821 2928
387 207 465 244 174
785 219 876 244 Liber
894 218 1033 246 1x.(A.
1053 226 1081 243 u.
1101 227 1126 244 c.
1145 219 1301 247 442—443.)

323 345 415 369 vere
447 345 492 368 ac
523 332 663 369 misere
685 325 923 370 'colonorum
950 336 1137 382 quattuor
1161 332 1287 369 millia
1311 332 1561 382 insequentes
1579 332 1757 370 consules

119 386 306 446 ζῗιέὴαξῗὲ
325 399 380 436 M.
412 399 608 447 Valerius,
639 400 684 437 P.
717 400 880 437 Decius.

195 463 249 510 29
440 468 662 517 Profligato
694 468 775 505 sere
808 468 1047 505 Samnitium
1080 467 1197 514 bello,
1228 467 1460 517 priusquam
1491 481 1537 505 ea
1568 457 1674 506 cura.>
1694 468 1758 506 de-

285 535 309 571 2
328 534 484 572 cederet
514 536 697 585 patribus
727 536 930 582 Romanis,
960 535 1121 573 Etrusci
1153 534 1251 572 belli
1282 535 1386 572 sama
1417 539 1552 573 exorta
1583 539 1658 583 est;
1688 550 1760 574 neo

329 606 413 640 erat
437 617 481 640 ea
506 607 742 654 tempestate
765 618 861 653 gens
887 605 976 650 alia,
1002 604 1114 641 cuius
1139 604 1354 642 secundum
1371 602 1550 641 Gallicos
1564 603 1760 641 tumultus

328 684 435 708 arma
460 672 713 710 terribiliora
744 678 873 710 essent
900 686 1020 721 quum
1045 672 1349 721 propinquitate
1366 672 1466 720 agri,
1479 675 1564 709 tum
1580 671 1760 709 multitu-

290 738 422 776 3dine
462 740 678 778 hominum.
751 741 893 790 Itaque
932 741 1056 778 altero
1097 740 1257 777 consule
1294 740 1337 776 in
1368 738 1530 778 Samnio
1568 739 1762 790 reliquias

330 806 429 844 belli
462 813 734 858 persequente,
765 809 811 846 P.
843 809 1008 855 Decius,
1040 808 1109 857 qui
1140 807 1316 856 graviter
1347 820 1450 856 aeger
1479 807 1618 845 Romae
1648 807 1762 844 resti-

330 878 445 922 terat,
486 881 646 915 auctore
687 880 827 914 senatu
858 877 1092 914 dictatorem
1125 874 1166 912 C.
1197 875 1359 912 Iunium
1389 874 1617 913 Bubulcum
1648 875 1762 912 dixit.

290 942 384 989 4Is,
415 948 534 992 prout
564 946 623 983 rei
655 945 886 994 magnitudo
904 944 1143 994 postulabat,
1170 957 1304 981 onmes
1327 943 1502 981 iuniores
1518 946 1762 981 sacramento

330 1010 473 1059 adigit,
505 1027 625 1056 arma,
657 1027 823 1063 quaeque
855 1013 934 1050 alia
963 1026 1025 1049 res
1057 1011 1197 1062 poscit,
1229 1024 1381 1048 summa
1405 1010 1606 1048 industria
1630 1013 1764 1060 parat3

331 1092 402 1116 nec
433 1081 556 1118 tantis
587 1081 848 1132 apparatibus
880 1081 1007 1119 elatus
1040 1081 1088 1117 de
1120 1080 1326 1117 inferendo
1358 1078 1465 1116 bello
1489 1078 1628 1128 agitat,
1654 1078 1763 1128 quie-

293 1146 445 1184 5tu1-us
475 1149 581 1186 haud
612 1149 744 1196 dubie,
775 1149 854 1186 nisi
885 1149 990 1186 ultro
1023 1162 1132 1186 arma
1161 1147 1323 1184 Etrusci
1354 1146 1558 1184 inferrent.
1615 1146 1765 1184 Eadem

331 1213 372 1251 111
404 1219 670 1266 comparando
703 1217 1004 1266 cohibendoque
1036 1216 1142 1254 bello
1174 1215 1341 1253 consilia
1372 1219 1412 1253 et
1441 1215 1548 1266 apud
1576 1214 1765 1252 Etruscos

333 1282 459 1329 suere;
491 1287 622 1323 neutri
654 1286 801 1323 finibus
833 1285 993 1333 egressi.

447 1352 499 1389 Et
531 1367 695 1391 censura
727 1354 834 1390 clara
865 1367 909 1390 eo
942 1365 1045 1390 anno
1072 1351 1180 1401 App.
1198 1350 1357 1389 Claudii
1381 1354 1419 1388 et
1443 1349 1484 1388 C.
1500 1350 1655 1388 Plautii
1677 1351 1765 1397 fuit,

293 1420 315 1454 6
334 1421 532 1457 memoriae
563 1425 696 1459 tamen
726 1421 920 1458 felicioris
947 1420 996 1457 ad
1021 1424 1201 1469 posteros
1222 1432 1364 1456 nomen
1381 1418 1522 1468 Appii,
1539 1418 1646 1468 quod
1660 1418 1766 1456 viam

294 1487 316 1522 7
334 1487 505 1525 munivit
538 1493 575 1526 et
606 1503 748 1540 aquam
779 1489 821 1526 in
853 1488 991 1525 urbem
1023 1487 1148 1533 duxit,
1179 1500 1301 1536 eaque
1332 1500 1433 1523 unus
1465 1486 1642 1535 perfecit,
1673 1487 1767 1536 quia

332 1554 381 1591 ob
414 1555 601 1594 infamem
640 1561 758 1607 atque
797 1556 1037 1594 invidiosam
1076 1558 1235 1593 senatus
1273 1554 1484 1592 lectionem
1522 1554 1765 1592 verecundia

292 1622 462 1660 Svictus
503 1626 656 1674 collega
694 1625 932 1673 magistratu
972 1638 1012 1661 se
1051 1623 1323 1668 abdicaverat,
1368 1621 1530 1672 Appius
1562 1622 1642 1659 iam
1672 1621 1764 1659 inde

333 1691 556 1740 antiquitus
584 1693 744 1730 insitam
767 1692 1032 1742 pertinaciam
1055 1691 1217 1728 familiae
1240 1691 1414 1738 gerendo
1432 1690 1540 1728 solus
1557 1703 1763 1727 censuram

295 1760 316 1791 5⁵
335 1758 521 1796 obtinuit.
579 1761 732 1797 Eodem
755 1760 894 1809 Appio
927 1763 1087 1796 auctore
1104 1758 1262 1803 Potitii,
1294 1771 1402 1805 gens,
1434 1758 1545 1795 cuius
1576 1757 1626 1795 ad
1656 1770 1761 1795 aran}

333 1827 541 1864 maximam
572 1829 759 1866 Herculis
790 1827 987 1865 familiare
1019 1826 1288 1864 sacerdotium
1319 1826 1460 1871 fuerat,
1501 1838 1634 1863 servos
1665 1825 1764 1875 pub-

337 1893 435 1931 licos
461 1895 677 1933 ministerii
707 1895 919 1945 delegandi
944 1909 1061 1933 causa
1087 1893 1294 1931 sollemnia
1321 1892 1405 1929 eius
1421 1892 1523 1930 sacri
1539 1893 1764 1931 docuerant.

269 1963 318 1998 10
336 1961 528 2000 Traditur
559 1964 664 2011 inde,
698 1964 807 2001 dictu
838 1964 1023 2002 mirabile
1063 1966 1102 2000 et
1132 1962 1240 2012 quod
1272 1960 1528 1998 demovendis
1558 1964 1665 1999 statu
1695 1973 1764 1998 suo

335 2030 456 2067 sacris
496 2032 733 2079 religionem
770 2032 898 2069 facere
936 2031 1074 2081 possit,
1115 2043 1235 2079 quum
1276 2028 1486 2066 duodecim
1524 2028 1688 2066 familiae
1719 2041 1766 2065 ea

333 2102 563 2147 tempestate
599 2100 844 2137 Potitiorum
877 2104 1016 2146 essent,
1040 2099 1209 2148 puberes
1236 2098 1286 2134 ad
1306 2096 1488 2145 triginta,
1512 2109 1643 2134 omnes
1660 2096 1765 2133 intra

269 2167 314 2202 11
336 2179 481 2203 annum
514 2180 602 2204 cum
633 2169 756 2217 stirpe
788 2167 1017 2212 exstinctos3
1053 2180 1124 2204 nec
1163 2179 1304 2203 nomen
1332 2168 1488 2202 tantum
1519 2163 1764 2202 Potitiorum

334 2234 526 2281 interisse,
558 2236 626 2272 sed
659 2249 859 2273 censorem
891 2235 1010 2272 etiam
1026 2234 1210 2283 Appium
1242 2232 1406 2270 memori
1437 2232 1554 2269 deum
1585 2231 1647 2269 ira-
1669 2234 1764 2282 post

335 2302 489 2352 aliquot
519 2317 641 2341 annos
672 2303 891 2339 luminibus
924 2307 1093 2352 captum.

201 2365 259 2411 30
447 2371 589 2420 ltaque
630 2371 819 2417 consules,
857 2371 925 2419 qui
966 2384 1054 2408 eum
1085 2382 1229 2406 annum
1261 2367 1385 2405 secuti
1415 2370 1517 2413 sunt,
1548 2365 1590 2404 C.
1620 2366 1763 2404 Iunius

127 2435 313 2495 fifggsssss}
334 2437 538 2475 Bubulcus
568 2439 731 2475 tertium
763 2442 800 2475 et
832 2439 878 2485 Q.
906 2438 1094 2475 AEmilius
1125 2436 1304 2473 Barbula
1333 2436 1488 2481 iterum,
1519 2434 1636 2471 initio
1667 2434 1761 2471 anni

334 2507 463 2555 questi
510 2507 614 2556 apud
654 2506 857 2555 populum,
903 2506 1165 2543 deformatum
1205 2503 1383 2541 ordinem
1428 2515 1552 2552 prava
1592 2501 1762 2539 lectione

293 2574 316 2609 2
335 2579 504 2621 senatus,
529 2589 606 2624 qua
629 2575 804 2624 potiores
828 2574 983 2622 aliquot
1007 2573 1120 2610 lectis
1144 2571 1339 2621 praeteriti
1356 2573 1494 2615 essent,
1517 2572 1762 2617 negaverunt

335 2656 419 2680 eam
451 2643 743 2688 lectionem-se,
774 2654 861 2690 quae
892 2641 976 2678 sine
1007 2641 1106 2677 recti
1130 2639 1322 2689 pravique
1344 2636 1575 2675 discrimine
1602 2636 1652 2675 ad
1673 2649 1764 2685 gra-
