1821 2928
314 90 391 128 190
738 85 852 120 Liber
876 85 945 119 111.
995 87 1055 130 (A.
1083 98 1116 122 u.
1146 97 1174 123 c.
1200 87 1294 130 308.)

307 214 449 251 donum
490 212 576 250 fieri
609 213 795 249 vidimus.
858 213 1066 249 Auxilium
1107 213 1376 261 tribunicium,
1407 213 1729 264 provocationem

307 285 355 322 ad
387 285 587 334 populum,
621 284 720 321 scita
737 283 866 333 plebis
883 284 1062 321 iniuncta
1086 284 1281 334 patribus,
1314 285 1385 322 sub
1416 285 1538 323 titulo
1569 297 1730 335 aequan-

241 358 288 394 10
308 357 442 393 darum
476 356 606 403 legum
638 358 773 392 nostra
804 355 891 392 iura
922 368 1110 404 oppressa
1139 356 1303 394 tulimus
1338 360 1376 394 et
1406 356 1580 395 ferimus.
1648 355 1728 403 Qui

305 428 392 464 finis
410 427 485 464 erit
502 425 822 463 discordiarum?
854 428 1059 475 ecquando
1076 440 1193 463 unam
1212 428 1347 464 urbem
1364 427 1525 476 habere,
1558 440 1727 477 ecquan-

303 499 352 536 do
385 511 627 536 cotnmunem
660 498 759 534 hanc
792 511 874 535 esse
906 498 1078 547 patriam
1111 498 1282 535 licebit?
1328 499 1438 536 Victi
1457 512 1528 536 nos
1553 499 1728 549 aequiore

303 571 431 607 animo
465 569 703 618 quiescimus
736 583 851 618 quam
883 582 952 605 vos
984 569 1167 608 victores.
1229 568 1385 607 Satisne
1412 575 1481 618 est,
1511 569 1628 608 nobis
1657 583 1728 609 vos

238 643 280 678 11
303 641 533 678 metuendos
564 640 676 677 esse?
736 641 940 677 Adversus
971 654 1041 677 nos
1073 640 1315 679 Aventinum
1341 642 1509 692 capitur,
1541 641 1727 679 adversus

302 726 371 750 nos
404 711 524 750 Sacer
555 715 770 762 occupatur
802 726 923 749 mons.
956 712 1156 761 Esquilias
1187 714 1356 751 vidimus
1403 713 1451 750 ab
1493 713 1605 751 hoste
1635 725 1725 762 pro-

303 798 350 834 pe
382 788 517 834 captas
549 789 587 821 et
617 784 857 820 scandenten
892 784 930 820 in
962 797 1147 833 aggerem
1167 785 1367 823 Volscum.
1418 785 1582 822 Hostem
1610 797 1724 821 nemo

173 852 227 899 68
302 856 529 901 summovit3
562 856 602 892 in
635 869 704 892 nos
735 856 823 903 viri,
858 856 897 892 in
929 869 1000 892 nos
1032 857 1174 893 armati
1207 857 1314 894 estis.
1362 855 1486 903 Agite
1517 855 1622 904 dum,
1654 854 1724 892 ubi

299 927 365 964 hic
383 928 531 964 curiam
549 927 883 964 circumsederitis
908 931 946 964 et
970 928 1097 964 forum
1124 928 1311 965 infestum
1335 926 1510 964 feceritis
1537 930 1576 963 et
1592 939 1723 964 carce-

261 1000 382 1036 1'21'em
417 999 677 1048 impleveritis
716 999 978 1048 principibus,
1023 999 1161 1036 iisdem
1209 999 1296 1036 istis
1341 997 1538 1035 ferocibus
1582 997 1725 1035 animis

299 1070 536 1118 egredimini
570 1075 680 1107 extra
710 1074 865 1119 portam
897 1070 1161 1120 Esquilinam,
1205 1074 1283 1115 aut,
1316 1070 1349 1106 si
1381 1083 1428 1106 ne
1460 1069 1532 1106 1100
1563 1067 1724 1118 quidem

299 1142 464 1189 audetis,
499 1155 545 1178 ex
578 1141 701 1178 muris
733 1141 848 1178 visite
880 1155 996 1190 agros
1027 1145 1177 1179 vestros
1208 1142 1313 1178 ferro
1342 1141 1504 1189 ignique
1535 1143 1723 1186 vastatos,

259 1214 280 1251 3
300 1213 471 1262 praedam
504 1213 624 1261 abigi,
655 1213 806 1249 fumare
838 1213 997 1249 incensa
1035 1213 1180 1262 passim
1217 1216 1333 1249 tecta.
1394 1212 1453 1249 At
1483 1212 1587 1248 enim
1620 1224 1720 1248 com·

299 1285 425 1322 munis
456 1298 518 1321 res
549 1297 620 1334 per
636 1284 719 1321 haec
737 1284 824 1321 loco
842 1287 900 1321 est
916 1284 1070 1333 peiore3
1102 1297 1195 1332 ager
1220 1284 1362 1330 uritur,
1392 1282 1486 1320 urbs
1504 1283 1722 1329 obsidetur,

298 1357 394 1393 belli
411 1356 539 1404 gloria
554 1369 674 1405 penes
691 1355 823 1392 hostes
842 1360 910 1392 est.
959 1355 1065 1402 Quid
1093 1354 1280 1392 tandem?
1310 1354 1477 1404 privatae
1501 1367 1562 1391 res
1580 1357 1722 1392 vestrae

300 1430 338 1465 in
356 1441 433 1477 quo
451 1431 556 1464 statu
575 1426 694 1464 sunt?
740 1427 825 1464 Iam
849 1427 1064 1476 unicuique
1092 1440 1140 1464 ex
1169 1427 1276 1475 agris
1295 1440 1364 1463 sua
1396 1425 1539 1463 damna
1570 1425 1725 1462 nuntia-

261 1501 283 1535 4
304 1500 460 1536 buntur.
509 1498 616 1544 Quid
648 1502 705 1534 est
735 1497 895 1535 tandem
928 1498 1045 1545 domi,
1076 1498 1181 1535 unde
1213 1512 1258 1535 ea
1289 1495 1512 1547 expleatis?
1552 1495 1723 1533 Tribuni

297 1571 411 1607 vobis
459 1571 600 1607 amissa
646 1570 815 1606 reddent
859 1583 904 1607 ac
950 1569 1187 1607 restituent?
1262 1569 1384 1606 Vocis
1422 1568 1724 1617 verborumque,

298 1648 487 1692 quantum
519 1641 671 1687 voletis,
704 1641 895 1689 ingerent,
928 1645 966 1678 et
997 1641 1205 1677 criminum
1230 1641 1271 1677 in
1294 1640 1496 1689 principes
1530 1644 1568 1677 et
1593 1640 1725 1689 legum

298 1715 462 1750 aliarum
495 1726 612 1762 super
644 1712 742 1749 alias
773 1716 817 1748 ut
848 1713 1091 1758 contionum3
1140 1711 1208 1749 sed
1255 1725 1301 1748 ex
1349 1711 1428 1747 illis
1468 1710 1723 1748 contionibus

298 1798 498 1834 nunquam
530 1789 701 1821 vestrum
721 1784 931 1833 quisquam
958 1798 1010 1827 re,
1042 1785 1203 1821 fortuna
1227 1782 1386 1819 domum
1417 1781 1570 1819 auctior
1586 1781 1721 1821 rediit.

259 1857 280 1893 5
300 1856 446 1906 Ecquis
478 1856 636 1893 rettulit
668 1855 824 1905 aliquid
856 1855 905 1892 ad
938 1856 1141 1902 coniugem
1175 1868 1219 1891 ac
1260 1854 1405 1890 liberos
1442 1856 1587 1903 praeter
1617 1853 1723 1899 odia,

296 1928 540 1974 offensiones,
575 1927 796 1964 simultates
829 1927 1010 1976 publicas
1042 1926 1312 1976 privatasque,
1345 1939 1367 1962 a
1393 1925 1537 1974 quibus
1567 1937 1722 1974 semper

298 2013 374 2036 non
393 2003 525 2035 vestra
548 1999 697 2036 virtute
725 1998 1043 2048 innocentiaque‚
1075 1998 1143 2035 sed
1168 1997 1318 2035 auxilio
1343 1997 1475 2033 alieno
1503 1996 1580 2033 tuti
1604 1995 1720 2033 sitis?

258 2071 279 2107 6
299 2059 359 2107 At'
388 2071 582 2118 hercules,
614 2083 735 2119 quum
767 2069 965 2119 stipendia
1003 2069 1116 2106 nobis
1162 2068 1405 2117 consulibus,
1438 2081 1516 2105 non
1547 2067 1721 2105 tribunis

295 2142 460 2178 ducibus
479 2142 575 2178 etin
609 2142 761 2189 castris,
796 2155 873 2178 non
892 2141 930 2177 in
948 2141 1033 2177 foro
1059 2140 1265 2178 faciebatis
1296 2143 1334 2177 et
1364 2139 1403 2176 in
1435 2139 1520 2176 acie
1544 2142 1719 2176 vestrum

295 2213 505 2250 clamorem
545 2212 697 2259 hostes,
729 2226 806 2250 non
840 2213 878 2249 in
911 2211 1093 2249 contione
1125 2215 1258 2260 patres
1289 2210 1460 2248 Romani
1491 2209 1718 2260 horrebant,

294 2283 428 2333 praeda
444 2287 570 2332 parta,
601 2296 694 2331 agro
727 2297 773 2320 ex
804 2284 915 2321 hoste
946 2287 1073 2333 capto,
1104 2282 1214 2332 pleni
1236 2282 1483 2319 fortunarum
1501 2281 1719 2330 gloriaeque

294 2355 410 2392 simul
427 2353 612 2403 publicae,
644 2354 759 2390 simul
778 2354 956 2403 privatae,
987 2354 1277 2403 triumphantes
1296 2353 1455 2390 domum
1479 2351 1530 2390 ad
1541 2340 1718 2401 ‘penates

294 2425 507 2471 redibatis3
539 2438 642 2462 nunc
674 2430 877 2462 oneratum
895 2425 1037 2462 vestris
1069 2425 1236 2463 fortunis
1253 2424 1405 2462 hostem
1438 2423 1550 2460 abire
1573 2422 1716 2460 sinitis.

256 2498 456 2535 7Haerete
489 2496 600 2533 affixi
630 2496 881 2533 contionibus
927 2499 966 2532 et
1013 2496 1052 2532 in
1100 2496 1184 2533 foro
1229 2495 1370 2540 vivite3
1415 2497 1603 2543 sequetur
1646 2505 1716 2530 vos

294 2569 509 2606 necessitas
540 2566 754 2614 militandi,
793 2579 909 2615 quam
941 2566 1092 2614 fugitis.
1126 2565 1258 2604 Grave
1304 2568 1388 2602 erat
1418 2564 1460 2600 in
1491 2563 1645 2612 AEquos
1675 2566 1717 2601 et
