1821 2928
139 1692 195 1742 29

271 134 326 171 88
730 130 845 166 Liber
868 129 921 165 11.
967 130 1029 174 (A.
1053 142 1088 167 u.
1115 141 1145 166 0.
1169 131 1263 174 260.)

273 257 480 308 Esquiliis,
511 258 589 296 alia
621 258 660 296 in
692 257 896 296 Aventino
926 257 1024 296 fiant
1055 258 1236 306 concilia,
1265 258 1484 309 dispersam
1515 262 1555 297 et
1584 258 1699 298 dissi-

230 338 254 374 4
272 335 407 380 patam
427 343 508 368 esse
525 343 607 368 rem
631 329 847 380 publicam.
895 329 1031 368 Unum
1058 330 1219 368 hercule
1243 330 1373 368 virum
1396 331 1454 379 (id
1482 331 1587 369 enim
1611 331 1700 382 plus

273 414 357 439 esse
389 415 507 451 quam
541 402 767 452 consulem),
800 401 930 452 qualis
971 401 1078 452 App.
1120 400 1312 439 Claudius
1341 402 1474 453 fuerit,
1507 406 1703 442 momento

233 472 467 522 5te1nporis
509 473 777 512 discussurum
816 473 908 512 illos
949 477 1071 511 coetus
1111 473 1245 513 fuisse.
1309 472 1494 524 Correpti
1525 475 1704 513 consules

273 557 408 594 quum.
444 546 541 595 quid
574 559 668 595 ergo
701 559 741 584 se
771 546 900 584 facere
931 545 1078 584 vellent
1111 543 1233 597 (nihil
1265 544 1369 582 enim
1400 546 1561 595 segnius
1577 547 1705 584 molli-

273 629 382 662 usve,
400 631 521 667 quam
539 618 722 668 patribus
739 618 908 668 placeat,
920 618 1459 667 acturos),percontarentur,
1473 617 1702 668 decernunt,

274 691 318 725 ut
349 687 538 726 dilectum
571 703 691 740 quam
723 690 957 727 acerrimum
989 689 1178 735 habeant3
1211 689 1291 727 otio
1323 689 1507 728 lascivire
1537 689 1704 739 plebem.

231 763 254 800 6
275 759 456 798 Dimisso
488 766 628 800 senatu
660 761 841 799 consules
859 761 899 798 in
915 760 1095 797 tribunal
1112 760 1347 808 escendunt3
1384 761 1706 799 011011111οω1ηο-

273 832 345 869 tim
377 833 564 873 iuniores.
612 834 743 881 Quum
776 833 825 870 ad
856 846 998 870 nomen
1029 845 1144 870 nemo
1176 833 1443 882 responderet,
1467 833 1706 870 circumfusa

275 904 490 942 multitudo
540 906 581 942 111
627 905 822 942 contionis
862 904 1021 941 modum
1061 917 1217 953 negare,
1250 904 1357 941 ultra
1388 904 1517 954 decipi
1549 905 1706 954 plebem

230 977 252 1012 7
271 989 404 1026 posse3
437 990 639 1027 nunquam
671 990 791 1015 unum
824 977 992 1014 militem
1024 975 1244 1022 habituros,
1270 976 1311 1013 ni
1335 979 1593 1025 praestaretur
1608 975 1706 1014 fides

272 1049 458 1098 publica:
479 1049 703 1087 libertatem
723 1049 940 1098 unicuique
958 1049 1069 1098 prius
1087 1047 1327 1085 reddendam
1356 1061 1439 1085 esse
1464 1061 1581 1097 quam
1598 1061 1708 1085 arma

275 1120 418 1167 danda,
451 1126 494 1158 ut
526 1135 597 1171 pro
646 1121 777 1171 patria
816 1121 1059 1170 civibusque,
1105 1133 1183 1157 non
1214 1133 1286 1169 pro
1319 1119 1487 1157 dominis
1518 1123 1708 1169 pugnent.

233 1191 257 1228 8
278 1191 481 1238 Consules,
515 1193 612 1242 quid
645 1192 873 1230 mandatum
892 1196 1032 1229 esseta
1051 1195 1201 1238 senatu,
1232 1191 1435 1239 videbant,
1469 1191 1539 1228 sed
1556 1204 1704 1239 eorum,

275 1265 344 1314 qui
378 1264 482 1301 intra
514 1265 688 1314 parietes
720 1265 839 1302 curiae
866 1264 1051 1301 ferociter
1069 1264 1338 1313 loquerentur,
1356 1262 1704 1302 neminemadesse

277 1336 438 1374 invidiae
471 1349 549 1373 suae
581 1336 837 1386 participem,
869 1339 909 1373 et
939 1335 1157 1385 apparebat
1188 1338 1302 1373 atrox
1336 1348 1421 1372 cum
1437 1334 1555 1385 plebe
1581 1339 1705 1372 certa·

235 1411 378 1448 9men.
439 1409 559 1446 Prius
593 1409 739 1458 itaque.
773 1421 892 1458 quam
909 1408 1049 1445 ultima
1066 1407 1353 1457 experirentur,
1369 1409 1548 1444 senatum
1564 1407 1707 1444 iterum

276 1481 483 1518 consulere
515 1481 679 1530 placuit.
727 1480 827 1517 Turn
860 1493 953 1517 vero
985 1479 1036 1517 ad
1068 1479 1185 1516 sellas
1211 1479 1415 1516 consulum
1432 1491 1600 1528 propere
1617 1491 1708 1516 con-

276 1553 460 1590 volavere
493 1552 679 1589 minimus
711 1552 882 1601 quisque
913 1555 1008 1588 natu
1040 1555 1210 1600 patrum,
1241 1550 1428 1587 abdicare
1460 1550 1708 1587 consulatum

278 1625 464 1662 iubentes
496 1628 533 1661 et
567 1623 764 1672 deponere
797 1623 1022 1673 imperium,
1056 1623 1106 1659 ad
1138 1622 1244 1671 quod
1261 1622 1451 1659 tuendum
1469 1622 1623 1659 animus
1641 1621 1708 1658 de-

280 1701 392 1734 esset.
453 1695 635 1745 Utraque
667 1708 709 1731 re
742 1694 838 1732 satis
871 1697 1045 1744 experta,
1075 1697 1159 1731 tum
1192 1693 1348 1730 demum
1380 1693 1578 1731 consules:
1623 1693 1708 1739 „Ne

277 1768 513 1818 praedictum
560 1767 725 1816 negetis,
772 1770 905 1816 patres
951 1766 1177 1815 conscripti.
1219 1766 1330 1803 adest
1368 1765 1508 1814 ingens
1549 1764 1708 1804 seditio.

279 1841 548 1886 Postulamus,
579 1843 622 1876 ut
651 1839 692 1885 ii,
719 1839 786 1888 qui
812 1838 979 1875 maxime
1005 1837 1206 1886 ignaviam
1232 1837 1451 1887 increpant,
1477 1836 1610 1874 adsint
1640 1850 1708 1874 no-

278 1913 340 1950 bis
375 1911 616 1949 habentibus
648 1910 849 1949 dilectum.
897 1909 1122 1946 Acerrrimi
1140 1909 1331 1958 cuiusque
1348 1908 1532 1957 arbitrio,
1551 1909 1708 1958 quaudo

238 1991 259 2026 2
279 1985 334 2021 ita
365 1984 509 2033 placet.
544 1996 623 2019 rem
658 1985 856 2031 0810111110.ιι
916 1981 1105 2018 Redeunt
1135 1981 1173 2018 in
1205 1981 1404 2026 tribunal,
1438 1980 1553 2018 citari
1584 1980 1708 2018 nomi-

281 2056 403 2093 natim
435 2068 555 2092 unum
589 2068 635 2091 ex
666 2054 729 2103 iis,
765 2054 832 2104 qui
864 2054 903 2090 in
936 2057 1154 2103 conspectu
1186 2056 1309 2101 erant,
1329 2052 1466 2090 dedita
1497 2065 1618 2102 opera
1650 2052 1709 2090 iu-

281 2127 386 2164 bent.
448 2126 577 2173 Quum
611 2130 735 2164 staret
765 2126 909 2163 tacitus
956 2129 993 2162 et
1040 2125 1146 2162 circa
1188 2138 1275 2161 eum
1307 2124 1463 2173 aliquot
1493 2124 1707 2172 hominum,

280 2212 330 2236 ne
362 2199 462 2235 forte
494 2199 724 2245 violaretur,
758 2197 1002 2235 constitisset
1033 2197 1191 2246 globus,
1224 2196 1406 2233 lictorem
1437 2195 1487 2232 ad
1515 2208 1602 2232 eum
1620 2208 1709 2232 con-

239 2271 385 2309 3sules
416 2270 592 2306 mittunt.
641 2269 728 2316 Quo
760 2269 932 2319 repulso,
964 2273 1046 2306 tum
1077 2281 1171 2305 vero
1203 2268 1412 2316 indignum
1442 2267 1596 2304 facinus
1627 2279 1710 2304 esse

281 2341 542 2385 clamitantes,
577 2341 644 2390 qui
675 2346 832 2390 patrum
864 2341 1091 2378 consulibus
1116 2339 1294 2387 aderant,
1313 2338 1499 2375 devolant
1515 2338 1564 2375 de
1581 2337 1710 2375 tribu-

239 2420 263 2456 4
282 2413 376 2452 nali.
409 2416 453 2449 ut
484 2412 617 2448 lictori
649 2413 797 2449 auxilio
823 2416 963 2451 essent.
1010 2410 1089 2449 Sed
1107 2410 1156 2449 ab
1174 2410 1327 2459 lictore,
1345 2409 1448 2446 nihil
1465 2409 1576 2447 aliud
1592 2422 1710 2459 quam

281 2484 478 2535 prendere
509 2483 727 2533 prohibito,
759 2496 878 2532 quum
911 2496 1120 2521 conversus
1152 2483 1192 2519 in
1223 2485 1358 2531 patres
1390 2481 1561 2531 impetus
1592 2483 1707 2528 esset,

282 2557 488 2594 consulum
520 2556 744 2592 intercursu
774 2555 862 2591 rixa
892 2554 1030 2591 sedata
1062 2557 1130 2599 est,
1148 2554 1187 2590 in
1214 2566 1292 2602 qua
1314 2557 1447 2590 tamen
1465 2552 1548 2588 sine
1565 2550 1710 2600 lapide,

282 2629 365 2666 sine
396 2628 476 2666 telo
507 2627 597 2677 plus
630 2626 811 2663 clamoris
851 2630 970 2674 atque
1011 2625 1160 2661 irarum
1202 2637 1318 2673 quam
1358 2622 1516 2659 iniuriae
1568 2621 1712 2660 fuerat.

241 2700 265 2737 5
284 2698 455 2738 Senatus
471 2699 714 2736 tumultuose
730 2700 892 2736 vocatus
908 2696 1190 2734 tumultuosius
1208 2694 1440 2740 consulitur,
1452 2693 1712 2743 quaestionem
