1821 2928
559 218 650 243 Liber
668 218 721 243 1x.
759 218 807 245 (A.
828 218 881 243 cn.
901 218 972 245 320.)
1127 191 1131 198 ¹
1349 204 1425 241 157

43 335 246 380 virtutem,
287 346 407 383 quam
449 346 519 370 nec
558 332 707 369 vallum
746 344 820 369 nec
850 333 962 370 fossae
995 333 1189 376 arcerent,
1221 332 1486 368 memorantes

45 403 204 440 caedunt
240 401 394 452 pariter
434 401 663 438 resistentes
704 400 903 449 fusosque,
941 400 1113 436 inermes
1151 402 1271 447 atque
1302 398 1550 443 armatos,ll

44 483 191 517 servm,
228 470 389 515 liberos,
427 469 608 519 puberes,
650 469 842 518 impubes,
881 467 1060 505 homines
1098 466 1374 515 iumentaque3
1414 478 1486 502 nec
1508 466 1555 502 12

45 539 172 576 ullum
203 538 465 588 superfuisset
495 537 656 583 animal,
689 537 730 574 ni
763 536 944 574 consules
974 534 1157 584 receptui
1181 534 1338 583 signum
1356 533 1488 571 dedis-

46 610 134 644 sent
171 606 390 656 avidosque
427 606 547 643 caedis
584 605 734 642 milites
779 618 799 642 e
839 603 980 642 castris
1018 602 1193 640 hostium
1232 602 1402 652 imperio
1445 615 1489 639 ac

47 675 167 712 minis
199 674 456 724 expulissent.
500 673 645 723 Itaque
672 673 781 722 aPud
807 672 983 709 infensos
1010 671 1060 708 ob
1084 671 1381 720 interpellatam
1401 670 1488 707 dul·
1510 670 1559 707 13

48 743 228 780 cedinem
260 743 329 780 irae
361 742 569 780 confestim
601 741 730 779 oratio
760 741 900 778 habita
938 742 1009 785 est,
1048 742 1092 776 ut
1123 738 1334 777 doceretur
1364 738 1490 785 miles,
1512 738 1561 774 14

48 811 210 849 minime
242 811 428 861 cuiquam
460 810 632 847 militum
664 809 845 847 consules
877 808 970 845 odio
1003 809 1044 845 in
1075 807 1207 845 hostes
1235 807 1398 844 cessisse
1421 810 1490 844 aut

47 893 245 926 cessuros;
284 879 382 929 quin
420 878 541 916 duces
572 878 674 915 sicut-
705 877 815 922 belli,
847 877 902 914 ita
934 875 1178 914 insatiabilis
1208 874 1400 925 supplicii
1431 874 1490 911 fu-

46 953 159 986 turos
188 947 322 994 fuisse,
352 948 394 984 ni
425 950 628 997 respectus
666 945 844 995 equitum
885 948 1174 991 sexcentorum,
1211 943 1281 993 qui
1311 942 1492 980 Luceriae

50 1016 210 1054 obsides
250 1019 493 1062 tenerentur,
530 1014 793 1065 praepedisset
829 1013 1000 1060 animos,
1036 1025 1087 1050 ne
1125 1012 1337 1062 desperata
1376 1010 1493 1048 venia
1515 1009 1563 1046 15

51 1085 186 1122 hostes
218 1097 341 1122 caecos
372 1084 413 1121 in
445 1083 647 1133 supplicia
678 1096 814 1120 eorum
846 1085 993 1131 ageret,
1030 1080 1200 1130 perdere
1230 1079 1345 1130 prius
1377 1092 1495 1128 quam

52 1153 185 1203 perire
217 1155 411 1203 optantes.
478 1151 664 1191 Laudare
696 1165 741 1188 ea
773 1151 922 1188 milites
953 1149 1173 1199 laetarique,
1203 1148 1361 1186 obviam
1393 1146 1494 1184 itum
1516 1147 1563 1183 1ss

53 1222 122 1258 irae
155 1235 235 1258 suae
268 1234 363 1267 esse,
395 1234 441 1258 ac
471 1220 602 1266 fateri,
634 1220 768 1258 onmia
798 1218 989 1269 patienda
1026 1217 1172 1267 potius,
1204 1230 1322 1266 quam
1353 1215 1495 1266 prode-

51 1293 163 1327 retur
194 1289 301 1326 salus
331 1291 393 1326 tot
423 1288 651 1339 principum
683 1288 877 1326 Romana>
911 1286 1140 1324 iuventutis.

165 1357 344 1395 Dimissa
382 1357 578 1402 contione,
619 1356 830 1393 consilium
870 1355 1062 1400 habitum,
1100 1353 1336 1392 omnibusne
1367 1350 1493 1400 copiis
1568 1346 1623 1393 15

52 1425 265 1463 Luceriam
296 1428 534 1475 premerent,
566 1438 615 1461 an
647 1425 775 1461 altero
808 1424 985 1461 exercitu
1017 1428 1055 1459 et
1086 1421 1185 1458 duce
1217 1419 1348 1470 Apuli
1378 1419 1496 1465 circa,

53 1507 150 1543 gens
193 1493 325 1530 ‹lubia›
365 1492 415 1529 ad
458 1492 499 1529 id
536 1492 768 1538 voluntatis,
797 1495 1059 1529 tentarentur.
1119 1489 1325 1527 Publilius
1356 1486 1536 1525 consul2

55 1563 106 1599 ad
138 1560 431 1611 peragrandam
461 1561 664 1610 profectus
695 1560 893 1610 Apuliam
931 1559 1087 1608 aliquot
1124 1558 1382 1608 expeditione
1420 1570 1500 1594 una

54 1629 225 1680 populos
258 1632 327 1666 aut·
357 1629 397 1665 vi
424 1629 582 1677 subegit
608 1632 677 1666 aut
700 1628 1004 1665 condicionibus
1022 1627 1062 1664 in
1081 1627 1315 1664 societatem
1333 1624 1498 1674 accepit.

55 1698 224 1748 Papirio
270 1710 439 1747 quoque,
486 1697 555 1746 qui
601 1697 784 1734 obsessor
829 1695 1009 1734 Luceriae
1049 1695 1265 1740 restiterat,
1302 1693 1416 1731 brevi
1447 1691 1540 1730 adss

55 1780 165 1816 spem
197 1770 361 1803 eventus
391 1764 618 1814 respondit:
649 1778 741 1802 nam
773 1764 933 1802 insessis
965 1764 1149 1802 omnibus
1178 1763 1268 1807 viis,
1299 1775 1370 1811 per
1401 1774 1499 1810 quas

57 1837 298 1871 commeatus
329 1847 375 1871 ex
406 1832 570 1871 Samnio
602 1831 936 1879 subvehebantur,
976 1832 1080 1869 same
1111 1831 1255 1869 domiti
1287 1830 1502 1874 Samnites,

57 1902 127 1951 qui
166 1901 347 1939 Luceriae
386 1902 427 1939 in
464 1900 653 1951 praesidio
693 1903 817 1946 erant,
856 1901 1011 1946 legatos
1041 1900 1184 1936 misere
1215 1899 1264 1936 ad
1298 1897 1499 1935 consulem

56 1970 294 2016 Romanum,
324 1972 380 2015 ut,
410 1968 580 2018 receptis
612 1968 826 2017 equitibus,
857 1968 927 2017 qui
959 1981 1079 2005 causa
1110 1967 1207 2004 belli
1231 1969 1372 2012 essent,
1397 1965 1499 2003 absi-

57 2042 181 2075 steret
226 2037 448 2075 obsidione.
523 2037 580 2074 ]is
622 2036 812 2085 Papirius
859 2036 916 2073 ita
946 2035 1165 2084 respondit,
1206 2034 1389 2072 debuisse
1431 2034 1540 2071 eos4

57 2105 247 2144 Pontium
288 2105 485 2143 Her-ennii
522 2105 662 2146 filium,
700 2117 778 2153 quo
817 2107 979 2142 auctore
1018 2104 1218 2141 Romanos
1255 2103 1328 2140 sub
1361 2103 1497 2149 iugum

58 2174 269 2220 misissent,
301 2174 517 2219 consulere,
549 2172 645 2222 quid
678 2171 795 2209 victis
827 2164 1058 2221 patiendum
1090 2175 1283 2215 censeret:
1324 2175 1498 2209 ceterum
1519 2170 1541 2205 ἴ)

60 2242 249 2292 quoniam
281 2242 331 2279 ab
363 2242 544 2279 hostibus
576 2241 615 2277 in
648 2253 688 2277 se
719 2253 833 2289 aequa
864 2240 984 2277 statui
1020 2253 1137 2289 quam
1167 2240 1208 2277 in
1234 2253 1275 2278 se
1302 2240 1378 2290 ipsi
1397 2240 1499 2277 ferre

59 2310 287 2356 maluerint,
317 2310 504 2347 nuntiare
535 2309 749 2346 Luceriam
782 2308 908 2355 iussit,
939 2321 1060 2350 arma,
1092 2309 1280 2355 sarcinas,
1313 2308 1501 2346 iumenta.

59 2378 361 2416 multitudinem
386 2391 539 2416 omnem
568 2376 769 2414 imbellem
790 2376 894 2414 intra
910 2376 1055 2414 moenia
1071 2377 1362 2426 relinquerent;
1395 2376 1497 2413 mili·
1517 2379 1539 2407 (ἱ

58 2451 139 2484 tem
177 2460 218 2484 se
259 2459 347 2484 cum
386 2446 558 2494 singulis
597 2444 844 2482 vestimentis
875 2445 947 2482 sub
981 2444 1115 2493 iugum
1147 2444 1371 2483 missurum.
1402 2443 1500 2480 ulci-

59 2518 233 2552 scentem
273 2514 442 2560 illatam,
479 2526 558 2551 non
594 2526 737 2551 novam
770 2513 1004 2550 inferentem
1037 2512 1308 2561 ignominiam.
1383 2511 1497 2549 Nihil
1520 2513 1540 2547 7

60 2585 296 2620 recusatum.
355 2580 515 2631 Septem
548 2581 676 2618 millia
706 2581 879 2618 militum
909 2581 982 2619 sub
1015 2581 1152 2630 iugum
1184 2581 1316 2626 missa,
1347 2579 1500 2630 praeda-

61 2663 136 2699 que
167 2649 308 2699 ingens
338 2649 522 2687 Luceriae.
554 2652 682 2699 capta,
713 2649 882 2699 receptis
913 2649 1097 2688 omnibus
1129 2648 1254 2698 signis
1286 2648 1500 2698 armisque,
