1821 2928
538 101 655 137 Liber
679 101 752 136 111.
803 103 864 145 (A.
891 102 955 137 Ch.
981 103 1077 146 449.)
1451 105 1529 143 163

87 231 225 279 frater,
256 244 377 281 quum
410 244 458 268 ex
490 230 768 268 consularibus
801 230 851 268 ad
882 230 1067 268 ultimum
1100 229 1260 268 dicendi
1289 230 1419 267 locum
1439 243 1530 268 con-

88 303 194 342 sulto
226 306 408 341 servatus
437 306 552 350 esset,
586 301 811 340 simulando
829 315 964 339 curam
981 303 1078 340 belli
1095 303 1258 340 fratrem
1277 302 1532 353 collegasque

88 377 171 414 eius
201 376 404 426 tuebatur,
438 389 611 426 quonam
642 375 724 412 fato
757 373 977 422 incidisset,
1011 375 1148 412 mirari
1180 388 1220 413 se
1252 374 1454 421 dictitans,
1486 374 1571 412 ut9

89 449 348 494 decemviros,
381 448 451 498 qui
471 447 783 486 decemviratum
801 446 1010 498 petissent,
1040 450 1111 485 aut
1126 447 1202 485 soli
1218 450 1286 484 aut
1302 447 1344 484 hi
1361 447 1532 485 maxime

89 524 380 571 oppugnarent,
412 523 480 558 aut
511 520 610 570 quid
642 520 711 567 ita,
743 533 864 570 quum
888 532 962 570 per
977 522 1038 556 tot
1055 532 1207 556 menses
1224 533 1350 557 vacua
1367 519 1531 557 civitate
1551 519 1602 556 10

87 606 216 642 nemo,
250 593 396 630 iustine
427 593 686 642 magistratus
711 605 874 630 summae
890 605 1022 629 rerum
1038 595 1269 642 praeessent,
1302 595 1528 630 controver-

88 665 187 703 siam
219 665 372 711 fecerit,
404 677 508 702 nunc
540 664 710 715 demum,
744 678 867 715 quum
897 664 1031 701 hostes
1062 677 1188 714 prope
1214 663 1264 700 ad
1289 668 1426 715 portas
1443 665 1536 712 sint,

89 737 229 775 civiles
246 736 467 775 discordias
484 740 630 786 serant,
655 737 734 774 nisi
759 736 866 787 quod
883 737 926 774 in
946 736 1109 774 turbido
1127 736 1257 774 minus
1273 737 1534 787 perspicuum

87 809 172 846 fore
202 811 356 859 putent,
388 809 484 859 quid
517 813 673 859 agatur.
721 808 910 847 Ceterum
926 807 1100 861 (etenim,
1130 809 1280 847 maiore
1306 822 1401 847 cura
1418 823 1530 846 occu·
1553 809 1598 846 11

88 882 193 932 patis
224 881 383 930 animis,
425 895 564 919 verum
597 895 694 929 esse,
735 881 1018 932 praeiudicium
1049 882 1108 918 rei
1138 884 1261 919 tantae
1292 881 1400 919 haud
1431 880 1536 933 fieri)

87 953 166 991 sibi
196 954 358 1004 placere
390 953 437 991 de
465 967 523 1001 eo,
555 953 662 1004 quod
680 953 872 992 Valerius
889 953 1168 1004 Horatiusque
1186 956 1278 992 ante
1295 954 1388 992 idus
1405 953 1537 992 Maias

89 1025 335 1064 decemviros
352 1026 483 1064 abisse
501 1027 741 1076 magistratu
761 1027 1004 1073 insimulent,
1023 1026 1155 1074 bellis,
1180 1040 1270 1077 quae
1289 1027 1535 1073 immineant,

87 1098 291 1148 perfectis,
323 1112 365 1136 re
389 1098 553 1148 publica
579 1099 620 1136 in
637 1099 906 1149 tranquillum
922 1099 1096 1149 redacta,
1130 1102 1271 1137 senatu
1288 1100 1536 1149 disceptante

89 1171 165 1220 agi,
213 1174 252 1208 et
283 1170 361 1208 iam
393 1183 498 1208 nunc
529 1171 586 1208 ita
617 1185 657 1209 se
688 1185 831 1222 parare
863 1171 972 1222 App.
1005 1171 1235 1219 Claudium,
1278 1175 1324 1209 ut
1355 1172 1533 1209 comitio·
1556 1171 1604 1208 12

87 1256 187 1292 rum,
236 1255 324 1293 quae
357 1242 596 1281 decemviris
629 1243 814 1281 creandis
847 1243 1047 1282 decemvir
1078 1244 1164 1293 ipse
1193 1244 1393 1290 habuerit,
1438 1244 1538 1281 sciat

87 1314 168 1353 sibi
197 1315 392 1354 rationem
424 1315 670 1353 reddendam
702 1329 797 1363 esse,
839 1320 970 1353 utrum
1008 1317 1051 1354 in
1081 1329 1206 1352 unum
1237 1329 1384 1352 annum
1413 1316 1537 1353 creati

87 1387 180 1437 sint,
214 1401 278 1437 an,
307 1387 431 1425 donec
449 1388 571 1437 leges,
601 1401 688 1438 quae
707 1387 902 1437 deessent,
920 1389 1208 1438 perferrentur.
1252 1387 1301 1424 In
1317 1388 1533 1437 praesentia
1553 1387 1602 1424 13

88 1459 222 1497 omnia
267 1462 415 1509 praeter
460 1459 611 1496 bellum
659 1460 791 1498 omitti
821 1460 1003 1510 placere;
1051 1461 1166 1498 cuius
1197 1461 1230 1498 si
1261 1460 1362 1498 falso
1393 1460 1534 1497 famam

88 1531 306 1580 vulgatam,
338 1544 520 1581 vanaque
547 1545 627 1569 non
645 1532 807 1570 nuntios
824 1533 962 1579 solum,
989 1532 1058 1570 sed
1077 1532 1399 1570 Tusculanorum
1417 1533 1537 1570 etiam

90 1604 243 1653 legatos
275 1603 458 1641 attulisse
489 1608 645 1654 putent,
691 1605 965 1654 speculatores
997 1604 1215 1642 mittendos
1254 1618 1427 1652 censere,
1469 1605 1538 1655 qui

91 1675 239 1713 certius
256 1675 465 1726 explorata
480 1675 675 1722 referant;
693 1677 753 1715 sin
770 1676 868 1715 fides
887 1681 926 1715 et
942 1677 1095 1715 nuntiis
1113 1680 1152 1715 et
1169 1677 1313 1726 legatis
1323 1677 1531 1724 habeatur,
1554 1677 1604 1714 14

90 1747 281 1786 dilectum
312 1748 441 1798 primo
474 1742 633 1798 quoque
664 1752 844 1800 tempore
870 1749 1021 1801 haberi,
1056 1750 1316 1797 decemviros,
1348 1763 1426 1799 quo
1456 1750 1535 1787 cui-

93 1833 170 1870 que
203 1833 338 1858 eorum
362 1819 560 1870 videatur,
595 1822 792 1859 exercitus
821 1821 975 1869 ducere,
1007 1835 1079 1859 nec
1095 1835 1178 1859 rem
1196 1822 1315 1859 aliam
1333 1822 1535 1872 praeverti.

203 1891 254 1930 In
270 1892 372 1930 hanc
390 1894 629 1931 sententiam
648 1898 691 1931 ut
710 1894 994 1941 discederetur,
1012 1894 1191 1932 iuniores
1203 1898 1364 1944 patrum
1376 1894 1530 1932 evince-
1614 1889 1663 1936 41

91 1958 200 2002 bant.
246 1964 562 2015 Ferocioresque
594 1966 739 2004 iterum
772 1967 900 2004 coorti
918 1966 1110 2005 Valerius
1127 1966 1406 2017 Horatiusque
1429 1966 1535 2004 voci-

92 2037 226 2085 ferari,
257 2042 302 2075 ut
333 2038 381 2076 de
412 2051 454 2075 re
486 2038 650 2088 publica
681 2038 823 2076 liceret
854 2038 1007 2086 dicere3
1040 2039 1219 2077 dicturos
1250 2039 1302 2077 ad
1328 2039 1536 2089 populum,

92 2109 127 2147 si
153 2109 194 2147 in
219 2112 358 2147 senatu
382 2123 454 2160 per
480 2111 694 2148 factionem
719 2124 798 2148 non
826 2111 966 2158 liceat;
993 2124 1121 2161 neque
1139 2112 1245 2149 enim
1263 2111 1343 2149 sibi
1358 2112 1537 2161 privatos

93 2185 162 2220 aut
192 2181 231 2219 in
265 2182 376 2219 curia
407 2186 475 2219 aut
507 2182 547 2219 in
580 2184 766 2221 contione
792 2197 912 2234 posse
936 2184 1107 2234 obstare,
1139 2196 1269 2234 neque
1286 2197 1326 2221 se
1342 2184 1535 2232 imagina-

94 2254 166 2292 riis
204 2254 378 2292 fascibus
418 2267 555 2292 eorum
597 2268 775 2293 cessuros
816 2269 911 2294 esse.
972 2255 1075 2294 Tum
1105 2256 1268 2307 Appius
1299 2256 1376 2294 iam
1408 2257 1574 2306 prope2

97 2339 181 2364 esse
211 2329 336 2377 ratus,
378 2329 434 2376 ut,
477 2326 519 2363 ni
550 2326 756 2365 violentiae
789 2341 924 2366 eorum
956 2329 1045 2379 pari
1076 2329 1330 2367 resisteretur
1361 2328 1539 2374 audacia,

95 2398 243 2436 victum
283 2398 494 2449 imperium
534 2402 649 2449 esset,
699 2399 815 2447 „Non
848 2401 925 2438 erit
957 2401 1124 2440 melius“
1159 2401 1303 2451 inquit,
1352 2401 1455 2447 „nisi
1487 2399 1576 2436 de3

97 2483 174 2520 quo
205 2471 455 2518 consulimus,
503 2484 640 2509 vocem
670 2472 871 2523 misisse“,
919 2477 958 2511 et
989 2473 1039 2512 ad
1073 2473 1293 2522 Valerium,
1327 2474 1539 2520 negantem

98 2554 138 2579 se
168 2543 326 2593 privato
356 2543 538 2590 reticere,
570 2543 751 2582 lictorem
784 2545 973 2584 accedere
1004 2546 1134 2585 iussit.
1195 2545 1283 2582 Iam
1316 2543 1579 2590 Quiritium4

98 2612 217 2652 fidem
247 2615 489 2666 implorante
520 2616 688 2655 Valerio
720 2631 743 2655 a
774 2618 894 2656 curiae
925 2618 1079 2665 limine,
1115 2616 1162 2654 L.
1195 2614 1406 2653 Cornelius
1437 2627 1541 2652 com-

98 2685 238 2736 plexus
255 2686 448 2738 Appium,
480 2702 572 2736 non,
605 2689 670 2727 cui
685 2690 911 2737 simulabat,
944 2688 1201 2736 consulendo,
1234 2686 1398 2724 diremit
1414 2689 1541 2724 certa-

1270 2755 1336 2789 11*
