1821 2928
199 1922 228 1968 4

381 174 405 209 4
771 181 860 206 Liber
878 181 931 205 VI.
969 180 1016 209 (A.
1036 188 1064 205 u.
1084 188 1108 206 c.
1127 182 1284 209 365—366.)

320 298 531 346 cipumque
563 296 783 334 orationem
814 295 1049 332 necessitate
1087 295 1228 332 ultima
1267 308 1492 344 expressam
1532 295 1647 332 fletus
1677 309 1761 332 mu-

319 365 461 402 lierum
479 377 523 401 ac
548 377 772 412 puerorum,
806 363 874 412 qui
892 362 1023 399 exsilii
1041 363 1200 400 comites
1224 363 1499 409 trahebantur,
1531 363 1761 412 excepisset,

320 446 480 482 parcere
514 432 696 468 lamentis
715 430 900 468 Sutrinos
927 430 1060 467 iussit:
1094 431 1273 467 Etruscis
1305 444 1344 467 se
1376 431 1527 468 luctum
1559 431 1762 468 lacrimas-

280 502 398 549 5que
436 501 549 537 ferre.
619 497 804 536 Sarcinas
843 498 934 535 inde
974 498 1121 547 deponi
1161 496 1425 548 Sutrinosque
1464 499 1520 536 ibi
1557 498 1760 536 considere

319 568 473 605 modico
506 567 692 617 praesidio
724 567 875 612 relicto,
908 580 1016 603 arma
1041 580 1171 603 secum
1194 566 1362 603 militem
1393 568 1496 604 ferre
1527 567 1648 604 iubet.
1693 567 1760 604 Ita

319 637 505 686 expedito
538 636 714 673 exercitu
746 635 946 684 profectus
978 635 1028 671 ad
1060 633 1251 680 Sutrium,
1284 635 1325 671 id
1356 635 1462 684 quod
1493 635 1668 681 rebatur,
1701 648 1760 672 so-

318 705 404 742 luta
435 704 566 741 omnia
605 704 734 749 rebus,
773 707 816 739 ut
848 703 903 748 fit,
941 702 1125 739 secundis
1164 702 1326 748 invenit,
1365 703 1516 739 nullam
1548 703 1760 740 stationem

319 778 410 810 ante
451 771 616 817 moenia,
658 774 840 820 patentes
882 774 1038 819 portas,
1079 770 1271 807 victorem
1311 784 1455 819 vagum
1497 771 1672 821 praedam
1714 785 1762 808 ex

284 842 306 876 6
325 840 499 877 hostium
530 839 645 876 tectis
678 843 912 887 egerentem.
972 839 1125 875 Iterum
1163 838 1286 886 igitur
1319 838 1456 875 eodem
1487 839 1551 876 die
1583 838 1760 876 Sutrium

321 908 494 957 capitum
534 908 705 944 victores
737 907 898 943 Etrusci
938 906 1085 955 passim
1125 906 1380 943 trucidantur
1411 907 1460 943 ab
1491 920 1594 944 novo
1635 907 1760 953 hoste,

320 989 448 1025 neque
480 989 519 1012 se
551 975 818 1023 conglobandi
850 974 1098 1022 coeundique
1130 974 1170 1010 in
1194 987 1316 1010 unum
1341 977 1408 1010 aut
1434 987 1543 1011 arma
1570 975 1761 1024 capiundi

282 1044 440 1081 7datur
472 1043 655 1092 spatium.
717 1043 849 1089 Quum
888 1055 958 1091 pro
998 1056 1037 1079 se
1070 1042 1237 1090 quisque
1275 1042 1486 1078 tenderent
1522 1042 1573 1079 ad
1611 1046 1760 1091 portas,

319 1112 352 1148 si
369 1125 447 1160 qua
463 1112 564 1148 forte
582 1125 622 1147 se
650 1111 689 1147 in
708 1124 824 1159 agros
842 1110 981 1147 eiicere
999 1113 1171 1158 possent,
1203 1110 1356 1146 clausas
1383 1109 1440 1157 (id
1459 1110 1562 1146 enim
1585 1111 1759 1160 primum

279 1180 304 1216 8
323 1180 494 1216 dictator
519 1179 801 1228 imperaverat)
828 1182 962 1227 portas
986 1177 1205 1214 inveniunt.
1250 1177 1352 1214 Inde
1377 1177 1447 1214 alii
1472 1192 1582 1216 arma
1607 1191 1759 1228 capere,

319 1248 401 1293 alii,
433 1261 530 1295 quos
562 1247 663 1284 forte
688 1250 861 1283 armatos
884 1246 1078 1282 tumultus
1102 1249 1377 1293 occupaverat,
1409 1259 1626 1284 convocare
1657 1261 1759 1293 suos,

319 1320 364 1353 ut
395 1315 580 1365 proelium
612 1314 777 1359 inirent3
816 1314 923 1362 quod
955 1326 1161 1351 accensum
1192 1313 1241 1350 ab
1275 1313 1552 1362 desperatione
1582 1314 1758 1352 hostium

320 1383 470 1429 suisset,
511 1383 553 1419 ni
594 1395 795 1432 praeeones
828 1395 897 1431 per
938 1383 1077 1419 urbem
1108 1381 1261 1418 dimissi
1302 1382 1398 1430 poni
1429 1395 1538 1419 arma
1569 1385 1608 1419 et
1647 1383 1759 1431 parci

283 1451 305 1487 9
324 1451 464 1488 inermi
496 1450 703 1487 iussissent
733 1463 804 1487 nec
836 1453 980 1499 praeter
1003 1453 1176 1487 armatos
1201 1463 1438 1498 quemquam
1453 1450 1609 1487 violari.
1656 1450 1758 1487 Tum

321 1519 440 1556 etiam
472 1518 615 1567 quibus
647 1518 769 1555 animi
811 1517 852 1554 in
890 1531 958 1566 spe
997 1518 1137 1554 ultima
1170 1518 1362 1555 obstinati
1393 1518 1443 1555 ad
1475 1517 1758 1555 decertandum

321 1588 489 1632 fuerant,
530 1591 741 1635 postquam
781 1585 874 1623 data
916 1599 1005 1634 spes
1043 1586 1138 1622 vitae
1170 1589 1238 1631 est,
1280 1586 1428 1622 iactare
1469 1586 1617 1635 passim
1647 1599 1758 1623 arma

320 1655 585 1702 inermesque,
631 1654 738 1703 quod
783 1654 909 1691 tutius
954 1654 1115 1690 fortuna
1157 1649 1323 1697 fecerat,
1369 1667 1408 1690 se
1452 1654 1559 1691 hosti
1605 1654 1757 1692 offerre.

255 1723 305 1760 10
322 1723 471 1770 Magna
501 1722 717 1759 multitudo
749 1722 790 1758 in
822 1721 1023 1758 custodias
1055 1720 1200 1765 divisa3
1248 1720 1441 1769 oppidum
1479 1725 1570 1759 ante
1601 1725 1757 1759 noctem

320 1790 522 1827 redditum
546 1788 719 1826 Sutrinis
744 1789 980 1826 inviolatum
1004 1789 1282 1837 integrumque
1306 1789 1355 1825 ab
1381 1789 1488 1826 omni
1512 1789 1623 1827 clade
1649 1790 1757 1833 belli,

321 1858 415 1907 quia
455 1872 534 1894 non
574 1858 614 1894 vi
655 1861 825 1906 captum,
870 1857 938 1893 sed
979 1856 1174 1893 traditum
1214 1869 1284 1905 per
1326 1856 1576 1894 condiciones
1615 1857 1757 1895 fuerat.

323 1925 515 1963 Camillus
547 1926 587 1961 in
618 1926 756 1962 urbem
792 1924 1044 1973 triumphans
1075 1925 1207 1970 rediit,
1246 1924 1369 1961 trium
1406 1924 1524 1961 simul
1560 1925 1754 1962 bellorum

280 1993 459 2030 2viet0r.
529 1993 667 2041 Longe
707 1992 900 2042 plurimos
940 1993 1116 2041 captivos
1157 2006 1205 2029 ex
1242 1992 1424 2029 Etruscis
1465 1995 1556 2029 ante
1597 2005 1756 2030 currum

320 2061 444 2106 duxit,
476 2061 619 2109 quibus
651 2060 723 2096 sub
755 2060 869 2096 hasta
885 2060 1124 2097 venundatis
1153 2064 1310 2097 tantum
1336 2061 1424 2097 aeris
1454 2060 1659 2098 redactum
1685 2063 1755 2106 est,

320 2133 374 2175 ut,
407 2129 533 2177 pretio
567 2142 636 2177 pro
669 2142 766 2165 auro
790 2128 979 2165 matronis
1011 2128 1224 2177 persoluto,
1256 2142 1376 2175 exeo,
1407 2128 1513 2176 quod
1537 2131 1755 2177 supererat,

281 2198 304 2233 3
322 2200 401 2232 tres
433 2200 579 2244 paterae
611 2208 739 2233 aureae
770 2195 884 2232 factae
909 2195 997 2241 sint,
1031 2209 1127 2244 quas
1153 2209 1239 2232 cum
1263 2196 1382 2233 titulo
1405 2195 1577 2233 nominis
1594 2195 1756 2232 Camilli

321 2268 411 2301 ante
443 2263 684 2312 Capitolium
716 2263 919 2299 incensum
957 2263 998 2300 in
1028 2263 1138 2300 Iovis
1179 2264 1277 2300 cella
1315 2267 1469 2300 constat
1506 2267 1597 2300 ante
1634 2263 1754 2313 pedes

319 2332 487 2369 Iunonis
518 2331 667 2379 positas
699 2330 830 2367 fuisse.

281 2400 306 2435 4
438 2398 495 2435 Eo
514 2412 615 2435 anno
633 2398 674 2434 in
693 2397 891 2433 civitatem
909 2399 1071 2447 accepti,
1090 2400 1158 2447 qui
1170 2399 1399 2437 Veientium
1413 2398 1752 2448 Capenatiumque

321 2480 366 2504 ac
383 2466 631 2503 Faliscorum
657 2478 727 2514 per
754 2478 798 2501 ea
822 2465 926 2501 bella
952 2467 1251 2515 transfugerant
1269 2466 1319 2503 ad
1336 2466 1548 2512 Romanos,
1579 2479 1753 2514 agerque

280 2534 305 2570 5
321 2534 383 2570 his
400 2534 513 2570 novis
531 2533 681 2570 civibus
699 2532 934 2579 assignatus.
980 2533 1172 2571 Revocati
1201 2548 1356 2582 quoque
1382 2533 1421 2570 in
1437 2534 1575 2570 urbem
1593 2536 1751 2570 senatus

321 2602 499 2638 consulto
534 2615 556 2638 a
582 2600 705 2646 Veiis,
737 2600 806 2648 qui
838 2598 1062 2638 aedificandi
1088 2602 1224 2639 Romae
1254 2601 1432 2650 pigritia,
1463 2601 1665 2650 occupatis
1694 2601 1751 2638 ibi
