1821 2928
607 233 696 259 Liber
714 233 751 259 x.
788 232 835 262 (A.
856 232 908 259 ch.
927 234 997 262 295.)
1384 224 1465 261 227

94 353 281 401 peresset,
312 349 474 399 quidam
505 352 686 387 auctores
717 351 819 396 sunt,
849 362 920 386 nec
952 351 1042 386 ante
1069 348 1120 386 ad
1136 348 1329 397 consules,
1359 349 1430 399 qui
1446 349 1524 388 iam
1543 350 1591 388 11

94 418 202 458 haud
232 417 371 468 procul
402 431 424 455 a
455 416 590 455 Clusio
631 417 821 465 aberant,
852 417 996 455 famam
1035 416 1120 454 eius
1158 416 1283 454 cladis
1319 418 1526 467 perlatam,

96 501 215 538 quam
246 487 287 524 in
318 489 530 537 conspectu
561 486 671 523 fuere
703 484 912 524 Gallorum
943 485 1116 535 equites,
1147 485 1375 535 pectoribus
1406 499 1523 536 equo-

94 569 183 594 rum
214 568 404 605 suspensa
441 557 641 604 gestantes
680 554 814 604 capita
855 557 895 591 et
925 553 1073 591 lanceis
1104 553 1237 601 infixa,
1282 557 1524 605 ovantesque

94 624 215 662 moris
245 623 307 661 sui
337 623 521 661 carmine.
582 621 695 670 Sunt,
726 623 796 673 qui
819 622 992 661 Umbros
1023 622 1154 669 fuisse,
1184 636 1264 660 non
1282 621 1422 661 Gallos
1445 626 1523 661 tra·
1543 624 1592 662 12

97 692 204 739 dant,
233 705 306 729 nec
335 694 492 729 tantum
523 691 649 729 cladis
674 693 890 742 acceptum,
920 694 959 728 et
983 691 1264 728 circumventis
1279 692 1525 741 pabulatori-

93 762 167 799 bus
198 774 285 798 cum
316 759 362 797 L.
392 759 546 797 Manlio
577 759 782 809 Torquato
812 760 945 808 legato
977 758 1205 810 Scipionem
1241 763 1526 810 propraetorem

94 828 315 867 subsidium
347 842 366 865 e
398 828 538 866 castris
567 828 726 875 tulisse,
762 828 1013 877 victoresque
1039 827 1212 866 Umbros
1249 829 1523 878 redintegrato

93 897 236 948 proelio
276 897 405 935 victos
450 910 551 944 esse,
596 896 855 946 captivosque
893 896 948 934 eis
993 909 1038 934 ac
1075 897 1251 946 praedam
1287 898 1525 948 ademptam.

95 965 275 1004 Similius
312 979 405 1003 vero
446 969 524 1013 est,
562 979 585 1003 a
617 964 735 1003 Gallo
775 965 888 1003 hoste
920 978 1038 1015 quam
1069 965 1222 1004 Umbro
1254 979 1340 1004 eam
1370 966 1523 1004 cladem
1544 966 1594 1004 13

94 1038 308 1085 acceptam,
340 1034 447 1084 quod
478 1047 600 1084 quum
631 1047 734 1084 saepe
766 1034 876 1082 alias,
905 1037 990 1071 tum
1021 1047 1066 1072 eo
1091 1047 1194 1072 anno
1212 1033 1361 1073 Gallici
1377 1035 1523 1072 tumul·

92 1106 157 1142 tus
187 1103 412 1154 praecipuus
448 1105 578 1141 terror
619 1102 820 1141 civitatem
863 1103 1004 1140 tenuit.
1077 1103 1220 1152 Itaque
1258 1107 1525 1154 praeterquam
1545 1103 1596 1140 14

94 1172 202 1222 (111οᾱ
233 1172 348 1210 ambo
380 1172 561 1209 consules
591 1172 759 1221 profecti
799 1171 851 1209 ad
890 1171 1041 1209 bellum
1073 1175 1187 1209 erant
1216 1185 1305 1209 cum
1336 1175 1525 1222 quattuor

93 1240 320 1290 legionibus
365 1243 405 1278 et
448 1253 592 1289 magno
638 1241 819 1290 equitatu
857 1240 1040 1278 Romano
1078 1239 1370 1290 Campanisque
1414 1241 1524 1278 mille

49 1343 53 1347 .
94 1308 300 1358 equitibus
331 1308 508 1356 delectis,
540 1309 590 1346 ad
608 1309 652 1347 id
668 1310 818 1347 bellum
834 1309 973 1356 missis,
1005 1312 1044 1347 et
1060 1309 1257 1347 sociorum
1272 1309 1526 1359 nominisque

93 1377 231 1416 Latini
274 1376 424 1415 maiore
469 1377 645 1415 exercitu
690 1391 808 1428 quam
839 1377 1041 1425 Romano,
1086 1377 1159 1415 alii
1205 1377 1282 1415 duo
1329 1378 1525 1415 exercitus
1545 1376 1595 1414 15

93 1447 202 1484 haud
233 1446 375 1496 procul
404 1445 504 1483 urbe
528 1446 702 1484 Etruriae
734 1446 917 1496 oppositi,
947 1459 1048 1483 unus
1079 1446 1120 1483 in
1150 1446 1320 1493 Falisco,
1351 1446 1453 1484 alter
1483 1446 1526 1483 in

93 1514 293 1553 Vaticano
325 1527 433 1563 agro.
495 1513 564 1551 Cn.
596 1514 767 1552 Fulvius
799 1518 838 1552 et
867 1514 913 1551 L.
944 1514 1174 1552 Postumius
1197 1515 1404 1564 Megellus,
1434 1528 1525 1565 pro-

95 1586 286 1632 praetores
317 1583 444 1629 ambo,
476 1583 620 1620 stativa
652 1582 694 1620 in
726 1583 781 1621 eis
811 1583 908 1621 locis
939 1583 1085 1620 habere
1117 1583 1224 1620 iussi.

207 1650 399 1689 Consules
416 1650 466 1689 ad
483 1651 614 1689 hostes
629 1654 896 1701 transgressos
906 1651 1194 1702 Appenninum
1210 1652 1251 1688 in
1268 1664 1407 1700 agrum
1424 1649 1519 1688 Sen·
1593 1645 1648 1693 27

92 1719 260 1757 tinatem
290 1723 575 1769 pervenerunt3
622 1720 679 1758 ibi
720 1724 911 1770 quattuor
950 1720 1122 1758 millium
1160 1720 1282 1757 ferme
1312 1720 1526 1758 intervallo

93 1790 222 1825 castra
251 1788 394 1837 posita.
454 1788 564 1826 Inter
594 1789 729 1828 hostes
761 1789 904 1827 deinde
937 1789 1247 1827 consultationes
1276 1788 1435 1835 habitae,
1466 1791 1523 1825 at·
1542 1787 1566 1823 2

93 1869 169 1905 que
198 1856 255 1893 ita
286 1857 482 1903 convenit,
513 1870 562 1894 ne
593 1858 683 1895 unis
714 1858 856 1895 castris
886 1857 1148 1895 miscerentur
1187 1869 1321 1894 omnes
1357 1869 1454 1893 neve
1484 1856 1526 1893 in

95 1924 218 1961 aciem
249 1923 536 1962 descenderent
566 1925 704 1971 simul;
737 1925 984 1963 Samnitibus
1016 1924 1136 1971 Galli,
1166 1924 1348 1962 Etruscis
1379 1924 1525 1962 Umbri
1543 1923 1566 1961 3

94 1991 252 2030 adiecti.
325 1992 425 2030 Dies
476 1992 629 2029 indicta
673 2006 833 2042 pugnae3
880 1991 1049 2030 Samniti
1090 1991 1298 2042 Gallisque
1344 1992 1527 2041 delegata

95 2073 246 2111 pugna3
278 2060 381 2098 inter
412 2061 542 2110 ipsum
574 2066 772 2098 certamen
803 2061 962 2099 Etrusci
996 2060 1221 2110 Umbrique
1261 2061 1358 2099 iussi
1395 2064 1527 2099 castra

94 2129 278 2167 Romana
309 2142 551 2178 oppugnare.
611 2129 710 2166 Haec
740 2129 909 2167 consilia
940 2130 1153 2167 turbarunt
1182 2129 1399 2178 transfugae
1432 2128 1524 2167 Clu·
1543 2129 1569 2166 4

95 2198 173 2235 sini
203 2200 296 2245 tres,
337 2198 439 2235 clam
470 2201 584 2235 nocte
625 2199 674 2235 ad
706 2198 878 2236 Fabium
916 2198 1115 2235 consulem
1153 2198 1408 2247 transgressi,
1447 2198 1527 2247 qui,

95 2266 217 2304 editis
247 2266 421 2303 hostium
438 2266 628 2313 consiliis,
659 2266 811 2303 dimissi
830 2279 916 2303 cum
934 2266 1059 2314 donis,
1090 2270 1134 2304 ut
1149 2266 1330 2314 subinde,
1361 2269 1405 2303 ut
1422 2278 1525 2315 quae-

97 2348 173 2384 que
202 2348 266 2372 res
297 2347 400 2372 nova
431 2334 588 2372 decreta
619 2338 730 2382 esset,
762 2335 1009 2385 exploratam
1040 2335 1273 2384 perferrent.
1333 2334 1525 2372 Consules
1543 2332 1567 2370 5

97 2402 254 2449 Fulvio,
284 2406 329 2439 ut
360 2416 408 2439 ex
425 2403 596 2449 Falisco,
627 2402 845 2449 Postumio,
876 2407 920 2440 ut
951 2416 997 2440 ex
1017 2403 1214 2440 Vaticano
1233 2402 1449 2440 exercitum
1473 2402 1525 2440 ad

99 2471 276 2509 Clusium
308 2471 545 2509 admoveant
575 2484 804 2520 summaque
834 2472 872 2508 vi
902 2470 999 2509 fines
1029 2471 1204 2509 hostium
1222 2471 1526 2521 depopulentur,

97 2540 286 2578 scribunt.
346 2539 478 2577 Huius
509 2539 782 2589 populationis
823 2539 926 2576 fama
958 2539 1145 2577 Etruscos
1188 2553 1235 2576 ex
1267 2552 1362 2587 agro
1394 2537 1566 2576 Senti-6

98 2610 190 2645 nate
221 2607 271 2645 ad
303 2621 391 2646 suos
422 2608 519 2645 fines
549 2607 717 2645 tuendos
748 2607 882 2645 movit.
942 2607 1098 2646 Instare
1130 2607 1223 2644 inde
1255 2607 1451 2653 consules,
1483 2610 1526 2644 ut

101 2676 333 2713 absentibus
364 2677 411 2714 iis
442 2680 698 2726 pugnaretur.
758 2677 838 2714 Per
868 2676 1033 2714 biduum
1064 2676 1271 2714 lacessiere
1297 2675 1440 2725 proelio
1457 2674 1524 2712 ho-

1191 2753 1251 2786 15*
