1821 2928
842 165 901 201 xl

159 281 368 325 duosfenia3
393 280 473 317 Em.
499 282 583 326 181)
609 282 631 316 8
657 273 855 326 οΡ1113111111
879 280 1025 327 [causa]
1051 281 1218 316 invitant
1243 280 1337 325 (Iac.
1364 280 1489 324 (ἢθη,
1515 279 1596 316 Em.

152 341 216 385 15)
239 337 389 382 XXXI,
413 341 436 374 2
457 339 627 374 Cluviam
653 336 761 382 (MP
779 337 918 381 Klock„
944 337 1027 373 Em.
1052 339 1139 382 182)
1165 341 1185 374 3
1201 338 1383 374 Cluviana.
1407 337 1501 383 (My.
1515 336 1597 372 Em.

152 396 242 441 ibd.)
251 398 272 431 6
282 396 511 442 (populandi
521 395 631 439 Crev.‚
642 394 718 440 My.
728 394 810 430 Em.
819 396 898 430 182.
915 395 1035 439 Οοᾶά.,
1044 395 1164 431 Drak.
1174 396 1413 441 populando)
1424 397 1445 430 7
1455 395 1598 440 captivi

155 453 322 498 quidam,
347 464 437 498 pars
462 453 542 488 sine
567 452 674 488 uncis
711 451 1009 497 (Mu'hlmmmus,
1046 452 1122 497 My.
1154 452 1236 487 Em.
1262 454 1348 497 182)
1363 451 1531 496 XXXII,
1554 454 1598 488 10

156 510 277 555 (Fort.
291 520 360 545 scr.
374 514 490 547 nocte
514 513 692 556 utroque,
717 521 784 545 om.
813 511 878 554 ab3
904 509 985 545 Em.
1011 510 1097 553 183)
1125 509 1318 553 XXXIII,
1344 512 1364 545 3
1392 511 1470 554 (cui
1495 511 1598 545 velut

152 568 232 603 fato
257 568 304 603 lis
326 567 540 616 Seyffertus.
582 567 691 603 Codd.
719 579 802 612 quae
827 569 932 602 velut
958 567 1102 611 fatales,
1129 567 1176 602 al.
1203 567 1338 602 fatalis.
1366 567 1486 602 Drak.
1513 579 1597 612 quae

153 626 259 661 velut
281 625 408 661 fatalis
432 630 514 661 tum
538 626 721 669 tribunis)
747 627 768 659 6
783 625 903 669 (Fort.
928 635 998 660 scr.
1024 629 1062 659 et
1085 625 1368 670 longinquitate
1392 626 1598 670 potestatis

156 683 431 726 dominantem,
456 683 539 718 Em.
553 683 638 727 183)
665 682 847 726 XXXIV,
874 686 891 717 1
915 686 984 726 est,
1007 683 1135 727 inquit
1160 681 1275 726 (codd.
1295 682 1411 726 pauci
1444 683 1551 726 rece.)
1576 684 1598 717 6

155 740 281 786 (Prob.
310 740 423 776 Wesb.
448 741 701 785 postremum)
730 742 773 775 14
799 739 928 784 (Codd.
955 740 1035 774 eius
1062 751 1136 784 quo
1165 740 1381 784 quaerebat3
1405 738 1502 783 fort.
1528 750 1597 774 scr.

154 800 244 842 eius,
273 799 319 834 de
346 810 422 843 quo
439 798 650 843 quaerebat)
676 800 722 833 20
734 799 882 843 collega
905 797 984 832 sin-c
1008 797 1116 832 ‘amois
1137 796 1325 842 (M9.Em.
1352 797 1436 841 183)
1451 797 1496 832 22
1522 797 1601 832 exit

156 856 227 901 (ed.
271 856 456 901 Moqunt.)
493 856 537 891 25
576 855 687 901 [11011]
733 856 858 900 patiar
894 853 1082 898 XXXVI,
1130 857 1151 890 2
1190 854 1358 889 consulis
1394 854 1512 889 frater
1547 855 1597 889 M.

154 914 295 949 Fabius
319 934 365 938 —
390 913 588 948 Caesonem
604 939 611 946 .
627 939 656 946 ..
677 913 836 947 tradunt
871 933 916 937 —
953 913 1192 957 speculatum
1231 911 1326 956 (Iac.
1361 910 1489 954 Periz„
1515 911 1597 946 Em.

150 972 220 1006 183
245 972 297 1015 n.)
335 969 539 1014 XXXVII,
576 973 596 1005 3
629 970 805 1005 hostibus
844 969 936 1015 (My.
974 969 1055 1005 Em.
1094 970 1173 1004 196.
1213 968 1321 1004 Codd.
1347 969 1546 1013 hostium.)
1577 973 1600 1004 4

151 1028 231 1062 eius
259 1028 320 1062 die
345 1026 570 1069 XXXVIII,
606 1029 627 1062 7
665 1027 977 1072 (opprimendum
1009 1027 1081 1062 duo
1113 1026 1215 1062 codd.
1251 1037 1352 1069 rece„
1384 1026 1495 1061 ceteri
1532 1038 1598 1072 op-

151 1085 363 1120 tinendum.
397 1085 517 1120 Drak.
557 1085 830 1128 obterendum)
870 1087 891 1120 8
921 1085 980 1120 his
1012 1083 1206 1129 XXXIX,
1240 1088 1262 1119 4
1295 1083 1507 1128 (Lacunam
1536 1094 1599 1119 no-

154 1142 250 1177 tavit
273 1141 350 1187 My.
377 1141 460 1177 Em.
487 1143 583 1187 183.)
617 1145 657 1177 11
693 1143 847 1186 (eodem
877 1142 1025 1187 impetu
1050 1142 1220 1187 Doeriny.
1254 1141 1375 1185 Codd„
1406 1141 1527 1176 Drak.
1555 1153 1599 1176 eo

150 1200 311 1246 impetu)
337 1198 417 1243 XL,
442 1202 464 1234 4
491 1200 609 1244 (Fort.
635 1210 718 1234 cum
733 1199 899 1234 Listovio
924 1210 993 1234 scr.
1020 1212 1098 1234 non
1126 1200 1261 1234 oaelato
1290 1200 1399 1242 auro)
1429 1200 1470 1233 18
1497 1199 1598 1243 (reli-

153 1257 251 1302 quiis
271 1268 343 1301 pro
370 1257 529 1301 reliquis
553 1257 630 1292 cod.
656 1257 796 1301 Klock„
824 1257 901 1292 edd.
928 1256 1042 1301 quced.
1068 1257 1169 1299 vett.)
1197 1255 1299 1299 XLI,
1332 1260 1348 1290 1
1375 1257 1495 1291 Decio
1524 1256 1598 1291 col-

71 1338 75 1342 ·
149 1314 235 1359 lega
248 1314 362 1349 datur
376 1313 445 1358 (ed.
456 1314 565 1349 Frob.
576 1315 683 1358 1531)
693 1317 713 1349 3
727 1315 1067 1358 Alfaternam,tuni
1081 1326 1216 1358 pacem
1228 1339 1235 1346 .
1248 1340 1273 1347 ..
1289 1318 1514 1358 aspernatus
1524 1318 1598 1356 est3

153 1372 415 1416 oppugna-ndo
446 1371 538 1416 (My.
565 1383 582 1405 e
608 1371 653 1406 M
675 1371 723 1406 P.-
749 1383 835 1406 cum
859 1384 993 1416 pacem
1009 1397 1016 1404 .
1033 1398 1039 1405 .
1056 1397 1062 1403 .
1079 1375 1154 1414 est;
1192 1371 1275 1406 Em.
1312 1372 1397 1414 184)
1430 1373 1450 1405 5
1477 1370 1598 1414 (Fort.

149 1438 218 1463 scr.
243 1428 559 1472 Tarquinienses,
585 1428 667 1463 Em.
694 1429 780 1471 185)
807 1431 829 1464 6
854 1429 913 1463 his
939 1431 961 1463 8
984 1429 1024 1463 111
1050 1440 1116 1463 om.
1145 1428 1236 1473 (My.
1252 1427 1334 1463 Em.
1349 1429 1434 1472 185)
1462 1430 1506 1463 16
1530 1429 1598 1462 1111-

150 1485 231 1520 nati
246 1490 334 1520 sunt
349 1484 532 1528 (Modius)
549 1484 673 1528 XLII,
699 1488 718 1520 3
735 1486 942 1529 (abdicarit
955 1497 1028 1531 pro
1056 1487 1251 1521 abdicavit
1264 1485 1444 1530 Ruperti)
1469 1489 1509 1520 11
1531 1498 1598 1521 no-

150 1543 262 1577 minis
286 1544 431 1588 populo
457 1542 632 1577 Romano
660 1542 878 1587 (Cluverius,
910 1542 991 1578 Em.
1017 1544 1095 1579 193.
1141 1543 1242 1588 Quot
1270 1543 1404 1588 populi
1438 1543 1599 1578 Hernici

149 1600 280 1635 bellum
305 1599 499 1643 decrerint,
525 1600 662 1644 agitur,
688 1611 764 1635 ozon
789 1602 878 1644 quot
901 1601 1062 1636 Hernici
1086 1601 1276 1645 homines.)
1302 1599 1453 1644 XLIII,
1486 1603 1503 1634 1
1538 1601 1598 1635 his

148 1659 170 1692 6
196 1658 371 1692 semestri
408 1669 425 1692 e
450 1658 544 1699 coni.
572 1657 808 1693 Mommsenii
841 1658 973 1703 (codd.)
1011 1657 1148 1701 XLIV,
1186 1660 1207 1693 2
1231 1662 1441 1703 potuerant
1479 1657 1597 1701 (codd.

147 1714 246 1759 quid.
271 1725 360 1749 recc.
410 1714 535 1760 Neque
560 1715 739 1750 Plautino
765 1716 926 1761 exemplo
952 1728 1067 1760 neque
1098 1716 1374 1761 comparatione
1398 1715 1598 1750 contrarioe

146 1772 243 1807 vocis
267 1777 439 1817 uterque,
463 1773 505 1808 in
529 1784 603 1817 qua
627 1773 840 1808 coniunctio
864 1774 1115 1819 significatur,
1147 1774 1240 1808 satis
1265 1773 1482 1819 defenditur
1506 1785 1597 1808 neu-

149 1834 208 1863 ter
232 1831 468 1874 potuerant.)
493 1833 515 1865 4
541 1831 792 1875 (Memoriane
816 1831 958 1876 fugerit
982 1831 1046 1865 vix
1070 1842 1197 1865 verum
1221 1833 1282 1866 est.
1324 1830 1433 1866 C'odd.
1454 1842 1596 1866 memo-

147 1887 275 1921 riaene.
300 1885 381 1921 Em.
408 1888 493 1932 185)
533 1890 575 1922 10
602 1888 689 1923 duci
713 1889 793 1923 siue
823 1888 929 1923 urceis
965 1888 1116 1932 (Wesb.)
1150 1891 1192 1923 14
1224 1887 1349 1932 (Codd.
1382 1889 1597 1922 Bovianum

147 1944 213 1978 ubi
238 1949 408 1989 postero.
436 1944 589 1979 Emend.
618 1945 716 1980 Crev.
731 1945 939 1980 Edeba-itur:
964 1946 1013 1980 Et
1029 1946 1253 1989 Bovianum,
1279 1945 1343 1979 ubi
1360 1971 1366 1978 .
1383 1971 1389 1978 .
1406 1971 1412 1978 .
1429 1949 1598 1989 eoeptum

148 2002 372 2047 oppugnari,
398 2003 507 2037 brevi
535 2004 582 2046 c.)
609 2001 725 2046 XLV,
754 2005 774 2038 5
801 2003 860 2038 his
890 2005 932 2038 12
959 2007 1127 2038 verteret
1142 2002 1234 2047 (My.
1245 2002 1325 2037 Em.
1341 2003 1410 2037 185
1423 2013 1459 2036 n.
1476 2001 1597 2044 Codd„

147 2058 267 2093 Drak.
283 2060 472 2103 vertisset,
500 2060 646 2102 audita)
675 2063 717 2094 13
743 2061 932 2095 moenibus
951 2060 1021 2106 [in]
1037 2061 1151 2094 urbes
1167 2059 1285 2103 (codd.
1299 2061 1322 2095 3
1334 2066 1441 2102 rece.)
1457 2057 1596 2103 XLVI,

147 2117 169 2151 9
195 2126 261 2151 om.
290 2116 336 2150 de
352 2115 522 2162 (siesbye,
548 2116 629 2152 Em.
654 2118 723 2151 185
736 2117 789 2160 π.)
820 2120 858 2151 11
889 2129 980 2162 opes
1006 2118 1190 2160 urbanas,
1221 2117 1429 2152 humilibus
1445 2116 1595 2161 (Gron.)

148 2175 190 2208 13
214 2174 373 2208 tenebat
401 2174 494 2218 (cod.
515 2174 643 2209 Klock.
661 2174 821 2209 Tenendi
846 2175 993 2209 verbum
1017 2174 1103 2209 hinc
1128 2174 1293 2209 alienum
1318 2177 1408 2219 est).

238 2230 308 2265 Lib.
336 2230 373 2265 Χ.
425 2231 513 2277 Cap.
539 2231 571 2275 I,
595 2235 617 2266 4
642 2232 681 2266 111
706 2232 865 2267 Umbria
892 2231 1009 2275 (codd.
1035 2231 1107 2267 duo
1132 2243 1220 2267 rece.
1247 2232 1448 2277 Expeditio
1474 2231 1595 2266 Roma

145 2287 185 2321 in
209 2288 369 2324 Umbria
393 2299 469 2323 non
488 2289 565 2333 fit.)
606 2290 626 2323 5
665 2290 726 2333 (eo
760 2291 834 2323 not.
871 2288 946 2334 My.
973 2289 1054 2324 Em.
1082 2291 1167 2333 186)
1206 2292 1227 2325 9
1264 2290 1469 2324 Bubulcus.
1510 2301 1595 2323 cum

149 2344 266 2388 (codd.
291 2356 391 2388 rece„
406 2345 486 2381 Em.
509 2346 590 2389 156)
606 2345 658 2382 ΙΙ.
685 2349 705 2382 5
720 2348 756 2381 et
777 2348 798 2381 6
814 2347 998 2381 ulteriora
1024 2347 1140 2382 colles
1155 2347 1312 2381 videri*
1327 2359 1426 2388 esse3
1454 2347 1594 2380 ostium

147 2429 154 2435 .
171 2407 339 2438 ..tutam
364 2404 505 2438 vidisse
529 2424 574 2429 -
598 2404 698 2438 Med.
727 2404 846 2439 amnis
874 2408 955 2439 erat
979 2417 1042 2447 —;
1069 2415 1113 2439 eo
1141 2403 1234 2449 (My.
1257 2403 1385 2438 addito
1410 2414 1485 2437 uno
1507 2413 1593 2448 pos·

148 2464 234 2495 sent
257 2460 306 2495 ad
330 2459 430 2495 codd.
457 2461 635 2496 bonorum
659 2461 896 2506 scripturam,
921 2460 998 2496 ‘nisi
1023 2461 1118 2506 quod
1143 2461 1185 2496 in
1209 2462 1285 2497 solo
1306 2461 1343 2496 P
1357 2462 1411 2495 est
1423 2461 1592 2495 uidisset.

147 2516 228 2552 Em.
254 2518 339 2563 186)
377 2521 398 2554 9
425 2519 544 2554 altero
571 2519 709 2553 itinere
737 2518 971 2562 (Burmann)
1007 2520 1050 2553 10
1085 2517 1212 2562 (Codd.
1245 2519 1285 2552 in
1318 2529 1433 2552 naves
1465 2517 1593 2562 parvis

150 2575 382 2610 custodibus.
432 2575 677 2611 Probabiliter
706 2575 831 2611 IVeiss.
856 2576 1017 2621 paucis.)
1045 2578 1087 2611 15
1115 2575 1236 2620 (Prob.
1259 2576 1360 2611 Creo.
1389 2574 1592 2619 quotannis

150 2630 330 2666 sollemne
357 2637 550 2668 certamen
571 2659 578 2666 .
595 2659 602 2666 .
619 2659 625 2665 .
643 2634 868 2677 exercetur.)
895 2632 968 2667 ΠΙ.
994 2635 1015 2667 ‘l
1048 2634 1162 2679 quod.
1195 2634 1223 2667 si
1240 2659 1246 2666 .
1263 2659 1270 2666 .
1287 2660 1293 2666 .
1310 2632 1474 2677 aequavit
1510 2635 1593 2666 tum
