1821 2928
487 91 604 127 Liber
628 90 680 126 11.
722 90 784 135 (A.
812 91 875 126 ch.
902 92 1112 135 491—488.)
1498 96 1551 134 99

108 220 259 258 Furius
291 219 473 258 consules
498 222 625 258 erant.
664 218 745 256 Eos
771 224 1022 258 recensentes
1046 220 1238 269 legiones,
1260 219 1451 269 praesidia
1476 226 1740 292 pax-13:522

113 305 246 330 muros
276 292 448 342 aliaque,
465 290 505 328 in
538 290 686 340 quibus
717 291 912 329 stationes
945 292 1188 342 vigiliasque
1214 304 1298 330 esse
1325 292 1548 343 placuerat,
1583 285 1587 290 ’
1737 285 1742 291 ’

111 364 202 402 loca
217 363 516 412 distribuentes,
535 361 752 400 multitudo
770 362 911 412 ingens
929 377 1067 414 pacem
1091 364 1344 413 poscentium
1375 364 1551 414 primum

110 435 302 473 seditioso
335 435 506 474 clamore
537 434 771 483 conterruit,
812 435 956 474 deinde
996 449 1139 474 vocare
1179 440 1372 484 senatum,
1402 436 1553 474 referre

111 507 160 544 de
192 507 336 557 legatis
367 507 416 544 ad
449 506 517 545 Cn.
550 507 747 545 Marcium
778 507 984 545 mittendis
1016 508 1158 557 coegit.
1205 507 1464 558 Acceperunt
1489 521 1548 546 re·
1571 501 1622 539 10

111 579 303 617 lationem
348 582 496 629 patres,
543 581 755 629 postquam
802 580 993 630 apparuit
1031 580 1169 618 labare
1208 580 1339 630 plebis
1378 580 1555 627 animos;

110 651 302 701 missique
335 651 383 688 de
414 664 512 701 pace
543 650 594 689 ad
618 650 817 688 Marcium
853 655 1033 691 oratores
1064 655 1181 690 atrox
1213 665 1445 702 responsum
1477 653 1556 690 ret-

110 723 311 761 tulerunt:
343 723 377 760 si
409 722 568 761 Volscis
601 735 698 772 ager
727 722 975 772 redderetur,
1015 737 1131 775 posse
1170 724 1237 774 agi
1278 723 1325 761 de
1364 738 1480 774 pace3
1519 722 1622 761 sill

110 795 248 846 praeda
278 795 376 833 belli
407 808 478 845 per
510 795 635 832 otium
680 795 760 832 frui
802 795 941 846 velint,
989 810 1202 835 memorem
1248 809 1289 834 se
1329 799 1369 834 et
1410 796 1557 834 civium

114 868 274 906 iniuriae
306 871 346 906 et
375 867 578 917 hospitum
610 866 796 905 beneficii
829 869 1076 919 annisurum,
1110 873 1155 907 ut
1186 871 1381 919 appareat
1413 867 1557 906 exsilio

111 941 188 979 sibi
218 940 412 987 irritatos,
443 953 522 977 non
554 940 700 977 fractos
733 940 886 979 animos
918 954 1014 980 esse.
1067 940 1222 978 Iterum
1254 939 1401 978 deinde
1433 939 1554 978 iidem
1575 939 1625 976 12

113 1012 225 1050 missi
257 1025 335 1050 non
367 1012 621 1062 recipiuntur
652 1013 693 1049 in
725 1016 866 1052 castra.
928 1012 1168 1051 Sacerdotes
1200 1026 1359 1063 quoque
1390 1012 1472 1050 suis
1498 1012 1558 1049 in-

112 1084 296 1134 signibus
326 1084 478 1122 velatos
509 1085 585 1122 isse
610 1085 812 1135 supplices
838 1085 889 1123 ad
914 1090 1044 1124 castra
1060 1086 1245 1136 hostium,
1265 1084 1460 1124 traditum
1478 1087 1558 1131 est;

115 1156 240 1194 nihilo
271 1157 397 1206 magis
430 1170 548 1206 quam
580 1157 734 1206 legatos
778 1157 939 1196 flexisse
978 1159 1163 1196 animum.
1224 1157 1327 1195 Tum
1367 1160 1559 1194 matronae
1619 1151 1678 1200 40

116 1229 168 1267 ad
199 1228 412 1267 Veturiam
444 1232 612 1267 matrem
645 1229 850 1267 Coriolani
899 1229 1239 1279 Volumniamque
1285 1242 1450 1267 uxorem
1482 1228 1559 1265 fre-

116 1304 283 1351 quentes
315 1304 469 1340 coeunt.
530 1300 579 1338 Id
611 1301 816 1351 publicum
851 1302 1064 1340 consilium
1103 1315 1153 1340 an
1191 1300 1400 1339 muliebris
1439 1301 1559 1338 timor

116 1373 249 1423 fuerit,
282 1386 422 1423 parum
454 1373 632 1418 inveni07.
663 1373 869 1423 pervicere
903 1377 1022 1420 certe,
1052 1377 1097 1411 ut
1128 1377 1167 1411 et
1198 1373 1383 1420 Veturia,
1414 1372 1600 1422 magno2

116 1448 214 1482 natu
244 1445 399 1491 mulier,
432 1447 472 1481 et
503 1444 724 1482 Volumnia
757 1445 855 1483 duos
886 1459 1031 1496 parvos
1063 1459 1109 1484 ex
1134 1445 1288 1483 Marcio
1305 1446 1437 1483 ferens
1453 1444 1561 1483 filios

118 1529 251 1554 secum
284 1516 326 1553 in
359 1519 487 1554 castra
518 1517 691 1554 hostium
724 1517 830 1554 irent
862 1521 911 1563 et,
945 1518 1133 1568 quoniam
1165 1517 1286 1555 armis
1317 1517 1396 1555 viri
1428 1516 1560 1554 defen-

118 1589 214 1625 dere
245 1588 386 1626 urbem
416 1602 494 1626 non
526 1592 700 1639 possent,
732 1589 918 1627 mulieres
935 1590 1123 1640 precibus
1140 1589 1396 1639 lacrimisque
1428 1588 1562 1626 defen-

118 1661 269 1699 derent.
332 1659 416 1698 Ubi
447 1660 497 1698 ad
529 1664 660 1698 castra
700 1664 861 1699 ventum
901 1665 960 1700 est
1000 1662 1308 1712 nuntiatumque
1342 1659 1599 1699 Coriolano3

121 1735 192 1781 est,
210 1732 348 1770 adesse
372 1733 510 1782 ingens
534 1733 748 1771 mulierum
774 1746 929 1784 agmen,
955 1734 1095 1784 primo,
1121 1738 1166 1772 ut
1192 1734 1262 1785 qui
1293 1747 1364 1772 nec
1395 1733 1561 1784 publica

119 1804 325 1843 maiestate
371 1805 412 1842 in
454 1805 600 1855 legatis
639 1819 711 1844 nec
743 1806 784 1843 in
816 1805 1094 1844 sacerdotibus
1132 1809 1246 1845 tanta
1278 1805 1404 1843 offusa
1435 1805 1562 1844 oculis

118 1877 331 1927 animoque
371 1877 569 1927 religione
599 1882 728 1916 motus
772 1881 887 1929 esset,
929 1879 1055 1917 multo
1096 1879 1335 1917 obstinatior
1373 1878 1562 1916 adversus

119 1949 303 1986 lacrimas
335 1948 548 1987 muliebres
572 1953 675 1996 erat;
696 1950 788 1988 dein
805 1950 1066 1988 familiarium
1085 1950 1260 2001 quidam,
1278 1950 1347 2000 qui
1364 1950 1559 2000 insignem
1578 1949 1603 1986 4

121 2020 309 2058 maestitia
340 2021 442 2058 inter
473 2026 624 2060 ceteras
657 2025 900 2072 cognoverat
932 2022 1156 2073 Veturiam,
1190 2023 1295 2061 inter
1335 2036 1478 2060 nurum
1497 2035 1562 2060 ne-

119 2096 313 2142 potesque
345 2096 526 2141 stantem,
562 2094 678 2141 „Nisi
703 2108 764 2132 me
787 2095 1059 2133 frustrantur“
1095 2095 1227 2146 inquit
1261 2095 1405 2144 „oculi,
1438 2099 1564 2133 mater

120 2164 198 2201 tibi
230 2165 455 2214 coniuxque
487 2168 526 2203 et
556 2166 675 2204 liberi
707 2166 889 2204 adsuntf‘
941 2167 1178 2206 Coriolanus
1206 2180 1331 2218 prope
1356 2170 1401 2206 ut
1426 2181 1560 2205 amens
1579 2163 1603 2202 5

123 2239 398 2274 consternatus
429 2237 478 2274 ab
509 2237 603 2276 sede
634 2252 706 2277 sua
731 2252 853 2289 quum
871 2240 997 2277 ferret
1012 2240 1129 2277 matri
1149 2240 1277 2277 obviae
1295 2240 1563 2290 complexum,

124 2308 266 2346 mulier
298 2308 337 2345 in
371 2308 470 2346 iram
488 2322 535 2346 ex
560 2311 747 2360 precibus
773 2325 890 2350 versa
911 2310 1045 2363 „Sine,
1063 2312 1297 2362 priusquam
1315 2312 1564 2362 complexum

122 2380 290 2430 accipio,
323 2379 470 2417 sciam“
507 2381 651 2432 inquit,
688 2382 764 2430 „ad
794 2383 950 2422 hostem
984 2398 1034 2423 an
1052 2384 1102 2422 ad
1120 2384 1246 2422 filium
1263 2384 1455 2429 venerim,
1473 2396 1563 2432 cap·

122 2452 208 2490 tiva
238 2455 414 2489 materne
445 2453 486 2490 in
518 2455 657 2492 castris
687 2455 768 2493 tuis
798 2455 885 2494 sim.
947 2456 997 2494 In
1040 2456 1115 2495 hoc
1156 2470 1217 2494 me
1259 2456 1378 2504 longa
1410 2455 1492 2491 vita
1523 2453 1605 2492 ote

126 2523 264 2561 infelix
296 2528 456 2562 senecta
484 2526 620 2573 traxit,
650 2529 695 2564 ut
725 2528 898 2566 exsulem
929 2531 982 2576 te,
1009 2528 1153 2567 deinde
1170 2528 1324 2566 hostem
1356 2525 1566 2564 viderem?

126 2594 303 2634 Potuisti
319 2597 506 2647 populari
521 2597 623 2636 hanc
646 2602 808 2650 terram,
833 2613 922 2650 quae
947 2604 987 2638 te
1010 2601 1149 2650 genuit
1166 2603 1286 2649 atque
1303 2597 1437 2636 aluit?
1468 2596 1559 2636 Non
1579 2598 1602 2634 7

128 2666 219 2717 tibi,
252 2668 431 2717 quamvis
462 2668 605 2708 infesto
637 2671 769 2710 animo
801 2675 838 2710 et
870 2672 1018 2710 minaci
1050 2684 1301 2722 perveneras,
1321 2669 1568 2720 ingredienti

1294 2750 1336 2784 7*
