1821 2928
375 176 424 212 32
781 183 871 209 Liber
890 183 941 208 vr
980 183 1026 209 (A.
1046 191 1074 208 u.
1095 190 1120 208 c.
1139 184 1296 211 ava-377.)

252 301 300 337 10
318 301 390 337 hoc
416 299 623 345 dederunt,
654 303 697 336 ut
714 298 758 335 T.
775 298 989 346 Quinctius
1012 297 1187 336 dictator
1211 298 1363 348 oppida
1385 310 1523 335 novem
1551 301 1744 347 caperet.“

316 369 395 406 Die
426 367 628 412 vicesimo,
660 379 777 415 quam
809 370 962 403 creatus
994 370 1091 411 erat,
1122 366 1323 404 dictatura
1354 379 1393 403 se
1425 365 1641 403 abdicavit.

184 432 241 480 30
435 436 610 473 Comitia
642 435 734 472 inde
765 434 904 472 habita
933 435 1186 471 tribunorum
1211 435 1386 472 militum
1411 434 1610 472 consulari
1637 437 1748 483 pote·

317 508 428 543 state.
469 504 614 553 quibus
656 507 835 552 aequatus
875 503 1135 551 patriciorum
1182 503 1511 552 plebeiorumque
1552 516 1747 540 numerus.

280 574 302 609 2
322 572 382 610 Ex
412 572 593 621 patribus
625 572 748 609 creati
780 571 827 608 P.
859 575 897 607 et
928 571 969 608 C.
1000 571 1146 608 Manlii
1179 584 1265 607 cum
1297 570 1342 607 L.
1374 570 1500 617 Iulio;
1537 571 1674 620 plebes
1707 570 1748 608 C.

110 630 297 689 23120-,3532333
319 639 543 686 sextilium,
574 640 628 677 M.
659 640 883 685 Albinium,
915 638 959 676 L.
991 639 1217 676 Antistium
1249 638 1373 675 dedit.
1433 638 1610 685 mannis,
1641 637 1748 688 quod

277 711 299 747 3
318 723 461 758 genere
478 709 668 758 plebeios.
700 708 829 757 gratia
847 707 996 744 Iulium
1013 707 1232 753 anteibant,
1264 707 1405 744 Volsci
1427 707 1639 756 provincia
1662 707 1749 744 sine

317 783 433 823 sorte,
471 778 556 814 sine
588 777 886 826 comparatione
918 780 1029 813 extra
1060 775 1241 813 ordinem
1273 775 1384 820 data;
1430 775 1541 812 cuius
1572 778 1611 811 et
1642 775 1749 825 ipsos

278 846 530 896 4post1nodo
563 848 601 882 et
631 849 776 895 patres,
808 845 877 894 qui
909 845 1114 889 dederant,
1144 844 1341 893 paenituit.
1393 843 1650 892 Inexplorato
1682 856 1750 893 pa-

317 915 497 952 bulatum
524 915 706 951 cohortes
736 914 896 952 misere:
928 913 1073 963 quibus
1096 913 1207 949 velut
1231 911 1522 955 circumventis,
1554 923 1675 959 quum
1706 910 1750 948 id

317 984 416 1020 falso
436 983 660 1020 nuntiatum
685 986 797 1027 esset,
829 982 934 1027 dum,
964 980 1155 1030 praesidio
1178 984 1223 1017 ut
1249 985 1388 1026 essent,
1419 979 1533 1016 citati
1557 979 1750 1025 feruntur,

317 1066 365 1089 ne
396 1056 557 1088 auctore
589 1051 751 1100 quidem
783 1054 995 1095 asservato,
1026 1049 1096 1098 qui
1129 1063 1195 1086 eos
1226 1049 1351 1086 hostis
1375 1048 1544 1085 Latinus
1575 1060 1646 1096 pro
1677 1045 1750 1083 mi-

319 1119 388 1156 lite
420 1119 600 1155 Romano
633 1119 846 1155 frustratus
878 1122 972 1162 erat,
1020 1117 1097 1167 ipsi
1142 1118 1183 1154 in
1225 1117 1396 1154 insidias
1436 1115 1750 1166 praecipitavere.

280 1188 301 1225 5
321 1187 386 1224 lbi
418 1187 511 1224 dum
543 1187 683 1235 iniquo
716 1186 814 1232 loco,
847 1186 931 1223 sola
961 1186 1110 1222 virtute
1142 1186 1318 1222 militum
1348 1187 1555 1230 restantes,
1593 1182 1751 1220 caedunt

320 1255 615 1304 caedunturque.
655 1260 784 1292 castra
815 1255 975 1291 interim
1006 1254 1199 1299 Romana,
1236 1252 1407 1289 iacentia
1438 1252 1481 1288 in
1513 1264 1663 1300 campo,
1700 1250 1749 1288 ab

278 1327 299 1361 6
319 1324 444 1361 altera
473 1327 586 1372 parte
617 1323 749 1359 hostes
782 1323 972 1359 invasere.
1032 1322 1101 1359 Ab
1134 1321 1302 1358 ducibus
1334 1320 1547 1369 utrobique
1578 1318 1750 1368 proditae

318 1392 543 1429 temeritate
576 1395 694 1440 atque
726 1391 889 1428 inscitia
918 1404 998 1436 res3
1029 1390 1225 1440 quicquid
1256 1388 1454 1438 superfuit
1482 1388 1652 1425 fortunae
1681 1399 1750 1436 po-

318 1460 404 1509 puli
434 1459 620 1505 Romani,
662 1460 704 1496 id
745 1460 918 1497 militum
963 1459 1082 1495 etiam
1123 1459 1207 1495 sine
1247 1460 1401 1494 rectore
1432 1455 1592 1493 stabilis
1621 1455 1751 1492 virtus

283 1530 303 1564 7
321 1532 451 1566 tutata
483 1532 551 1565 est.
598 1528 695 1574 Quae
726 1528 797 1564 ubi
821 1527 990 1564 Romam
1021 1530 1112 1564 sunt
1143 1526 1282 1572 relata,
1311 1525 1484 1575 primum
1515 1524 1751 1561 dictatorem

321 1598 403 1634 dici
434 1596 639 1646 placebam
685 1596 842 1641 deinde,
873 1599 1083 1645 postquam
1122 1594 1266 1644 quietae
1298 1606 1360 1630 res
1392 1606 1439 1630 ex
1469 1590 1630 1630 Volscis
1659 1590 1752 1629 affe—

319 1665 509 1702 rebantur
541 1668 579 1700 ct
610 1664 808 1712 apparuit,
838 1664 990 1700 nescire
1022 1676 1089 1700 eos
1110 1662 1281 1699 victoria
1312 1665 1351 1697 et
1380 1664 1558 1709 tempore
1589 1659 1662 1705 uti,
1691 1672 1751 1696 re—

280 1732 454 1769 Svocati
486 1731 605 1769 etiam
646 1732 740 1769 inde
773 1732 970 1768 exercitus
1001 1745 1046 1767 ac
1079 1731 1207 1775 duces,
1248 1729 1452 1778 otiumque
1484 1727 1590 1772 inde,
1629 1740 1751 1776 quan-

319 1806 404 1837 tum
435 1814 457 1837 a
488 1799 660 1846 Volscis,
705 1800 799 1846 fuit3
844 1800 886 1837 id
931 1798 1048 1835 modo
1095 1802 1269 1834 extremo
1312 1809 1414 1834 anno
1455 1795 1751 1842 tumultuatum,

321 1868 429 1918 quod
458 1867 714 1914 Praenestini,
755 1867 965 1905 concitatis
1005 1866 1242 1903 Latinorum
1283 1865 1455 1915 populis,
1494 1863 1752 1901 rebellarunt.

282 1937 303 1973 9
322 1937 475 1974 Eodem
515 1949 617 1974 anno
657 1935 829 1982 Setiam,
870 1936 969 1985 ipsis
1001 1935 1258 1984 querentibus
1289 1933 1497 1982 penuriam
1529 1932 1752 1986 bominum,

322 2005 417 2042 novi
460 2005 589 2041 coloni
631 2004 842 2054 adscripti3
882 2003 1079 2052 rebusque
1111 2003 1220 2040 haud
1250 2001 1453 2051 prosperis
1484 2001 1589 2038 bello
1621 2000 1752 2037 dome-

321 2073 421 2110 stica
453 2072 575 2121 quieS,
608 2085 725 2121 quam
755 2071 1009 2109 tribunorum
1041 2071 1214 2108 militum
1245 2084 1293 2107 ex
1322 2069 1438 2118 plebe
1469 2069 1602 2117 gratia
1632 2069 1751 2106 maie-

323 2145 481 2190 stasque
513 2140 615 2176 inter
646 2153 736 2176 suos
768 2140 955 2186 obtinuit,
986 2140 1176 2178 solatium
1206 2139 1293 2175 fuit.

194 2205 247 2252 31
434 2207 688 2257 Insequentis
706 2208 800 2245 anni
832 2207 1032 2257 principia
1048 2208 1182 2245 statim
1206 2206 1405 2244 seditione
1429 2204 1586 2253 ingenti
1611 2217 1754 2250 arsere,

118 2276 304 2336 22¹²&ssssss
324 2277 498 2315 tribunis
538 2276 711 2313 militum
753 2275 953 2312 consulari
993 2279 1192 2325 potestate
1224 2274 1292 2324 Sp.
1323 2273 1458 2319 Furio,
1498 2272 1546 2319 Q.
1577 2270 1752 2309 Servilio

325 2346 482 2391 iterum,
512 2343 559 2381 L.
589 2343 777 2380 Menenio
809 2344 983 2389 tertium,
1025 2344 1072 2381 P.
1104 2343 1262 2389 Cloelio,
1297 2342 1352 2379 M.
1382 2340 1568 2386 Horatio,
1598 2339 1644 2376 L.
1676 2337 1752 2376 Ge·

284 2414 306 2449 2
326 2414 456 2462 ganio.
515 2412 615 2450 Erat
655 2416 784 2449 autem
826 2415 865 2448 et
905 2412 1070 2449 materia
1103 2415 1141 2448 et
1179 2425 1296 2448 causa
1337 2408 1547 2447 seditionis
1577 2421 1629 2445 aes
1659 2407 1753 2444 alie-

322 2496 432 2527 num,
464 2481 575 2519 cuius
606 2478 796 2518 noscendi
827 2479 959 2526 gratia
991 2478 1057 2528 Sp.
1089 2478 1287 2517 Servilius
1317 2478 1493 2523 Priscus,
1525 2474 1754 2523 Q.Cloelius

325 2548 483 2586 Siculus
515 2562 695 2586 censores
726 2547 835 2593 facti,
880 2561 928 2583 ne
966 2560 1048 2583 rem
1081 2551 1256 2595 agerent,
1292 2546 1398 2583 bello
1429 2543 1617 2593 impediti
1646 2544 1754 2588 sunt3

285 2618 308 2654 3
326 2631 494 2666 namque
524 2616 684 2670 trepidi.
708 2615 839 2653 nuntii
869 2614 1012 2663 primo,
1051 2615 1144 2663 fuga
1176 2614 1322 2651 deinde
1353 2626 1399 2649 ex
1429 2612 1538 2660 agris
1576 2610 1754 2659 legiones
