1821 2928
272 109 351 147 100
662 103 776 137 Liber
800 102 852 137 II.
890 103 952 146 (A.
979 114 1012 137 u.
1040 113 1069 139 c.
1094 103 1306 147 266—269.)

268 233 367 270 fines
399 233 458 270 ira
489 230 666 269 cecidit?
726 230 827 276 Non,
858 243 978 279 quum
1011 230 1049 267 in
1083 234 1298 280 conspectu
1328 229 1457 269 Roma
1487 231 1576 280 fuit,
1611 244 1699 269 suc-

269 305 410 343 currit:
444 303 560 340 Intra
591 303 663 340 illa
694 302 840 339 moenia
869 301 1007 339 domus
1038 315 1082 339 ac
1114 305 1277 351 penates
1317 302 1394 340 mei
1425 306 1528 349 sunt,
1560 305 1702 349 mater,

232 377 257 414 8
275 376 422 415 coniux
439 373 670 424 liberique?
710 373 818 423 Ergo
847 385 919 422 ego
936 373 1013 411 nisi
1031 373 1286 423 peperissem,
1304 373 1434 412 Roma
1450 387 1528 412 non
1546 387 1700 425 oppug-

267 450 450 492 naretur3
481 446 558 484 nisi
588 445 715 483 filium
746 445 944 492 haberem,
976 446 1104 482 libera
1146 445 1185 482 in
1217 445 1347 483 libera
1378 447 1511 496 patria
1541 449 1698 484 mortua

269 532 404 558 essem.
465 518 544 556 Sed
583 530 656 566 ego
694 517 794 555 nihil
835 517 913 555 iam
957 517 1041 566 pati
1081 529 1153 554 nec
1190 517 1267 554 tibi
1307 517 1466 567 turpius
1497 531 1568 555 nec
1599 516 1699 554 mihi

230 593 252 630 9
272 591 454 629 miserius
485 603 656 640 possum,
687 602 771 639 nec,
804 592 849 626 ut
879 589 953 626 sim
985 588 1216 635 miserrima,
1248 589 1317 626 diu
1348 589 1482 626 futura
1513 602 1618 635 sum;
1650 588 1700 626 de

266 664 328 701 his
369 662 532 709 videris,
579 675 690 711 quos,
733 661 765 699 si
804 661 951 711 pergiS,
990 663 1060 698 aut
1100 660 1313 698 immatura
1344 674 1448 699 mors
1480 664 1549 699 aut
1578 661 1699 710 longa

267 736 437 773 servitus
469 736 635 771 manet.“
684 733 798 771 Uxor
830 731 972 770 deinde
1004 745 1048 770 ac
1080 732 1200 769 liberi
1232 733 1417 782 amplexi,
1436 732 1632 782 fletusque
1647 733 1698 770 ab

267 807 373 846 omni
403 805 524 844 turba
555 805 768 843 mulierum
799 807 908 842 ortus
941 807 980 841 et
1009 804 1269 853 comploratio
1302 805 1362 842 sui
1378 805 1599 855 patriaeque
1616 804 1692 842 fre-

201 880 250 917 10
269 891 361 928 gere
391 877 552 916 tandem
582 878 721 915 virum.
756 875 997 925 Complexus
1024 875 1117 912 inde
1141 889 1232 914 suos
1261 876 1448 923 dimittit;
1475 876 1561 926 ipse
1590 878 1699 914 retro

267 951 315 989 ab
346 951 445 988 urbe
477 953 606 987 castra
636 948 771 988 movit.
834 948 1036 986 Abductis
1068 947 1211 985 deinde
1251 947 1474 996 legionibus
1513 961 1561 985 ex
1601 960 1699 996 agro

265 1023 458 1069 Romano,
485 1021 640 1060 invidia
664 1021 723 1058 rei
749 1033 982 1070 oppressum
1005 1020 1155 1069 perisse
1179 1020 1356 1070 tradunt,
1385 1019 1457 1057 alii
1489 1019 1567 1057 alio
1601 1020 1696 1058 leto.

268 1094 392 1144 Apud
425 1093 612 1143 Fabium,
644 1093 760 1140 longe
778 1091 1103 1141 antiquissimum
1122 1094 1334 1138 auctorem,
1352 1104 1478 1141 usque
1495 1091 1546 1128 ad
1563 1104 1697 1129 senec-

199 1168 244 1205 11
266 1170 392 1204 tutem
422 1165 572 1203 vixisse
604 1163 770 1202 eundem
804 1163 981 1210 invenio;
1020 1163 1142 1201 refert
1181 1167 1298 1213 certe,
1339 1162 1442 1201 hanc
1472 1176 1576 1213 saepe
1609 1176 1698 1201 eum

266 1241 406 1276 exacta
437 1240 553 1275 aetate
583 1249 795 1286 usurpasse
825 1249 973 1281 vocem,
1006 1236 1130 1272 multo
1170 1234 1354 1272 miserius
1392 1234 1478 1273 seni
1509 1234 1696 1272 exsilium

267 1324 363 1349 esse.
410 1310 500 1348 Non
525 1309 756 1346 inviderunt
780 1307 898 1345 laude
922 1320 992 1344 sua
1015 1307 1249 1344 mulieribus
1272 1306 1351 1344 viri
1376 1307 1548 1344 Romani
1578 1305 1696 1357 (adeo

201 1382 355 1421 12sine
387 1380 677 1419 obtrectatione
721 1379 859 1428 gloriae
898 1379 1035 1416 alienae
1076 1378 1316 1428 vivebatur),
1362 1381 1699 1428 monumentoque

266 1454 373 1504 quod
405 1457 517 1500 esset,
547 1452 740 1502 templum
766 1451 954 1489 Fortunae
979 1450 1167 1488 muliebri
1195 1450 1434 1488 aedificatum
1452 1450 1694 1488 dedicatum-

268 1538 343 1575 que
375 1528 447 1564 est.

378 1596 552 1633 Rediere
584 1595 728 1632 deinde
761 1594 909 1640 Volsci,
926 1594 1124 1631 adiunctis
1155 1594 1311 1643 AEquis‚
1328 1594 1368 1631 in
1394 1606 1534 1643 agrum
1550 1593 1701 1631 Roma·

265 1682 378 1714 num;
413 1668 481 1705 sed
514 1667 637 1716 AEqui
676 1666 834 1703 Attium
876 1665 1055 1702 Tullium
1094 1665 1201 1701 haud
1239 1665 1346 1703 ultra
1386 1665 1514 1702 tulere
1546 1665 1696 1703 ducem.

199 1742 249 1779 13
267 1741 375 1778 Hinc
414 1753 462 1777 ex
504 1738 730 1787 certamine,
779 1737 918 1775 Volsci
957 1737 1132 1786 AEquine
1172 1737 1451 1786 imperatorem
1483 1737 1697 1774 coniuncto

265 1812 462 1850 exercitui
489 1812 642 1858 darent,
669 1809 825 1857 seditio,
852 1809 996 1846 deinde
1014 1812 1129 1845 atrox
1157 1809 1342 1858 proelium
1361 1811 1503 1848 ortum.
1535 1808 1600 1846 Ibi
1617 1809 1696 1846 for·

264 1887 361 1921 tuna
387 1883 525 1933 populi
552 1881 723 1919 Romani
756 1882 853 1919 duos
877 1881 1052 1918 hostium
1086 1881 1283 1918 exercitus
1315 1880 1422 1918 haud
1454 1880 1583 1917 minus
1609 1893 1698 1930 per-

266 1955 416 1992 nicioso
449 1967 566 2003 quam
597 1953 797 2004 pertinaci
828 1952 1044 1990 certamine
1075 1953 1254 1990 confecit.

200 2030 248 2065 14
382 2025 574 2063 (ss'onsules
620 2025 664 2063 T.
713 2024 886 2062 Sicinius
927 2027 964 2061 et
1010 2024 1051 2061 C.
1091 2024 1292 2073 Aquilius.
1353 2022 1504 2062 Sicinio
1544 2023 1695 2073 Volsci,

57 2107 247 2133 Amne-267·
271 2097 438 2146 Aquilio
470 2097 638 2135 Hernici
669 2096 773 2149 (nam
812 2096 841 2133 ii
880 2109 1038 2145 quoque
1069 2096 1108 2133 in
1147 2096 1267 2133 armis
1308 2094 1441 2148 erant)
1487 2094 1696 2145 provincia

58 2145 96 2172 A.
115 2144 167 2171 Ch.
187 2146 244 2169 487.

57 2390 94 2416 Α.
106 2398 133 2415 ιι.

57 2429 95 2455 Α.
116 2429 135 2455 C

266 2169 406 2207 evenit.
469 2169 525 2206 Eo
557 2182 659 2206 anno
691 2167 860 2205 Hernici
892 2167 1058 2215 devicti:
1092 2181 1178 2204 cum
1221 2167 1378 2205 Volscis
1419 2179 1532 2216 aequo
1563 2166 1697 2204 Marte

266 2240 479 2277 discessum
516 2246 589 2278 est.

154 2312 204 2357 ,Η
379 2312 447 2360 Sp.
482 2311 642 2349 Cassius
674 2312 815 2349 deinde
848 2315 887 2348 et
913 2311 1109 2349 Proculus
1130 2311 1343 2360 Verginius
1374 2310 1555 2348 consules
1585 2309 1696 2348 facti.

138 2391 242 2455 lje-{25-
266 2382 365 2420 Cum
397 2382 587 2420 Hernicis
619 2383 746 2420 foedus
779 2383 919 2429 ictum3
953 2383 1040 2432 agri
1071 2386 1204 2433 partes
1222 2382 1310 2420 duae
1342 2382 1548 2432 ademptae.
1593 2380 1696 2418 Inde

240 2448 477 2491 'dimidium
525 2453 691 2503 Latinis,
741 2454 950 2491 dimidium
989 2455 1098 2504 plebi
1131 2455 1332 2492 divisurus
1364 2453 1502 2492 consul
1535 2452 1693 2491 Cassius

228 2528 251 2564 2
271 2530 366 2562 erat.
427 2525 665 2562 Adiiciebat
696 2524 788 2561 huic
820 2526 974 2562 muneri
1007 2526 1092 2574 agri
1125 2526 1383 2575 aliquantum,
1416 2538 1531 2575 quem
1562 2523 1694 2574 publi-

264 2610 351 2634 cum
392 2596 591 2646 possideri
634 2609 656 2633 a
694 2596 860 2645 privatis
901 2597 1198 2634 criminabatur.
1258 2596 1306 2633 Id
1347 2596 1490 2633 multos
1531 2595 1692 2645 quidem

264 2672 436 2718 patrum,
482 2668 587 2717 ipsos
633 2680 891 2718 possessores,
929 2668 1106 2717 periculo
1146 2680 1278 2704 rerum
1310 2680 1468 2704 suarum
1498 2667 1698 2713 terrebat3
