1821 2928
121 832 178 882 49

259 139 312 178 50
890 133 1006 169 Liber
1029 133 1059 169 I.

216 264 242 300 8
373 262 455 300 Ser.
473 262 630 299 Tullius
661 260 845 310 regnavit
877 274 999 299 anuos
1031 264 1223 310 quattuor
1254 263 1294 298 et
1324 259 1590 309 quadraginta
1621 259 1690 308 ita,

258 338 301 372 ut
331 335 433 372 bono
466 334 585 371 etiam
616 331 900 381 moderatoque
932 331 1161 370 succedenti
1191 332 1278 381 regi
1297 331 1473 370 difficilis
1490 327 1692 369 aemulatio

259 409 376 451 esset3
423 408 596 443 ceterum
644 403 687 440 id
733 416 892 452 quoque
938 403 988 441 ad
1028 403 1198 453 gloriam
1240 403 1418 449 accessit,
1465 401 1572 452 quod
1602 414 1693 439 011111

215 480 237 515 ‘d
256 477 326 515 illo
359 477 477 514 simul
509 476 612 513 iusta
643 488 687 513 ac
720 475 902 525 legitima
933 488 1053 524 regna
1072 475 1316 513 occiderunt.
1367 473 1416 511 Id
1447 474 1579 523 ipsum
1608 476 1692 511 tam

260 549 355 586 mite
400 562 445 586 ac
475 551 556 585 tam
588 546 838 585 moderatum
872 547 1081 596 imperium
1113 549 1258 595 tamen⁸
1307 545 1410 595 quia·
1433 545 1550 583 unius
1581 548 1695 591 esset,

260 620 457 671 deponere
503 633 590 657 eum
622 619 662 656 111
694 619 824 656 animo
855 617 1053 664 habuisse,
1100 617 1261 667 quidam
1293 620 1474 655 auctores
1505 618 1608 662 sunt,
1652 615 1694 653 ni

258 692 384 730 scelus
430 691 661 729 intestinum
707 689 928 728 liberandae
974 689 1116 740 patriae
1160 689 1325 726 consilia
1365 687 1538 738 agitanti
1568 687 1691 725 inter-

259 764 442 802 venisset.

373 834 474 872 Inde
505 833 551 872 L.
583 833 824 882 Tarquinius
870 845 1038 882 regnare
1078 832 1242 881 occepit,
1290 831 1352 868 cui
1384 829 1567 881 Superbo
1599 842 1690 879 cog-

260 919 400 945 nomen
432 907 537 943 facta
569 905 812 954 indiderunt,
847 904 943 959 quia
974 917 1152 941 socerum
1183 916 1305 952 gener
1336 901 1542 952 sepultura
1557 900 1692 952 prohi-

217 980 239 1015 2
259 979 356 1025 buit,
387 977 605 1015 Romulum
637 989 794 1026 quoque
813 975 1059 1025 insepultum
1077 975 1227 1025 perisse
1247 974 1449 1020 dictitans,
1481 973 1693 1023 primores·

260 1063 336 1100 que
382 1053 551 1100 patrum,
597 1061 695 1098 quos
727 1046 858 1085 Servii
898 1047 1016 1084 rebus
1048 1047 1192 1084 favisse
1225 1045 1425 1095 credebat,
1472 1044 1691 1091 interfecit;

261 1121 441 1159 conscius
474 1120 629 1166 deinde,
676 1120 777 1156 male
824 1119 1030 1168 quaerendi
1071 1119 1185 1168 regni
1223 1118 1273 1155 ab
1314 1130 1354 1155 se
1387 1117 1472 1166 ipso
1503 1116 1693 1155 adversus

219 1195 241 1230 3
261 1206 301 1231 se
333 1191 557 1241 exemplum
590 1191 678 1240 capi
708 1204 836 1240 posse,
869 1191 1032 1228 armatis
1064 1202 1207 1240 corpus
1227 1188 1532 1238 circumsaepsit;
1564 1199 1692 1237 neque

261 1265 364 1302 enim
396 1263 445 1300 ad
476 1263 537 1300 ius
563 1263 676 1310 regni
703 1263 918 1312 quicquam
946 1266 1089 1312 praeter
1106 1262 1186 1300 vim
1204 1260 1386 1306 habebat,
1419 1262 1464 1297 ut
1480 1259 1550 1309 qui
1565 1271 1692 1308 neque

217 1335 241 1371 4
260 1335 399 1386 populi
415 1335 525 1372 iussu
541 1347 669 1383 neque
687 1334 916 1371 auctoribus
933 1334 1114 1382 patribus
1131 1334 1330 1381 regnaret.
1376 1331 1435 1369 Eo
1467 1329 1692 1380 accedebat,

260 1412 303 1445 ut
333 1408 374 1444 in
407 1406 572 1444 caritate
599 1406 746 1443 civium
772 1405 873 1442 nihil
896 1405 982 1454 spei
1007 1404 1216 1454 reponenti
1243 1407 1351 1441 metu
1376 1415 1541 1451 regnum
1558 1404 1689 1440 tutan-

263 1480 355 1516 dum
387 1482 501 1517 esset.
550 1478 674 1525 Quem
692 1480 735 1514 ut
755 1476 935 1527 pluribus
954 1476 1161 1522 incuteret,
1194 1474 1442 1525 cognitiones
1459 1473 1692 1524 capitalium

218 1549 240 1585 5
259 1563 392 1588 rerum
422 1551 507 1587 sine
539 1549 721 1587 consiliis
738 1562 810 1598 per
827 1561 867 1585 se
885 1548 993 1585 solus
1010 1548 1232 1593 exercebat,
1262 1558 1412 1596 perque
1430 1558 1517 1584 eam
1533 1558 1692 1583 causam

262 1622 457 1669 occidere,
490 1621 531 1657 in
549 1620 733 1658 exsilium
751 1632 881 1669 agere,
897 1620 1012 1656 bonis
1029 1619 1197 1656 multare
1214 1620 1374 1668 poterat
1389 1630 1468 1655 non
1485 1619 1691 1666 suspectos

261 1693 376 1731 modo
409 1695 477 1730 aut
507 1692 668 1741 invisos,
701 1692 770 1729 sed
794 1691 900 1729 unde
927 1691 1032 1727 nihil
1059 1689 1173 1728 aliud
1200 1702 1317 1738 quam
1344 1688 1519 1738 praedam
1535 1700 1693 1738 sperare

220 1765 242 1801 6
261 1768 405 1815 posset.
451 1763 663 1814 Praecipue
687 1764 743 1801 ita
767 1766 926 1813 patrum
951 1774 1115 1799 numero
1142 1761 1363 1806 imminuto,
1393 1759 1536 1797 statuit
1560 1759 1692 1797 nullos

262 1838 302 1874 in
334 1840 468 1885 patres
499 1835 646 1884 legere,
688 1847 765 1884 quo
805 1833 1070 1882 contemptior
1100 1832 1304 1882 paucitate
1334 1831 1421 1881 ipsa
1451 1830 1547 1869 ordo
1578 1834 1692 1879 esset,

222 1908 242 1942 7
263 1908 473 1957 minusque
519 1920 589 1957 per
621 1919 662 1944 se
693 1906 797 1943 nihil
829 1906 893 1953 agi
926 1905 1245 1954 indignarentur.
1306 1902 1388 1940 Hic
1419 1902 1526 1940 enim
1555 1914 1693 1951 regum

260 1980 411 2030 primus
440 1978 636 2016 traditum
660 1991 682 2014 a
708 1977 910 2027 prioribus
935 1989 1083 2014 morem
1109 1976 1156 2013 de
1186 1975 1367 2013 omnibus
1397 1976 1577 2012 senatum
1600 1986 1693 2011 0011-

262 2050 418 2088 sulendi
435 2050 570 2095 solvit;
603 2049 832 2087 domesticis
850 2048 1030 2085 consiliis
1048 2061 1129 2085 rem
1147 2047 1351 2097 publicam
1379 2045 1694 2091 administravit;

261 2122 424 2171 bellum,
471 2134 620 2170 pacem,
664 2120 828 2170 foedera,
874 2120 1082 2157 societates
1112 2131 1184 2168 per
1215 2131 1256 2156 se
1286 2118 1383 2167 ipse,
1430 2130 1518 2155 cum
1549 2116 1693 2167 quibus

220 2195 244 2232 8
261 2194 400 2240 voluit,
433 2193 584 2230 iniussu
614 2191 754 2242 populi
778 2204 822 2229 ac
840 2194 1012 2238 senatus,
1042 2190 1137 2228 fecit
1155 2189 1408 2239 diremitque.
1452 2188 1692 2226 Latinorum

263 2264 343 2303 sibi
374 2264 541 2301 maxime
572 2267 730 2312 gentem
762 2263 1012 2308 conciliabat,
1042 2264 1086 2299 ut
1116 2261 1338 2311 peregrinis
1368 2272 1527 2310 quoque
1547 2259 1692 2310 opibus

263 2336 388 2374 tutior
419 2335 523 2372 inter
555 2335 662 2373 cives
695 2338 808 2381 esset,
841 2347 968 2384 neque
991 2333 1166 2383 hospitia
1192 2332 1308 2370 modo
1334 2344 1422 2369 cum
1452 2321 1693 2381 primoribus

225 2412 247 2445 t)
267 2419 415 2456 eorum,
461 2405 530 2443 sed
575 2405 786 2444 affinitates
832 2419 988 2455 quoque
1033 2404 1235 2454 iungebat.
1296 2402 1463 2442 Octavio
1508 2401 1692 2441 Mamilio

265 2478 489 2516 Tusculano
520 2475 571 2529 (is
611 2477 727 2527 longe
758 2477 945 2527 princeps
976 2477 1113 2514 Latini
1156 2475 1327 2514 nominis
1373 2477 1469 2521 erat,
1512 2474 1548 2511 si
1576 2473 1691 2512 famae

266 2550 475 2599 credimus,
508 2548 556 2586 ab
588 2547 710 2586 Ulixe
741 2548 893 2598 deaque
911 2547 1025 2585 Circa
1056 2546 1266 2594 oriundus)
1297 2546 1335 2583 ei
1359 2545 1538 2583 Mamilio
1567 2543 1692 2582 filiam

266 2625 433 2671 nuptum
459 2620 538 2667 dat,
562 2632 709 2670 perque
737 2632 801 2657 eas
826 2620 985 2668 nuptias
1003 2619 1148 2656 multos
1165 2618 1242 2655 sibi
1259 2618 1447 2666 cognatos
1464 2615 1691 2666 amicosque

268 2693 351 2730 eius
383 2693 581 2730 conciliat.
