1821 2928
360 172 412 208 38
767 182 858 207 Liber
877 182 928 207 VI.
966 181 1013 210 (Α.
1033 190 1062 207 ιι.
1081 190 1105 208 c.
1125 184 1281 213 384—385.)

303 295 518 344 aliquoties
561 295 814 333 incursavere
856 300 894 332 et
925 295 1140 332 Tusculum
1181 309 1412 346 oppugnare
1454 296 1585 334 adorti
1627 301 1736 344 sunt;

261 362 428 411 2eaque
459 376 532 409 res,
578 362 816 400 Tusculanis
855 363 1059 400 veteribus
1100 364 1231 411 sociis,
1276 364 1391 401 novis
1433 364 1588 402 civibus
1620 377 1735 414 opem

301 430 522 476 orantibus,
567 430 809 468 verecundia
848 431 1019 468 maxime
1051 443 1130 467 non
1167 434 1301 480 patres
1339 431 1467 478 modo,
1513 432 1582 469 sed
1614 432 1735 470 etiam

262 498 459 546 3plebem
501 499 638 535 movit.
697 498 1014 535 Remittentibus
1059 497 1236 535 tribunis
1280 498 1410 548 plebis
1457 499 1621 537 comitia
1664 513 1737 549 per

300 565 541 614 interregem
573 569 665 603 sunt
694 566 852 610 habita;
885 565 1088 614 creatique
1119 566 1274 603 tribuni
1306 567 1481 603 militum
1512 566 1558 603 L.
1575 567 1735 615 Furius,

93 630 208 690 2:¹31}-
227 632 284 690 {id
305 632 357 670 A.
388 633 578 680 Manlius,
611 631 693 670 Ser.
726 632 940 683 Sulpicius,
979 631 1062 670 Ser.
1095 632 1316 680 Cornelius,
1353 634 1399 671 P.
1433 638 1471 671 et
1502 634 1544 672 C.
1575 634 1735 672 Valerii

300 700 612 750 haudquaquam
651 705 734 738 tam
775 701 1028 738 obedientem
1071 700 1112 738 in
1144 701 1294 738 dilectu
1325 715 1443 751 quam
1484 702 1527 739 in
1558 703 1736 740 comitiis

261 767 286 803 4
302 767 458 818 plebem
489 769 681 811 habuere;
714 769 948 819 ingentique
972 769 1226 805 contentione
1251 769 1430 806 exercitu
1453 770 1615 820 scripto,
1645 783 1736 820 pro-

300 835 394 873 fecti
436 849 515 873 non
557 836 606 874 ab
639 836 811 873 Tusculo
854 837 971 873 modo
1014 850 1258 874 summovere
1304 837 1469 884 hostem,
1514 839 1584 875 sed
1628 838 1736 875 intra

261 902 284 939 5
303 906 455 940 suamet
485 903 616 953 ipsum
648 905 791 941 moenia
810 904 1047 953 compulere,
1079 904 1446 954 obsidebanturque
1476 905 1584 942 haud
1613 905 1734 955 paulo

298 971 339 1008 vi
372 971 522 1008 maiore
554 971 734 1018 Velitrae,
776 985 893 1021 quam
926 971 1143 1008 Tusculum
1181 972 1383 1009 obsessum
1423 973 1563 1010 fuerat.
1651 973 1736 1011 Neo

298 1044 430 1076 tamen
462 1039 511 1076 ab
544 1039 611 1085 eis,
643 1052 665 1076 a
697 1039 844 1089 quibus
876 1039 1053 1077 obsideri
1086 1044 1223 1089 coeptae
1256 1044 1379 1086 erant,
1411 1040 1635 1090 expugnari
1666 1053 1735 1090 po-

260 1108 430 1152 6tuere3
476 1110 567 1143 ante
598 1108 692 1144 novi
725 1108 849 1145 creati
890 1112 981 1144 sunt
1017 1108 1172 1144 tribuni
1215 1107 1402 1154 militum,
1447 1108 1495 1155 Q.
1526 1106 1736 1155 Servilius,

92 1173 281 1232 ssjssffjgssss·
303 1174 345 1212 C.
378 1175 585 1221 Veturius,
631 1175 683 1212 A.
723 1179 762 1212 et
790 1175 845 1212 M.
885 1175 1076 1221 Cornelii,
1123 1175 1169 1222 Q.
1209 1175 1434 1222 Quinctius,
1479 1175 1534 1213 M.
1571 1175 1735 1213 Fabius.

299 1242 416 1280 Nihil
456 1255 505 1279 ne
546 1243 594 1280 ab
643 1242 693 1279 iis
736 1243 897 1292 quidem
942 1243 1119 1280 tribunis
1160 1244 1210 1281 ad
1249 1243 1430 1282 Velitras
1475 1243 1736 1281 memorabile

261 1310 462 1347 7factum.
522 1310 572 1346 In
603 1310 754 1348 maiore
793 1311 1024 1347 discrimine
1065 1311 1172 1348 domi
1211 1325 1273 1348 res
1303 1312 1573 1349 vertebantur.
1632 1311 1735 1349 Nam

300 1383 445 1427 praeter
463 1377 645 1414 Sextium
670 1378 956 1428 Liciniumque
988 1379 1133 1416 latores
1165 1379 1309 1428 legum,
1339 1379 1419 1416 iam
1451 1382 1633 1416 octavum
1662 1378 1736 1415 tri·

301 1446 428 1483 bunos
459 1446 590 1495 plebis
622 1446 801 1491 refectos,
840 1446 993 1483 Fabius
1025 1460 1183 1496 quoque
1214 1447 1401 1484 tribunus
1431 1447 1618 1493 militum,
1649 1445 1739 1483 Sto-

299 1514 405 1550 lonis
437 1527 557 1559 socer,
590 1527 758 1563 quarum
789 1514 921 1562 legum
954 1519 1092 1552 auctor
1123 1515 1265 1561 fuerat,
1303 1528 1436 1551 earum
1468 1527 1667 1552 suasorem
1698 1527 1739 1551 se

262 1581 411 1618 Shaud
444 1581 609 1618 dubium
641 1582 805 1627 ferebat,
844 1585 883 1618 et
914 1595 1035 1630 quum
1075 1586 1162 1618 octo
1196 1595 1243 1618 ex
1276 1582 1448 1630 collegio
1485 1582 1739 1620 tribunorum

300 1649 410 1698 plebi
442 1650 572 1698 primo
607 1649 888 1686 intercessores
921 1649 1053 1696 legum
1084 1649 1263 1694 fuissent,
1296 1651 1472 1699 quinque
1505 1650 1582 1687 soli
1613 1652 1738 1696 erant,

301 1720 350 1763 et,
381 1720 426 1753 ut
457 1717 578 1753 ferme
610 1716 749 1762 solent,
781 1717 850 1765 qui
883 1730 905 1753 a
936 1716 1017 1753 suis
1045 1716 1281 1763 desciscunt,
1313 1717 1420 1766 capti
1453 1721 1492 1754 et
1521 1720 1739 1766 stupenteS,

300 1784 445 1821 animis
476 1796 503 1824 ίι
533 1797 628 1821 voce
660 1784 815 1830 alienis,
847 1783 890 1821 id
921 1784 1050 1831 modo,
1088 1785 1195 1833 quod
1227 1784 1335 1822 domi
1366 1788 1609 1835 praeceptum
1639 1788 1738 1831 erat,

261 1851 582 1889 9intercessioni
624 1864 703 1889 suae
744 1851 1058 1901 praetendebant,
1090 1851 1262 1889 Velitris
1304 1853 1345 1888 in
1387 1853 1567 1890 exercitu
1606 1852 1736 1902 plebis

300 1932 484 1967 magnam
515 1923 668 1969 partem
701 1920 855 1965 abesse,
887 1920 929 1956 in
954 1920 1168 1957 adventum
1192 1920 1367 1957 militum
1392 1920 1556 1957 comitia
1581 1919 1736 1957 differri

301 1986 455 2032 debere,
486 1990 531 2023 ut
554 1987 740 2023 universa
764 1987 901 2037 plebes
926 1986 974 2023 de
998 1988 1080 2024 suis
1106 1987 1323 2024 commodis
1347 1987 1580 2036 suffragium
1602 1987 1736 2024 ferret.

235 2054 284 2091 10
302 2052 464 2090 Sextius
482 2053 746 2103 Liciniusque
778 2068 865 2092 cum
897 2058 1010 2104 parte
1043 2054 1283 2103 collegarum
1308 2059 1347 2092 et
1377 2068 1456 2092 uno
1481 2068 1529 2092 ex
1559 2054 1736 2092 tribunis

299 2121 473 2158 militum
505 2121 645 2167 Fabio,
677 2122 848 2159 artifices
882 2123 960 2159 iam
990 2126 1052 2160 tot
1083 2136 1277 2160 annorum
1308 2136 1382 2159 usu
1412 2121 1616 2160 tractandi
1648 2121 1734 2159 ani-

300 2202 383 2226 mos
413 2189 554 2238 plebis,
592 2189 788 2238 primores
819 2192 977 2239 patrum
1007 2191 1224 2239 productos
1255 2190 1543 2239 interrogando
1575 2190 1623 2226 de
1655 2188 1734 2226 sin-

236 2257 283 2293 11
303 2257 421 2306 gulis,
466 2269 552 2306 quae
599 2256 828 2294 ferebantur
860 2257 911 2294 ad
951 2259 1156 2308 populum,
1202 2258 1444 2306 fatigabant:
1490 2257 1734 2294 auderentne

300 2325 515 2374 postulare,
545 2328 601 2371 ut,
632 2337 751 2373 quum
783 2324 879 2362 bina
904 2325 1043 2374 iugera
1067 2326 1154 2374 agri
1178 2325 1288 2374 plebi
1314 2324 1602 2370 dividerentur,
1633 2323 1735 2372 ipsis

299 2393 388 2441 plus
414 2392 635 2441 quingenta
666 2392 804 2440 iugera
835 2392 981 2430 habere
1013 2394 1164 2439 liceret,
1194 2395 1237 2429 ut
1261 2392 1411 2440 singuli
1435 2404 1559 2440 prope
1581 2394 1733 2427 trecen·

299 2464 432 2496 torum
449 2459 597 2497 civium
620 2459 871 2508 possiderent
895 2473 1022 2508 agros,
1053 2460 1213 2510 plebeio
1238 2459 1393 2496 homini
1415 2459 1484 2496 vix
1509 2459 1561 2496 ad
1583 2461 1732 2494 tectum

233 2527 282 2562 12
301 2527 565 2564 necessarium
596 2530 664 2563 aut
694 2526 824 2563 locum
855 2527 1069 2575 sepulturae
1101 2541 1192 2564 suus
1223 2529 1377 2576 pateret
1407 2524 1530 2574 ager?
1567 2538 1618 2562 an
1647 2524 1732 2574 pla—

302 2598 418 2641 ceret,
448 2595 584 2631 fenore
603 2595 910 2631 circumventam
927 2593 1096 2642 plebem,
1125 2594 1260 2643 potius
1278 2607 1396 2642 quam
1412 2596 1518 2630 sorte
1535 2592 1732 2629 creditum
