1821 2928
298 169 374 206 146
730 163 844 198 Liber
869 162 941 197 III.
992 164 1050 199 «A.
1076 175 1110 197 u.
1136 174 1165 197 c.
1191 163 1284 206 295.)

293 291 361 329 sed
391 291 560 340 gloriam
591 290 717 341 spreti
747 290 909 328 honoris
941 294 1096 328 auctam
1129 289 1410 340 invidiamque,
1442 301 1530 339 quae
1555 301 1604 326 ex
1633 301 1723 326 con-

253 363 451 401 8tinuato
497 376 542 400 eo
583 362 838 412 impenderet,
885 363 1054 400 levatam
1093 364 1264 411 putem.“
1328 360 1600 399 Communiter
1630 360 1724 398 inde

294 434 468 484 edicunt,
494 448 542 472 ne
569 435 658 484 quis
674 434 720 472 L.
738 434 971 482 Quinctium
989 433 1189 471 consulem
1205 433 1371 479 faceret3
1397 433 1432 470 si
1450 431 1541 481 quis
1557 431 1726 479 fecisset,

161 504 215 552 22
299 520 338 544 se
371 507 413 543 id
443 506 676 554 suffragium
705 520 784 544 non
811 507 1100 544 observaturos.
1147 504 1340 543 Consules
1365 503 1489 542 creati
1510 503 1556 551 Q.
1572 503 1725 542 Fabius

295 578 526 615 Vibulanus
557 579 719 616 tertium
746 582 785 616 et
801 578 846 616 L.
867 578 1074 616 Cornelius
1092 576 1397 626 Maluginensis.
1447 575 1598 614 Census
1614 578 1725 613 actus

294 663 339 688 eo
357 663 478 696 anno;
508 651 676 686 lustrum
693 653 857 699 propter
875 649 1118 699 Capitolium
1136 652 1306 698 captum,
1333 648 1532 686 consulem
1550 647 1725 686 occisum

291 722 413 760 ‘condi
445 721 676 771 religiosum
708 722 796 758 fuit.

255 796 277 831 2
411 793 457 840 Q.
487 792 627 840 Fabio,
664 793 710 830 L.
743 793 927 831 Cornelio
966 793 1194 830 consulibus
1235 792 1435 842 principio
1467 791 1560 829 anni
1590 790 1726 828 statim

92 864 278 932 ἓῑῑὲζίἓέ-
296 878 358 903 res
388 865 637 902 turbulentae.
685 864 941 914 Instigabant
971 865 1128 915 plebem
1158 864 1333 909 tribuni;
1364 863 1514 901 bellum
1546 863 1726 911 ingensa

298 936 459 974 Volscis
492 940 531 973 et
547 937 691 986 AEquis
715 937 852 974 Latini
883 940 1004 986 atque
1022 936 1189 974 Hernici
1216 935 1474 973 nuntiabant:
1506 935 1584 973 iam
1607 933 1726 972 Antii

295 1008 532 1047 Volscorum
571 1009 748 1057 legiones
785 1021 880 1046 esse.
941 1008 994 1045 Et
1034 1008 1160 1057 ipsam
1200 1007 1396 1045 coloniam
1427 1007 1567 1057 ingens
1599 1009 1725 1044 metus

295 1085 379 1118 erat
408 1080 668 1125 defecturam
716 1092 899 1130 aegreque
932 1080 1189 1129 impetratum
1221 1094 1243 1117 a
1272 1079 1459 1126 tribunis,
1502 1081 1548 1116 ut
1577 1077 1724 1116 bellum

256 1153 481 1203 3praeverti
512 1153 698 1189 sinerent.
746 1151 939 1189 Consules
967 1152 1060 1189 inde
1075 1152 1219 1202 partiti
1235 1151 1482 1201 provincias:
1513 1149 1651 1195 Fabio,
1680 1151 1726 1186 ut

295 1225 470 1273 legiones
487 1224 655 1261 Antium
687 1223 860 1272 duceret,
893 1223 1040 1270 datum,
1073 1223 1276 1270 Cornelio,
1308 1226 1353 1260 ut
1375 1223 1514 1261 Romae
1538 1220 1724 1272 praesidio

294 1299 404 1341 esset,
450 1309 498 1333 ne
531 1309 608 1345 qua
639 1309 731 1345 pars
762 1295 947 1341 hostium,
988 1296 1059 1345 qui
1090 1296 1236 1345 AEquis
1267 1308 1350 1332 mos
1381 1298 1478 1340 erat,
1519 1293 1569 1332 ad
1600 1304 1724 1343 popu-

252 1369 276 1405 4
294 1367 457 1405 landum
473 1368 640 1406 veniret.
685 1367 854 1404 Hernici
878 1370 918 1404 et
934 1367 1072 1405 Latini
1096 1368 1192 1405 iussi
1216 1367 1363 1404 milites
1387 1367 1482 1404 dare
1499 1379 1547 1403 ex
1563 1365 1724 1411 foedere,

294 1439 461 1489 duaeque
491 1442 625 1488 partes
656 1439 852 1477 sociorum
882 1440 924 1476 in
950 1439 1140 1485 exercitu,
1172 1439 1292 1477 tertia
1311 1439 1457 1477 civium
1474 1437 1561 1475 fuit.
1607 1435 1723 1473 Post·

294 1524 411 1560 quam
438 1511 489 1548 ad
513 1510 617 1548 diem
645 1512 911 1561 praestitutum
929 1514 1124 1549 venerunt
1139 1511 1250 1560 socii,
1283 1511 1420 1548 consul
1437 1513 1551 1548 extra
1566 1510 1722 1558 portam

295 1582 495 1631 Capenam
526 1586 655 1620 castra
685 1583 801 1620 locat.
861 1583 974 1629 Inde,
1012 1583 1183 1621 lustrato
1214 1583 1400 1630 exercitu,
1431 1581 1602 1620 Antium
1631 1591 1722 1629 pro-

256 1654 278 1691 5
296 1654 421 1691 fectus
450 1653 557 1690 haud
587 1654 725 1703 procul
757 1654 905 1704 oppido
938 1655 1172 1704 stativisque
1203 1655 1376 1693 hostium
1404 1652 1595 1691 consedit.
1641 1649 1724 1688 Ubi

295 1739 415 1775 quum
463 1724 612 1771 Volsci,
659 1725 753 1775 quia
796 1725 968 1762 nondum
1015 1726 1065 1763 ab
1106 1726 1251 1775 AEquis
1295 1725 1468 1763 venisset
1513 1722 1724 1767 exercitus,

294 1797 486 1834 dimicare
517 1810 595 1834 non
627 1797 727 1846 ausi,
759 1797 1091 1847 quemadmodum
1124 1797 1249 1847 quieti
1277 1779 1386 1835 'vallo
1417 1809 1459 1833 se
1484 1795 1723 1839 tutarentur,

293 1872 493 1918 pararent,
530 1872 689 1918 postero
722 1869 784 1906 die
814 1869 966 1906 Fabius
997 1882 1074 1906 non
1106 1869 1346 1919 permixtam
1377 1881 1495 1905 unam
1525 1866 1722 1904 sociorum

295 1941 532 1990 civiumque,
572 1940 640 1977 sed
676 1941 798 1978 trium
837 1942 1073 1991 populorum
1110 1946 1191 1979 tres
1230 1940 1444 1990 separatim
1482 1939 1585 1976 acies
1617 1937 1724 1975 circa

254 2012 445 2050 6vallum
483 2011 654 2050 hostium
686 2012 894 2059 instruxit3
941 2013 1024 2062 ipse
1070 2016 1154 2050 erat
1194 2013 1347 2050 medius
1379 2025 1468 2049 cum
1497 2008 1723 2059 legionibus

292 2083 496 2121 Romanis
556 2084 658 2121 Inde
698 2085 857 2133 signum
890 2085 1095 2123 observari
1127 2085 1256 2130 iussit,
1297 2088 1342 2121 ut
1372 2082 1524 2133 pariter
1555 2083 1594 2119 et
1623 2078 1722 2117 socii

293 2168 376 2192 rem
422 2156 644 2205 inciperent
688 2156 960 2206 referrentque
1006 2156 1160 2206 pedem,
1207 2156 1241 2193 si
1285 2154 1465 2204 receptui
1503 2152 1722 2190 cecinisset.

254 2226 462 2275 7Equites
500 2227 594 2264 item
634 2241 713 2265 suae
752 2228 894 2277 cuique
932 2228 1040 2278 parti
1070 2231 1160 2278 post
1188 2226 1388 2278 principia
1419 2225 1599 2263 collocat.
1658 2223 1724 2260 Ita

291 2298 488 2335 trifariam
521 2298 685 2336 adortus
718 2303 847 2337 castra
878 2300 1140 2337 circumvenit
1169 2302 1219 2347 et,
1249 2312 1370 2348 quum
1400 2296 1576 2346 undique
1600 2295 1721 2332 insta·

293 2373 364 2416 ret,
395 2381 473 2406 non
504 2370 744 2407 sustinentes
776 2371 969 2421 impetum
996 2370 1164 2409 Volscos
1194 2371 1301 2408 vallo
1332 2369 1529 2407 deturbat.
1575 2365 1721 2403 Trans·

293 2454 451 2489 gressus
497 2440 589 2478 inde
634 2441 876 2479 munitiones
921 2442 1108 2492 pavidam
1148 2442 1306 2479 turbam
1337 2440 1648 2487 inclinatamque
1678 2436 1722 2474 in

251 2514 450 2562 Spartem
494 2525 610 2549 unam
657 2513 797 2550 castris
844 2514 1018 2563 expellit.
1080 2513 1180 2551 Inde
1212 2512 1332 2550 effuse
1362 2511 1559 2560 fugientes
1590 2520 1722 2557 eques,

293 2584 357 2622 cui
388 2597 574 2634 superare
604 2584 753 2621 vallum
785 2583 892 2620 haud
922 2584 1040 2621 facile
1070 2585 1210 2629 fuerat,
1245 2596 1366 2633 quum
1391 2581 1442 2619 ad
1464 2580 1507 2618 id
1522 2581 1721 2630 spectator

292 2668 437 2705 pugnae
469 2655 700 2702 adstitisset,
731 2655 858 2692 libero
891 2667 1029 2703 campo
1053 2654 1222 2703 adeptus
1247 2656 1360 2703 parte
1376 2638 1558 2690 victoriae
1574 2650 1721 2688 fruitur

253 2728 275 2765 9
293 2728 455 2764 territos
495 2727 692 2766 caedendo.
750 2726 900 2775 Magna
937 2729 976 2762 et
1013 2725 1052 2762 in
1093 2725 1231 2762 castris
1263 2727 1302 2761 et
1331 2727 1446 2761 extra
1475 2722 1721 2760 munimenta
