1821 2928
1419 193 1472 231 95

534 856 851 905 LIBER
899 857 1071 906 VIII.

88 1037 185 1113 Iam
217 1077 398 1114 consules
429 1079 543 1113 erant
574 1075 615 1113 C.
647 1074 836 1113 Plautius
867 1076 1024 1123 iterum,
1055 1077 1101 1114 L.
1132 1077 1324 1117 AEmilius
1355 1079 1526 1118 Mamer·
1546 1076 1737 1137 Ξξζῑὸὴῗζῇξζ

89 1144 218 1192 cinus,
264 1158 386 1194 quum
426 1143 558 1182 Setini
598 1144 862 1194 Norbanique
902 1145 1072 1183 Romam
1113 1148 1247 1185 nuntii
1290 1148 1527 1187 defectionis

86 1212 390 1251 Privernatium
447 1227 535 1251 cum
592 1213 856 1263 querimoniis
913 1219 1085 1265 acceptae
1141 1216 1266 1254 cladis
1321 1222 1526 1255 venerunt.

88 1281 328 1321 Volscorum
361 1283 456 1320 item
487 1282 719 1330 exercitum,
766 1283 865 1320 duce
896 1283 1060 1321 Antiati
1093 1285 1254 1334 populo,
1301 1287 1524 1324 consedisse
1544 1286 1566 1321 2

43 1357 46 1359 ’
87 1351 138 1389 ad
171 1350 372 1389 Satricum
415 1352 582 1390 allatum
622 1355 692 1389 est.
752 1351 978 1402 Utrumque
1020 1354 1170 1391 bellum
1212 1354 1378 1393 Plautio
1420 1359 1526 1393 sorte

87 1421 230 1458 evenit.
275 1420 398 1458 Prius
429 1421 479 1458 ad
496 1420 737 1458 Privernum
767 1421 970 1470 profectus
997 1423 1195 1472 extemplo
1222 1424 1307 1461 acie
1332 1425 1524 1462 conflixit.
1543 1423 1566 1460 3

86 1488 210 1526 Haud
264 1502 408 1538 magno
456 1489 673 1526 certamine
720 1489 869 1527 devicti
916 1490 1066 1537 hostes
1125 1492 1319 1542 oppidum
1365 1497 1523 1543 capt-um

85 1557 368 1606 redditumque
399 1557 722 1605 Privernatibus,
767 1559 958 1608 praesidio
1001 1560 1138 1598 valido
1179 1561 1390 1612 imposito3
1437 1562 1524 1611 agri

85 1628 229 1675 partes·
250 1625 338 1663 duae
369 1626 575 1676 ademptae.
634 1626 735 1664 Inde
765 1627 897 1664 victor
928 1629 1126 1666 exercitus
1151 1628 1354 1668 Satricum
1386 1634 1524 1668 contra
1543 1629 1567 1664 4

86 1694 276 1732 Antiates
307 1695 459 1732 ductus.
519 1695 585 1733 Ibi
627 1708 772 1745 magna
811 1696 1002 1747 utrinque
1035 1698 1140 1736 caede
1182 1702 1296 1736 atrox
1336 1699 1523 1748 proelium

85 1763 180 1810 fuit;
220 1767 259 1801 et
289 1777 410 1813 quum
440 1767 656 1814 tempestas
687 1778 752 1803 eos
783 1768 925 1802 neutro
958 1765 1154 1804 inclinata
1186 1780 1253 1817 spe
1286 1767 1524 1805 dimicantes

86 1832 324 1879 diremisset,
369 1832 556 1880 Romani,
601 1833 707 1870 nihil
739 1846 784 1871 eo
817 1834 1033 1872 certamine
1071 1839 1153 1873 tam
1192 1837 1381 1885 ambiguo
1419 1837 1524 1883 fessi,

87 1900 128 1938 in
169 1904 371 1950 posterum
410 1901 516 1939 diem
560 1902 747 1952 proelium
793 1907 948 1952 parant.
1008 1903 1170 1942 Volscis
1214 1902 1567 1952 recensentibus,5

85 1983 184 2020 quos
214 1969 323 2007 viros
355 1970 397 2007 in
423 1970 508 2008 acie
543 1971 779 2018 amisissent,
810 1971 1120 2021 haudquaquam
1154 1973 1259 2010 idem
1291 1974 1447 2011 animus
1473 1974 1523 2011 ad

87 2039 312 2076 iterandum
353 2039 578 2089 periculum
610 2039 706 2085 fuit3
747 2043 863 2077 nocte
904 2053 976 2089 pro
1008 2040 1128 2078 victis
1159 2041 1333 2079 Antium
1365 2043 1523 2092 agmine

84 2107 258 2158 trepido,
299 2109 447 2146 sauciis
485 2122 531 2146 ac
568 2111 681 2158 parte
723 2108 1100 2157 impedimentorum
1131 2110 1285 2157 relicta,
1325 2111 1522 2149 abierunt.

85 2175 304 2214 Armorum
335 2190 479 2226 magna
508 2177 570 2214 vis
602 2190 722 2226 quum
756 2176 860 2213 inter
892 2189 991 2214 caesa
1023 2177 1196 2215 hostium
1228 2192 1407 2229 corpora,
1437 2183 1520 2217 tum
1540 2180 1563 2215 6

87 2244 130 2282 in
161 2245 303 2282 castris
336 2245 499 2283 inventa
530 2249 598 2282 est.
659 2245 719 2282 Ea
750 2245 847 2282 Luae
885 2246 1003 2283 matri
1036 2245 1132 2284 dare
1163 2261 1204 2285 se
1236 2249 1373 2286 consul
1406 2248 1522 2295 dixit.

85 2311 261 2363 finesque
299 2313 473 2353 hostium
504 2327 628 2363 usque
660 2313 710 2351 ad
742 2327 850 2351 oram
883 2314 1125 2353 maritimam
1156 2320 1215 2353 est
1245 2317 1521 2366 depopulatus

199 2382 336 2419 Alteri
379 2381 534 2419 consuli
576 2382 745 2419 AEmilio
787 2382 966 2431 ingresso
1009 2381 1214 2422 Sabellum
1256 2398 1395 2433 agrum
1441 2385 1562 2422 nonT

87 2453 215 2488 castra
232 2449 487 2497 Samnitium,
510 2464 589 2487 non
612 2451 790 2499 legiones
813 2464 977 2500 usquam
996 2453 1207 2502 oppositae3
1224 2454 1329 2491 ferro
1356 2453 1520 2503 ignique

86 2522 307 2556 vastantem
339 2532 456 2568 agros
488 2519 608 2568 legati
644 2517 885 2556 Samnitium
917 2534 1052 2570 pacem
1085 2526 1243 2559 orantes
1275 2523 1434 2560 adeunt.
1480 2521 1517 2558 A
1538 2519 1563 2556 8

88 2599 165 2635 quo
210 2587 351 2624 reiecti
399 2587 450 2624 ad
495 2591 696 2634 senatum,
751 2591 948 2637 potestate
995 2590 1100 2627 facta
1146 2590 1329 2637 dicendi,
1374 2589 1519 2640 positis

86 2654 287 2692 ferocibus
342 2656 499 2703 animis,
553 2669 690 2706 pacem
746 2656 824 2694 sibi
881 2657 930 2695 ab
975 2657 1169 2695 Romanis
1225 2659 1402 2708 bellique
1458 2659 1520 2696 ius
