1821 2928
593 107 708 142 Liber
731 107 783 142 Il.
834 109 894 152 (A.
923 107 986 143 Ch.
1013 107 1106 151 508.)
1510 114 1561 151 75

122 240 306 278 incensus
339 238 398 275 ira
436 239 618 274 oratores
651 234 818 274 Romam
852 237 960 274 misit
991 236 1041 274 ad
1075 236 1257 275 Cloeliam
1289 237 1467 276 obsidem
1498 238 1564 276 de-

120 310 379 364 poscendam:
412 308 510 346 alias
542 307 648 345 haud
673 307 807 357 magni
833 308 980 353 facere;
1015 308 1159 346 deinde
1189 308 1227 346 in
1254 308 1563 348 admirationem
1582 312 1606 348 8

119 396 268 428 versus,
310 395 430 432 supra
462 380 633 418 Coclites
667 379 905 429 Muciosque
948 379 1080 418 dicere
1120 380 1161 418 id
1194 381 1349 418 facinus
1381 394 1479 431 esse,
1524 386 1562 421 et

120 468 204 506 prae
228 468 268 494 se
294 455 412 503 ferre,
442 451 787 503 quemadmodum,
820 452 852 489 si
879 464 958 489 non
986 451 1158 490 dedatur
1184 453 1311 502 obses,
1344 466 1417 503 pro
1444 458 1562 505 rupto

120 527 250 566 foedus
268 540 308 565 se
324 525 567 570 habiturum,
585 524 642 562 sic
664 523 842 561 deditam
858 525 1055 562 intactam
1074 525 1385 576 inviolatamque
1402 527 1454 565 ad
1471 540 1562 565 suos

120 599 393 637 remissurum.
427 597 628 647 Utrinque
646 596 829 634 constitit
846 595 960 634 fides:
980 596 1201 634 etRomani
1217 597 1366 647 pignus
1383 599 1496 648 pacis
1513 612 1562 636 ex
1582 600 1605 636 9

118 670 267 709 foedere
299 670 575 715 restituerunt,
607 672 645 706 et
670 669 776 718 apud
803 681 935 718 regem
962 668 1176 706 Etruscum
1204 682 1283 706 non
1308 673 1394 708 tuta
1422 672 1560 718 solum,

118 742 189 781 sed
221 742 418 780 honorata
449 741 568 779 etiam
608 741 738 779 virtus
770 740 859 786 fuit,
902 740 1187 790 laudatamque
1219 742 1416 790 virginem
1449 746 1561 792 parte

121 814 308 854 obsidum
333 827 374 851 se
397 813 545 851 donare
573 813 694 859 dixit3
724 813 827 863 ipsa,
850 826 949 863 quos
973 813 1105 862 vellet.
1136 814 1298 863 legeret.
1346 814 1562 853 Productis
1585 816 1635 853 lO

122 886 318 936 omnibus,
350 886 516 935 elegisse
540 885 724 936 impubes
752 884 918 932 dicitur3
946 885 1053 935 quod
1070 888 1109 923 et
1126 885 1354 935 virginitati
1372 886 1561 925 decorum

118 962 156 997 et
188 971 381 997 consensu
412 957 596 996 obsidum
628 958 805 1008 ipsorum
830 957 1040 1008 probabile
1066 961 1162 1004 erat,
1193 971 1280 996 eam
1305 961 1462 996 aetatem
1487 972 1562 1009 po-

119 1031 318 1069 tissimum
359 1030 523 1068 liberari
562 1030 611 1067 ab
654 1031 779 1076 hoste,
822 1043 911 1079 quae
942 1029 1114 1067 maxime
1146 1033 1372 1080 opportuna
1405 1031 1561 1068 iniuriae

119 1106 235 1143 esset.
283 1102 390 1141 Pace
422 1102 710 1151 redintegrata,
740 1101 914 1140 Romani
945 1115 1086 1140 novam
1119 1102 1160 1139 in
1192 1102 1342 1140 femina
1372 1103 1562 1141 virtutem
1583 1104 1628 1141 11

118 1188 221 1213 novo
262 1187 408 1225 genere
446 1174 621 1221 honoris,
667 1178 799 1213 statua
831 1174 1020 1225 equestri,
1070 1173 1292 1220 donavere;
1338 1175 1379 1212 in
1410 1188 1559 1214 summa

119 1245 242 1285 Sacra
272 1247 338 1285 via
368 1247 445 1284 fuit
476 1247 607 1297 posita
637 1247 753 1296 virgo
786 1246 962 1284 insidens
994 1258 1109 1295 equo.

232 1318 339 1356 Huic
363 1322 443 1357 tam
472 1322 624 1369 pacatae
651 1319 890 1368 profectioni
915 1317 965 1356 ab
993 1317 1092 1355 urbe
1112 1318 1220 1366 regis
1238 1317 1400 1356 Etrusci
1419 1319 1562 1356 abhor-
1645 1316 1697 1364 14

117 1403 209 1428 rens
255 1403 338 1428 mos
384 1390 561 1428 traditus
607 1390 657 1428 ab
703 1390 880 1440 antiquis
926 1403 1051 1439 usque
1097 1389 1145 1427 ad
1186 1393 1362 1428 nostram
1402 1393 1558 1428 aetatem

125 1462 229 1500 inter
260 1465 391 1500 cetera
422 1462 630 1500 sollemnia
661 1466 804 1508 manet,
836 1463 939 1500 bona
963 1462 1174 1500 Porsinnae
1205 1462 1315 1512 regis
1346 1461 1559 1500 vendendi.

121 1532 244 1571 Cuius
276 1534 471 1582 originem
502 1534 623 1572 moris
649 1547 806 1571 necesse
830 1537 889 1571 est
914 1537 981 1571 aut
1007 1534 1112 1571 inter
1139 1534 1287 1571 bellum
1316 1537 1449 1571 natam
1477 1547 1560 1572 esse
1579 1537 1602 1573 2

119 1617 249 1655 neque
277 1606 460 1644 omissam
488 1606 528 1643 in
553 1619 662 1656 pace,
690 1610 759 1644 aut
784 1619 807 1643 a
823 1606 983 1644 mitiore
1001 1606 1171 1644 crevisse
1197 1606 1412 1657 principio,
1442 1620 1560 1657 quam

118 1675 182 1715 hic
213 1690 295 1728 prae
327 1691 366 1716 se
397 1678 499 1716 ferat
529 1678 672 1715 titulus
703 1678 806 1716 bona
837 1678 1041 1716 hostiliter
1066 1677 1277 1717 vendendi.
1325 1678 1559 1716 Proximum
1579 1680 1601 1717 3

117 1762 212 1787 vero
251 1753 309 1788 est
349 1763 397 1787 ex
441 1750 504 1795 iis,
546 1763 634 1801 quae
665 1751 894 1800 traduntur,
935 1750 1175 1789 Porsinnam
1206 1750 1476 1789 discedentem
1509 1751 1558 1789 ab

117 1820 302 1860 Ianiculo
334 1826 462 1860 castra
492 1823 693 1872 opulenta,
725 1827 915 1862 convecto
946 1837 993 1861 ex
1019 1823 1261 1874 propinquis
1289 1836 1333 1860 ac
1357 1823 1560 1861 fertilibus

118 1892 291 1931 Etruriae
331 1894 438 1931 arvis
479 1899 713 1944 commeatu,
753 1895 948 1933 Romanis
987 1895 1090 1933 dono
1123 1895 1294 1942 dedisse,
1331 1895 1444 1945 inopi
1474 1898 1559 1932 tum

118 1964 216 2002 urbe
248 1965 297 2003 ab
329 1965 551 2015 longinqua
582 1966 811 2014 obsidione;
846 1981 892 2005 ea
923 1967 1083 2016 deinde,
1116 1981 1164 2005 ne
1198 1967 1352 2018 populo
1384 1967 1602 2005 immisso4

119 2036 393 2087 diriperentur
424 2037 633 2088 hostiliter,
675 2040 841 2086 venisse,
880 2040 1064 2090 bonaque
1097 2039 1308 2078 Porsinnae
1340 2040 1557 2090 appellata,

117 2109 289 2158 gratiam
314 2110 490 2147 muneris
519 2111 646 2160 magis
670 2111 923 2161 significante
946 2112 1068 2150 titulo
1096 2125 1214 2161 quam
1239 2112 1463 2150 auctionem
1481 2112 1558 2149 for-

117 2183 224 2218 tunae
250 2180 385 2230 regiae,
414 2194 501 2231 quae
525 2195 573 2220 ne
602 2183 641 2220 in
669 2186 868 2233 potestate
893 2183 1054 2234 quidem
1082 2184 1223 2234 populi
1241 2184 1413 2222 Romani
1442 2186 1556 2222 esset.

231 2251 388 2291 Omisso
419 2253 600 2292 Romano
641 2254 747 2292 bello
778 2254 989 2303 Porsinna,
1027 2269 1075 2293 ne
1114 2256 1265 2294 frustra
1305 2256 1346 2293 in
1388 2269 1433 2294 ea
1473 2253 1600 2293 loca5

117 2325 316 2363 exercitus
347 2324 543 2364 adductus
574 2325 790 2373 videretur,
821 2341 909 2365 cum
941 2331 1054 2378 parte
1087 2328 1295 2378 copiarum
1327 2327 1452 2365 filium
1478 2326 1556 2364 Ar-

116 2401 274 2434 runtem
292 2396 475 2435 Ariciam
503 2402 778 2448 oppugnatum
804 2400 939 2437 mitt-it.
989 2399 1127 2437 Primo
1146 2400 1337 2437 Aricinos
1376 2411 1438 2436 res
1472 2411 1560 2435 nec·
1579 2399 1602 2434 6

116 2468 281 2518 opinata
311 2469 555 2519 perculerat;
589 2471 778 2509 arcessita
810 2471 955 2510 deinde
989 2472 1142 2510 auxilia
1175 2475 1215 2510 et
1246 2484 1268 2508 a
1299 2470 1457 2508 Latinis
1489 2482 1557 2518 po-

116 2540 225 2590 pulis
257 2544 295 2579 et
326 2554 349 2578 a
367 2539 503 2578 Cumis
535 2545 692 2579 tantum
723 2543 809 2593 spei
839 2544 982 2592 fecere,
1014 2546 1059 2580 ut
1087 2542 1172 2581 acie
1198 2542 1413 2580 decernere
1439 2540 1556 2578 aude-

117 2615 219 2651 rent.
267 2612 419 2650 Proelio
437 2612 550 2659 inito,
577 2613 676 2652 adeo
695 2615 895 2653 concitato
913 2616 1063 2664 impetu
1082 2628 1121 2652 se
1140 2614 1361 2651 intulerant
1380 2611 1555 2662 Etrusci,

117 2685 161 2719 ut
198 2683 410 2722 funderent
448 2684 535 2734 ipso
578 2685 742 2723 incursu
773 2686 982 2732 Aricinos3
1022 2685 1208 2724 Cumanae
1249 2685 1431 2723 cohortes
1470 2685 1596 2722 arte?
