1821 2928
540 106 656 142 Liber
678 105 754 140 ΠΙ.
803 107 865 151 (A.
892 105 958 141 Ch.
983 108 1077 152 449.)
1453 117 1530 155 165

84 238 335 277 tutabantur.
397 235 530 274 Maius
560 234 759 284 flagitium
792 235 835 272 in
866 235 1034 286 Algido,
1082 237 1208 275 maior
1248 239 1366 277 etiam
1400 241 1573 281 clades5

86 313 269 362 accepta;
317 312 448 348 castra
493 320 652 358 quoque
699 306 844 345 amissa
890 313 1025 355 erant,
1078 313 1301 361 exutusque
1347 313 1532 353 omnibus

85 382 328 421 utensilibus
359 380 473 418 miles
503 379 723 417 Tusculum
764 393 816 427 se,
856 379 934 417 fide
966 381 1321 433 misericordiaque
1352 385 1533 424 victurus

84 454 299 505 hospitum,
330 466 418 503 quae
445 456 579 490 tamen
595 465 675 490 non
696 452 936 499 fefellerunt,
964 454 1200 492 contulerat.
1245 455 1415 495 Romam
1432 460 1534 497 tanti
1551 460 1574 496 6

85 531 201 566 erant
229 530 404 564 terrores
437 525 566 571 allati,
598 527 654 572 ut,
685 524 818 574 posito
851 525 930 563 iam
963 525 1222 564 decemvirali
1254 528 1361 575 odio,
1399 533 1534 580 patres

84 599 249 650 vigilias
281 599 323 636 in
354 597 454 636 urbe
484 596 689 635 habendas
722 601 941 645 censerent,
982 611 1128 646 omnes,
1172 600 1241 650 qui
1273 613 1345 649 per
1376 605 1533 640 aetatem

86 685 200 710 arma
230 671 335 709 ferre
366 674 542 721 possent,
586 669 790 708 custodire
822 670 968 707 moenia
999 684 1044 708 ac
1077 684 1150 721 pro
1182 673 1311 721 portis
1343 675 1533 712 stationes

82 756 203 793 agere
233 742 432 791 iuberent,
466 756 576 781 arma
592 742 812 780 Tusculum
843 756 887 780 ac
912 743 1235 794 supplementum
1253 744 1527 797 decernerent,
1548 748 1569 784 7

83 815 409 865 decemvirosque
451 815 499 853 ab
541 828 630 852 arce
662 815 829 852 Tusculi
872 815 1081 865 degressos
1114 816 1156 853 in
1187 817 1332 855 castris
1365 819 1530 856 militem

80 888 241 937 habere,
280 892 412 926 castra
453 887 535 925 alia
575 901 598 925 a
629 886 799 925 Fidenis
831 887 874 924 in
907 886 1101 926 Sabinum
1134 902 1275 938 agrum
1305 891 1529 940 transferri,

80 961 270 1010 belloque
315 959 423 997 ultro
471 959 679 998 inferendo
726 960 922 997 deterreri
968 961 1104 999 hostes
1146 975 1168 999 a
1210 962 1377 1000 consilio
1417 962 1530 1001 urbis

81 1031 376 1084 oppugnandae.

193 1105 262 1143 Ad
309 1105 440 1143 clades
487 1105 534 1142 ab
580 1105 763 1143 hostibus
802 1108 986 1156 acceptas
1029 1106 1107 1144 duo
1141 1106 1313 1144 nefanda
1344 1107 1524 1145 facinora
1598 1105 1656 1154 43

81 1178 298 1216 decemviri
345 1177 442 1215 belli
487 1177 676 1227 domique
718 1177 929 1217 adiiciunt.
992 1177 1037 1216 L.
1071 1177 1245 1216 Siccium
1278 1179 1318 1215 in
1351 1177 1566 1226 Sabinis‚2

79 1263 151 1302 per
178 1249 372 1289 invidiam
399 1249 705 1288 decemviralem
721 1249 979 1287 tribunorum
997 1250 1261 1288 creandorum
1279 1252 1529 1289 secessionis-

80 1336 156 1373 que
183 1323 405 1361 mentiones
430 1322 480 1360 ad
503 1322 647 1371 vulgus
676 1322 849 1360 militum
867 1323 1115 1360 sermonibus
1134 1323 1298 1360 occultis
1317 1327 1526 1370 serentem,

78 1395 403 1446 prospeculatum
449 1395 499 1432 ad
544 1394 676 1431 locum
708 1395 851 1432 castris
885 1394 1123 1445 capiendum
1154 1395 1330 1433 mittunt.
1389 1395 1568 1435 Datur3

81 1468 288 1518 negotium
314 1466 525 1516 militibus,
567 1479 667 1517 quos
707 1466 901 1504 miserant
933 1467 1203 1517 expeditionis
1235 1467 1320 1505 eius
1353 1469 1531 1516 comites,

80 1544 125 1578 ut
170 1553 258 1578 eum
300 1529 526 1589 opportuno
568 1538 702 1577 adorti
734 1539 823 1576 loco
856 1539 1138 1577 interficerent.
1197 1539 1323 1577 Haud
1355 1540 1568 1578 inultum4

82 1612 337 1657 interfecere;
370 1625 461 1648 nam
493 1611 601 1649 circa
632 1614 921 1661 repugnantem
952 1612 1109 1662 aliquot
1144 1612 1401 1650 insidiatores
1431 1614 1528 1651 ceci·

81 1685 187 1732 dere,
232 1697 353 1734 quum
386 1683 470 1734 ipse
501 1696 542 1720 se
574 1683 833 1733 praevalidus,
872 1684 963 1734 pari
993 1684 1148 1722 viribus
1180 1685 1325 1733 animo,
1359 1685 1526 1723 circum-

79 1760 222 1796 ventus
251 1760 463 1795 tutaretur.
518 1755 718 1794 Nuntiant
750 1756 791 1793 in
822 1760 953 1794 castra
985 1757 1119 1806 ceteri,
1152 1757 1451 1807 praecipitatum
1482 1759 1524 1795 in
1543 1757 1566 1795 5

80 1829 248 1867 insidias
279 1842 381 1875 esse;
413 1827 589 1866 Siccium
622 1829 781 1878 egregie
813 1833 1058 1879 pugnantem
1082 1829 1311 1879 militesque
1336 1829 1529 1880 quosdam

81 1914 169 1939 cum
215 1914 261 1939 eo
308 1901 488 1940 amissos.
557 1900 696 1938 Primo
741 1901 840 1939 fides
885 1901 1165 1940 nuntiantibus
1205 1902 1300 1949 fuit3
1347 1903 1569 1953 profect-ati

82 1973 228 2012 deinde
269 1974 411 2012 cohors
442 1973 493 2011 ad
525 1973 794 2024 sepeliendos,
840 1974 910 2024 qui
941 1974 1181 2021 ceciderant,
1214 1974 1529 2013 decemvirorum

82 2046 291 2096 permissu,
323 2049 538 2096 postquam
570 2045 726 2083 nullum
757 2046 972 2096 spoliatum
1005 2047 1063 2084 ibi
1095 2060 1241 2097 corpus
1273 2045 1529 2097 Sicciumque

81 2119 122 2156 in
167 2119 300 2157 medio
347 2119 542 2156 iacentem
592 2122 800 2167 armatum,
850 2119 1034 2156 omnibus
1076 2119 1117 2157 in
1157 2133 1245 2157 eum
1287 2119 1414 2157 versis
1448 2133 1530 2157 cor—

83 2191 263 2241 poribus,
309 2190 460 2238 videre,
506 2190 681 2228 hostium
727 2204 856 2241 neque
905 2204 1049 2241 corpus
1086 2191 1215 2229 ullum
1257 2204 1328 2229 nec
1360 2192 1532 2241 vestigia

84 2263 328 2309 abeuntium,
358 2263 540 2314 profecto
572 2262 621 2300 ab
653 2263 736 2302 suis
768 2263 1022 2301 interfectum
1050 2267 1314 2302 memorantes
1338 2264 1531 2301 rettulere

83 2347 240 2386 corpus.
294 2335 545 2386 Invidiaeque
577 2335 696 2386 plena
728 2339 858 2374 castra
889 2338 1014 2385 erant,
1048 2339 1087 2374 et
1109 2335 1278 2374 Romam
1310 2336 1406 2373 ferri
1438 2349 1526 2385 pro·
1549 2336 1571 2372 7

82 2407 191 2445 tinus
223 2406 396 2445 Siccium
429 2407 627 2458 placebat,
658 2408 701 2445 ni
732 2407 951 2446 decemviri
974 2408 1094 2446 funus
1120 2408 1296 2446 militare
1315 2408 1352 2446 ei
1367 2408 1530 2457 publica

83 2479 262 2529 impensa
278 2479 410 2518 facere
426 2482 710 2519 maturassent.
752 2478 944 2531 Sepultus
963 2480 1120 2531 ingenti
1137 2480 1310 2518 militum
1328 2479 1530 2525 maestitia,

82 2550 258 2600 pessima
291 2551 612 2590 decemvirorum
644 2552 685 2590 in
715 2552 861 2602 vulgus
891 2552 998 2590 fama
1028 2555 1100 2591 est.

197 2621 392 2673 Sequitur
431 2624 545 2662 aliud
577 2624 619 2662 in
648 2623 748 2662 urbe
777 2624 900 2670 nefas,
947 2625 997 2663 ab
1030 2624 1199 2662 libidine
1232 2626 1376 2670 ortum,
1419 2622 1527 2661 haud
1601 2619 1663 2669 44

84 2693 216 2732 minus
246 2694 351 2734 foedo
384 2699 543 2746 eventu,
580 2709 700 2746 quam
731 2696 840 2746 quod
869 2709 943 2746 per
973 2699 1157 2746 stuprum
1190 2694 1420 2744 caedemque
1450 2694 1530 2733 Lu-
