1821 2928
579 241 671 267 Liber
685 240 723 265 x.
761 239 809 269 (A.
829 239 882 266 ch.
901 239 1058 269 noo-299.)
1412 230 1493 268 207

104 357 228 395 fuisse
258 356 395 394 Macer
425 355 610 393 Licinius
641 369 685 394 ac
717 355 877 394 Tubero
913 355 1081 393 tradunt
1111 354 1322 392 differendi
1352 354 1431 392 sibi
1462 367 1551 393 con-

105 424 258 463 sulatus
289 425 332 462 in
362 424 653 462 bellicosiorem
685 437 851 470 annum;
892 437 937 462 eo
979 437 1083 461 anno
1124 423 1268 460 maiori
1298 437 1339 461 se
1369 423 1460 462 usui
1490 424 1549 461 rei
1570 423 1616 460 11

103 493 276 544 publicae
307 493 393 530 fore
423 493 578 530 urbano
609 496 721 542 gesto
753 492 1012 541 magistratu3
1044 492 1101 529 ita
1125 505 1197 529 nec
1222 491 1550 539 dissimulantem,

104 562 203 612 quid
235 561 391 608 mallet,
436 574 509 597 nec
550 564 752 611 petentem
783 564 937 608 tamen,
978 561 1134 598 aedilem
1176 561 1353 601 curulem
1385 573 1474 597 cum
1505 559 1550 598 L.

103 630 275 681 Papirio
307 629 479 667 Cursore
510 629 672 670 factum.
717 629 768 667 Id
799 642 848 667 ne
878 641 952 679 pro
985 632 1091 667 certo
1124 642 1325 678 ponerem,
1354 629 1550 667 vetustior
1570 629 1620 666 12

103 699 309 737 annalium
335 701 474 736 auctor
507 697 603 736 Piso
637 698 778 746 effecit,
811 698 880 748 qui
913 711 957 735 eo
981 711 1084 736 anno
1102 697 1240 735 aediles
1257 697 1414 735 curules
1429 697 1552 736 fuisse

101 766 230 806 tradit
261 765 304 804 C.
337 765 566 804 Domitium
600 766 671 805 Cn.
701 767 830 805 filium
854 766 1068 805 Calvinum
1100 770 1139 804 et
1161 765 1228 816 Sp.
1254 765 1477 804 Carvilium
1503 765 1551 814 Q.

101 835 230 874 filium
269 835 502 874 Maximum.
569 835 621 873 Id
658 836 779 874 credo
820 848 1040 884 cognomen
1077 848 1252 872 errorem
1289 834 1331 872 in
1363 835 1550 872 aedilibus
1571 835 1621 872 13

101 904 254 952 fecisse,
282 907 539 952 secutamque
562 904 740 942 fabulam
771 905 937 942 mixtam
963 917 1010 942 ex
1041 903 1228 940 aediliciis
1260 907 1300 941 et
1331 903 1551 941 consulari-

101 972 176 1011 bus
208 973 398 1020 comitiis,
430 973 731 1010 convenientem
762 973 900 1010 errori.
945 973 1000 1010 Et
1022 972 1192 1010 lustrum
1216 985 1260 1009 eo
1285 985 1389 1009 anno
1413 971 1549 1009 condi·
1570 971 1622 1009 14

98 1044 187 1078 tum
218 1055 241 1079 a
271 1040 318 1079 P.
349 1039 588 1091 Sempronio
620 1040 756 1092 Sopho
797 1045 837 1079 et
876 1040 923 1078 P.
962 1040 1145 1091 Sulpicio
1190 1039 1432 1078 Saverrione
1463 1053 1551 1078 cen-

102 1109 270 1157 soribus,
301 1110 514 1160 tribusque
545 1111 696 1149 additae
729 1110 828 1158 duae,
861 1110 1058 1148 Aniensis
1090 1123 1136 1147 ac
1165 1109 1394 1147 Terentina.

215 1178 316 1216 Haec
360 1179 500 1216 Romae
545 1182 669 1229 gesta.
744 1179 931 1217 Ceterum
984 1178 1036 1216 ad
1080 1178 1311 1228 Nequinum
1357 1178 1550 1228 oppidum
1631 1172 1687 1220 10

102 1259 224 1297 quum
268 1248 382 1297 segni
413 1248 623 1287 obsidione
659 1252 817 1299 tempus
855 1251 1070 1295 tereretur,
1117 1247 1196 1285 duo
1238 1261 1285 1284 ex
1323 1246 1550 1297 oppidanis,

6 1322 9 1323 ’
49 1359 53 1363 ,
102 1329 273 1365 quorum
304 1321 420 1354 erant
451 1317 623 1356 aedificia
654 1318 792 1355 iuncta
823 1331 948 1364 muro,
981 1330 1101 1366 specu
1132 1316 1251 1363 facto,
1282 1316 1334 1354 ad
1361 1316 1553 1353 stationes

98 1384 303 1423 ROmanas
327 1386 472 1424 itinere
498 1387 653 1425 occulto
677 1386 933 1437 perveniunt,
964 1385 1058 1423 inde
1081 1384 1133 1422 ad.
1158 1385 1362 1422 consulem
1385 1384 1549 1422 deducti
1568 1383 1591 1420 2

99 1453 335 1503 praesidium
381 1458 577 1492 armatum
622 1469 662 1492 se
702 1456 809 1492 intra
847 1454 993 1492 moenia
1032 1453 1087 1504 [et
1124 1453 1272 1503 muros]
1314 1457 1550 1502 accepturos

102 1522 350 1560 confirmant.
395 1522 479 1560 Nec
511 1524 763 1573 aspernanda
793 1537 856 1561 res
887 1523 972 1561 visa
1002 1535 1132 1571 neque
1156 1521 1316 1559 incaute
1339 1521 1549 1559 credenda.
1568 1520 1591 1556 3

103 1589 203 1628 Cum
234 1591 362 1629 altero
393 1605 528 1629 eorum
553 1593 662 1640 (nam
688 1592 791 1630 alter
814 1592 928 1630 obses
951 1592 1148 1639 retentus)
1173 1590 1251 1628 duo
1277 1590 1549 1640 exploratores

102 1672 174 1709 per
212 1659 441 1697 cuniculum
485 1661 617 1707 missi3
664 1674 734 1711 per
775 1674 875 1711 quos
906 1660 1004 1698 satis
1036 1662 1240 1709 comperta
1269 1673 1331 1706 re,
1374 1656 1591 1696 trecenti4

102 1729 247 1766 armati
276 1729 487 1778 transfuga
518 1729 619 1767 duce
649 1729 692 1766 in
723 1730 861 1767 urbem
894 1728 1064 1778 ingressi
1095 1732 1212 1765 nocte
1243 1731 1420 1777 portam,
1461 1741 1550 1777 quae

101 1797 284 1847 proxima
316 1801 413 1845 erat,
446 1811 594 1848 cepere.
656 1798 746 1845 Qua
775 1798 949 1836 refracta
989 1797 1129 1835 consul
1160 1796 1437 1845 exercitusque
1468 1795 1549 1834 Ro-

101 1878 242 1903 manus
274 1865 360 1902 sine
392 1866 607 1904 certamine
638 1867 777 1904 urbem
808 1867 1002 1905 invasere.
1063 1865 1129 1902 Ita
1152 1865 1384 1914 Nequinum
1417 1865 1457 1901 in
1489 1865 1547 1902 di·
1567 1861 1590 1898 5

102 1933 255 1970 cionem
286 1934 426 1982 populi
456 1934 630 1972 Romani
668 1935 790 1972 venit.
857 1934 1026 1972 Colonia
1063 1947 1108 1971 eo
1145 1932 1337 1970 adversus
1375 1932 1550 1971 Umbros

101 2001 241 2048 missa,
285 2014 307 2039 a
352 2002 514 2039 flumine
558 2002 715 2040 Narnia
759 2003 983 2053 appellatam
1029 2001 1225 2039 exercitus
1272 2014 1359 2038 cum
1405 2015 1549 2051 magna

101 2069 240 2119 praeda
269 2069 439 2108 Romam
469 2070 670 2108 reductus.

215 2138 369 2176 Eodem
400 2153 504 2177 anno
536 2140 585 2176 ab
616 2138 799 2177 Etruscis
830 2138 1020 2176 adversus
1051 2137 1230 2176 indutias
1256 2141 1442 2188 paratum
1466 2138 1547 2176 bel·
1567 2137 1589 2173 6

102 2205 201 2253 lum;
233 2207 302 2244 sed
334 2221 401 2245 eos
431 2208 530 2245 talia
561 2209 769 2245 molientes
801 2205 1011 2245 Gallorum
1051 2207 1193 2256 ingens
1224 2207 1420 2244 exercitus
1451 2206 1549 2244 fines

102 2274 304 2323 ingressus
335 2277 538 2327 paulisper
569 2290 592 2314 a
621 2276 828 2327 proposito
860 2276 1018 2313 avertit.
1067 2275 1248 2314 Pecunia
1279 2275 1436 2322 deinde,
1468 2288 1545 2325 qua
1567 2273 1588 2308 7

102 2343 272 2380 multum
302 2348 508 2394 poterant,
555 2345 649 2383 freti
687 2345 816 2382 socios
856 2358 903 2382 ex
942 2344 1123 2382 hostibus
1154 2345 1284 2383 facere
1317 2343 1455 2381 Gallos
1486 2356 1548 2381 co-

100 2416 260 2458 nantur,
290 2416 336 2450 ut
366 2426 411 2450 eo
443 2413 634 2452 adiuncto
667 2413 844 2450 exercitu
875 2426 962 2451 cum
992 2413 1187 2451 Romanis
1219 2412 1428 2450 bellarent.
1481 2409 1589 2450 De8

101 2481 294 2518 societate
339 2481 446 2519 haud
492 2483 673 2520 abnuunt
717 2481 900 2528 barbari3
946 2481 995 2519 (le
1033 2481 1213 2520 mercede
1251 2481 1398 2529 agitur.
1458 2481 1548 2528 Qua

102 2553 220 2599 pacta
265 2553 525 2599 acceptaque,
572 2563 694 2600 quum
747 2553 889 2600 parata
941 2553 1073 2588 cetera
1117 2550 1169 2588 ad
1221 2549 1372 2588 bellum
1417 2553 1548 2587 essent

102 2617 295 2668 sequique
332 2618 526 2656 Etruscus
567 2618 742 2665 iuberet,
788 2618 937 2657 infitias
970 2623 1081 2666 eunt,
1127 2617 1346 2656 mercedem
1379 2631 1419 2655 se
1450 2617 1547 2655 belli

101 2685 295 2724 Romanis
326 2686 523 2725 inferendi
556 2690 713 2736 pactos:
745 2687 941 2737 quicquid
973 2687 1213 2738 acceperint,
1252 2687 1465 2736 accepisse,
1495 2700 1544 2724 ne
1563 2684 1586 2720 9
