1821 2928
279 142 329 179 78
671 142 785 178 Liber
810 141 861 176 II.
910 143 971 186 (A.
997 154 1033 176 u.
1059 153 1089 177 c.
1114 143 1320 187 252-255.)

234 265 256 303 3
275 268 555 308 cucurrissent.
583 269 689 307 caede
714 269 979 320 incendioque
996 274 1138 308 cuncta
1156 269 1364 319 complent.
1411 268 1552 308 Vincis
1569 269 1704 307 incen-

276 340 341 384 sis,
367 340 503 378 multis
528 341 697 379 hostium
722 341 944 380 vulneratis
972 346 1009 380 et
1027 341 1181 390 occisis,
1210 341 1414 378 consulum
1431 353 1589 390 quoque
1606 341 1704 379 alte-

274 423 360 448 rum
388 412 472 460 (sed
497 425 640 450 nomen
667 417 848 451 auctores
873 427 951 452 non
976 412 1192 463 adiiciunt)
1217 412 1331 461 gravi
1354 412 1520 450 vulnere
1536 425 1583 450 ex
1601 425 1703 463 equo

231 484 254 517 4
272 481 467 521 deiectum
494 497 619 534 prope
645 485 943 524 interfecerunt.
989 485 1158 523 Romam
1185 483 1277 521 inde
1301 483 1403 522 male
1429 487 1542 533 gesta
1557 498 1599 522 re
1615 487 1704 524 red-

274 554 392 599 itum;
441 555 546 593 inter
586 557 729 594 multos
768 558 923 595 saucios
961 557 1097 594 consul
1136 569 1205 606 spe
1237 556 1389 593 incerta
1419 556 1512 594 vitae
1542 557 1702 596 relatus.

273 624 493 664 Interiecto
525 628 669 666 deinde
699 628 806 666 haud
833 642 975 678 magno
1001 628 1142 678 spatio,
1176 627 1282 677 quod
1305 627 1537 665 vulneribus
1564 641 1703 667 curan-

273 695 332 733 dis
365 698 667 750 supplendoque
699 701 894 738 exercitui
926 700 1023 738 satis
1049 703 1160 747 esset,
1192 712 1312 749 quum
1338 699 1398 737 ira
1422 699 1584 750 maiore,
1616 704 1701 738 tum

233 766 425 806 5viribus
457 771 577 809 etiam
608 772 735 810 auctis
766 772 959 809 Pometiae
991 785 1099 809 arma
1130 771 1255 809 illata.
1314 770 1369 808 Et
1399 783 1532 821 quum,
1575 772 1703 810 vineis

275 842 435 879 refectis
467 843 625 893 aliaque
657 844 758 881 mole
790 844 898 889 belli,
931 844 1008 881 iam
1039 844 1080 880 in
1101 857 1145 882 eo
1170 846 1285 892 esset,
1317 843 1427 880 utin
1450 856 1583 881 muros
1613 856 1704 896 eva-

230 913 253 949 6
272 911 384 950 deret
413 914 540 964 miles,
583 915 735 953 deditio
775 919 833 953 est
864 915 980 954 facta.
1042 914 1227 953 Ceterum
1268 914 1395 952 nihilo
1426 914 1555 953 minus
1585 915 1702 963 foeda,

274 983 409 1022 dedita
447 987 557 1033 urbe,
596 1001 714 1037 quam
753 987 787 1025 si
818 991 934 1037 capta
964 987 1078 1034 foret,
1117 986 1302 1025 Aurunci
1332 986 1460 1036 passi;
1499 988 1702 1038 principes

273 1057 403 1094 securi
428 1060 626 1107 percussi3
658 1059 731 1096 sub
757 1072 904 1096 corona
927 1059 1137 1096 venierunt
1163 1059 1293 1096 coloni
1310 1057 1400 1104 alii;
1431 1058 1621 1108 oppidum
1640 1059 1701 1097 di·

234 1128 419 1174 7rutum,
459 1142 554 1178 ager
594 1131 730 1168 veniit.
793 1130 983 1168 Consules
1022 1131 1148 1179 magis
1187 1130 1238 1168 ob
1276 1130 1357 1168 iras
1387 1130 1565 1180 graviter
1594 1131 1701 1169 ultas

273 1212 391 1249 quam
424 1201 473 1237 ob
505 1202 821 1250 magnitudinem
850 1202 1017 1252 perfecti
1050 1202 1147 1240 belli
1177 1202 1487 1251 triumpharunt.

138 1268 183 1315 IS
388 1271 607 1322 Insequens
653 1287 778 1312 annus
816 1274 1052 1312 Postumum
1093 1273 1316 1311 Cominium
1355 1276 1395 1311 et
1431 1273 1476 1311 T.
1515 1273 1703 1312 Larcium

67 1333 255 1398 {}h⁰}{³{
277 1345 458 1383 consules
488 1345 639 1383 habuit.
698 1345 758 1384 Eo
790 1359 891 1383 anno
922 1345 1072 1392 Romae,
1111 1358 1231 1395 quum
1261 1358 1332 1395 per
1363 1345 1478 1384 ludos
1508 1346 1558 1384 ab
1589 1344 1703 1384 Sabi-

272 1429 411 1454 norum
452 1417 659 1455 iuventute
699 1431 770 1467 per
808 1417 1016 1456 lasciviam
1053 1421 1184 1454 scorta
1223 1420 1469 1466 raperentur,
1509 1430 1701 1455 concursu

270 1487 474 1526 hominum
505 1490 595 1526 rixa
626 1503 670 1527 ac
702 1503 826 1539 prope
857 1490 1042 1539 proelium
1073 1489 1161 1538 fuit,
1193 1502 1394 1539 parvaque
1425 1501 1473 1526 ex
1497 1502 1540 1527 re
1564 1489 1616 1527 ad
1642 1502 1703 1528 re-

229 1558 252 1595 3
270 1559 487 1597 bellionem
513 1565 692 1611 spectare
716 1574 778 1598 res
801 1561 1025 1599 videbatur.
1070 1560 1200 1610 Super
1222 1560 1319 1598 belli
1342 1560 1479 1598 Latini
1495 1558 1528 1612 ¹)
1553 1564 1701 1599 metum

271 1631 311 1668 id
343 1645 502 1681 quoque
534 1636 766 1680 accesserat,
808 1633 915 1682 quod
954 1633 1127 1682 triginta
1156 1633 1234 1670 iam
1267 1632 1491 1670 coniurasse
1520 1633 1702 1683 populos,

231 1703 255 1739 4
274 1702 499 1741 concitante
517 1703 684 1742 Octavio
702 1704 895 1750 Mamilio,
927 1705 1022 1741 satis
1054 1703 1273 1742 constabat.
1321 1704 1371 1741 In
1401 1704 1474 1742 hac
1500 1707 1701 1742 tantarum

272 1776 567 1824 exspectatione
598 1788 727 1813 rerum
760 1775 935 1813 sollicita
967 1775 1142 1825 civitate,
1176 1775 1382 1813 dictatoris
1413 1776 1585 1825 primum
1615 1789 1700 1814 cre-

271 1846 366 1884 andi
407 1848 555 1885 mentio
587 1851 687 1886 orta.
746 1847 827 1885 Sed
857 1860 929 1885 nec
961 1847 1107 1896 quibus
1136 1847 1375 1895 consulibus,
1416 1847 1510 1897 quia
1541 1860 1589 1885 ex
1619 1848 1698 1886 fac-

269 1919 377 1956 tione
408 1919 687 1969 Tarquiniana
724 1923 854 1958 essent
885 1919 945 1967 (id
983 1932 1141 1969 quoque
1183 1919 1286 1956 enim
1316 1916 1521 1971 traditur),
1561 1932 1701 1969 parum

271 1990 467 2028 creditum
500 1992 564 2040 sit,
596 2005 667 2028 nec
699 1991 788 2041 quis
819 1991 989 2040 primum
1021 1991 1193 2028 dictator
1215 1994 1369 2029 creatus
1392 1991 1456 2037 sit,
1487 1991 1584 2029 satis
1609 2004 1698 2030 con-

228 2060 251 2097 5
269 2065 361 2101 stat.
408 2061 532 2113 Apud
564 2063 798 2100 veterrimos
823 2066 955 2100 tamen
981 2066 1162 2100 auctores
1186 2061 1230 2099 Τ.
1250 2062 1438 2099 Larcium
1461 2062 1698 2101 dictatorem

271 2134 452 2182 primum,
501 2134 567 2184 Sp.
610 2134 788 2172 Cassium
834 2135 1068 2184 magistrum
1114 2134 1293 2183 equitum
1335 2137 1486 2172 creatos
1526 2134 1697 2172 invenio.

272 2204 511 2243 Consulares
544 2207 692 2254 legere3
726 2206 783 2243 ita
813 2206 878 2244 lex
909 2205 1076 2243 iubebat
1107 2206 1155 2243 de
1187 2206 1381 2244 dictatore
1404 2205 1575 2243 creando
1597 2205 1690 2244 lata.

229 2276 251 2312 6
270 2276 328 2314 Eo
362 2278 485 2325 magis
518 2277 704 2324 adducor,
745 2281 790 2315 ut
821 2277 979 2315 credam
1010 2277 1212 2326 Larcium,
1252 2278 1321 2327 qui
1352 2277 1570 2315 consularis
1601 2281 1697 2325 erat,

271 2348 403 2398 potius
435 2361 552 2397 quam
576 2348 642 2386 Μ’.
661 2348 867 2387 Valerium
891 2348 946 2386 M.
972 2348 1098 2386 filium
1116 2349 1257 2387 Volesi
1281 2352 1478 2399 nepotem,
1503 2349 1573 2398 qui
1600 2362 1696 2387 non-

273 2419 365 2457 dum
398 2420 534 2457 consul
559 2420 700 2468 fuerat,
732 2420 1021 2458 moderatorem
1054 2425 1091 2458 et
1115 2420 1348 2469 magistrum
1375 2420 1604 2458 consulibus
1627 2433 1695 2470 ap-

234 2495 254 2529 7
273 2492 468 2541 positum3
495 2491 601 2540 quia,
628 2491 661 2528 si
688 2491 858 2528 maxime
883 2505 930 2528 ex
951 2505 996 2528 ea
1019 2493 1170 2530 familia
1186 2492 1265 2540 legi
1282 2491 1518 2529 dictatorem
1534 2492 1694 2538 vellent,

271 2568 423 2612 patrem
455 2563 578 2600 multo
609 2562 743 2611 potius
759 2562 814 2599 M.
832 2561 1051 2609 Valerium,
1083 2566 1269 2613 spectatae
1293 2563 1454 2600 virtutis
1486 2566 1526 2599 et
1555 2575 1694 2600 consu-

272 2635 393 2670 larem
424 2634 565 2680 virum,
597 2634 799 2682 legissent.

307 2727 328 2756 ¹)
347 2727 452 2752 Livius
473 2730 524 2752 aut
544 2727 664 2761 scripsit
683 2728 735 2752 aut
755 2727 882 2752 scribere
903 2725 1006 2751 debuit
1027 2726 1169 2751 Sabini.
