1821 2928
581 108 698 144 Liber
723 108 773 144 Π.
825 110 887 153 (A.
914 109 978 144 oh.
1003 111 1212 153 494—493.)
1503 113 1556 150 93

121 251 239 289 quam
272 237 467 275 intestina
492 236 672 288 corporis
699 237 844 274 seditio
871 237 1014 276 similis
1040 243 1144 276 esset
1171 238 1238 275 irae
1263 237 1396 288 plebis
1421 237 1462 275 in
1494 250 1564 288 pa-

116 317 209 356 tres,
235 309 392 348 flexisse
419 312 569 347 mentes
597 309 814 349 hominum.
862 310 941 359 Agi
967 309 1111 347 deinde
1139 310 1187 347 de
1215 310 1428 348 concordia
1459 323 1561 360 coep-
1625 301 1680 350 33

115 386 213 429 tum,
252 393 564 431 concessumque
605 381 647 418 in
686 381 953 428 condiciones,
992 385 1035 419 ut
1067 381 1176 432 plebi
1209 382 1270 419 sui
1303 381 1563 432 magistratus

116 458 249 493 essent
280 454 536 500 sacrosancti,
568 453 715 504 quibus
749 453 891 490 auxilii
919 453 1017 490 latio
1036 453 1228 491 adversus
1246 454 1428 492 consules
1444 458 1562 500 esset,

115 540 214 565 neve
238 527 301 564 cui
326 530 487 576 patrum
518 537 659 576 capere
687 539 775 562 eum
800 525 1080 574 magistratum
1109 526 1260 564 liceret.
1322 526 1387 564 Ita
1412 524 1570 563 tribuni
1589 523 1612 560 2

116 598 249 649 plebei
281 599 407 636 creati
443 598 534 647 duo,
568 596 610 634 C.
643 597 825 634 Licinius
858 600 896 635 et
922 597 967 634 L.
993 597 1197 635 Albinius.
1254 598 1311 635 Hi
1337 602 1419 635 tres
1443 597 1563 636 colle-

117 683 187 720 gas
205 670 283 708 sibi
301 673 549 708 creaverunt.
582 669 632 706 In
650 670 713 707 his
733 667 933 708 Sicinium
951 669 1086 719 fuisse,
1109 669 1320 708 seditionis
1339 673 1542 708 auctorem
1557 683 1564 716 ;

117 743 166 781 de
199 743 366 789 duobus,
395 742 465 792 qui
488 742 651 788 fuerint,
678 742 809 779 minus
841 741 1039 780 convenit.
1102 740 1216 789 Sunt,
1251 743 1320 792 qui
1349 742 1446 780 duos
1477 746 1562 780 tan·
1582 741 1606 778 3

115 819 201 853 tum
234 815 276 852 in
308 813 431 852 Sacro
471 817 603 852 monte
644 813 799 852 creatos
830 814 1015 852 tribunos
1047 828 1133 852 esse
1165 815 1302 853 dicant
1333 815 1471 865 ibique
1503 827 1561 851 sa-

117 891 266 925 cratam
297 887 426 937 legem
460 887 595 924 latam.

1578 950 1614 976 A.
1625 957 1654 976 u.
1667 955 1692 976 c.
1711 949 1772 975 261.

1578 989 1615 1016 A.
1641 988 1693 1015 ch.
1712 990 1772 1015 493.

118 1031 368 1071 consulatum
403 1032 591 1069 inierant.
636 1031 715 1068 His
748 1031 985 1069 consulibus
1017 1044 1105 1069 cum
1122 1031 1281 1069 Latinis
1313 1031 1474 1082 populis
1507 1031 1561 1069 ic-
1580 1036 1606 1073 4

232 958 313 996 Per
345 959 605 997 secessionem
631 959 761 1009 plebis
788 958 857 1009 Sp.
884 958 1044 997 Cassius
1062 962 1100 997 et
1118 959 1332 998 Postumus
1351 958 1559 996 Cominius

117 1107 201 1142 tum
248 1104 393 1142 foedus.
455 1104 525 1141 Ad
569 1103 611 1140 id
658 1103 885 1141 feriendum
918 1104 1058 1142 consul
1089 1104 1193 1141 alter
1223 1104 1362 1142 Romae
1394 1104 1562 1149 mansit3

117 1177 219 1214 alter
251 1176 302 1214 ad
335 1175 529 1214 Volscum
559 1176 713 1214 bellum
746 1176 893 1214 missus
924 1175 1115 1214 Antiates
1138 1176 1308 1214 Volscos
1334 1176 1468 1214 fundit
1499 1177 1562 1213 fu-

119 1253 288 1299 gatque3
317 1249 541 1298 compulsos
567 1249 607 1286 in
636 1248 831 1298 oppidum
863 1248 1089 1298 Longulam
1114 1252 1348 1299 persecutus
1366 1248 1563 1286 moenibus

118 1321 283 1372 potitur.
330 1320 432 1358 Inde
450 1321 633 1371 protinus
658 1319 886 1367 Poluscam,
912 1321 1006 1358 item
1035 1320 1287 1367 Volscorum,
1315 1321 1443 1371 cepit;
1475 1324 1562 1358 tum
1582 1320 1605 1360 5

119 1407 264 1442 magna
294 1393 334 1430 vi
366 1393 532 1430 adortus
560 1395 621 1430 est
646 1391 837 1431 Coriolos.
883 1393 984 1430 Erat
1008 1397 1093 1431 tum
1120 1394 1162 1431 in
1188 1394 1330 1431 castris
1355 1394 1462 1431 inter
1478 1393 1561 1444 pri-

119 1478 250 1503 mores
282 1465 471 1502 iuvenum
504 1463 574 1502 Cn.
606 1463 795 1510 Marcius,
831 1465 1064 1503 adolescens
1096 1469 1136 1503 et
1167 1466 1335 1503 consilio
1369 1470 1409 1503 et
1439 1479 1561 1503 manu

118 1540 340 1588 promptus,
371 1537 436 1574 cui
468 1549 688 1586 cognomen
718 1542 857 1587 postea
889 1537 1104 1576 Coriolano
1136 1538 1226 1576 fuit.
1275 1538 1409 1586 Quum
1428 1538 1562 1576 subito
1581 1539 1604 1576 6

120 1610 335 1647 exercitum
367 1608 592 1646 Romanum
627 1608 808 1646 Coriolos
841 1609 1091 1648 obsidentem
1123 1614 1242 1660 atque
1267 1610 1310 1647 in
1327 1610 1563 1661 oppidanos,

119 1695 217 1732 quos
250 1682 359 1719 intus
390 1681 545 1719 clausos
563 1681 750 1730 habebat,
770 1682 968 1720 intentum
986 1682 1070 1720 sine
1088 1683 1172 1720 ullo
1190 1686 1298 1721 metu
1316 1683 1563 1721 extrinsecus

117 1753 366 1791 imminentis
399 1753 509 1800 belli,
541 1753 700 1791 Volscae
733 1754 928 1803 legiones,
966 1755 1155 1805 profectae
1188 1755 1238 1793 ab
1278 1754 1420 1802 Antio,
1452 1755 1562 1793 inva-

117 1827 278 1873 sissent,
309 1825 528 1876 eodemque
559 1829 739 1876 tempore
772 1839 821 1863 ex
855 1827 1004 1877 oppido
1037 1828 1264 1878 erupissent
1293 1827 1439 1877 hostes,
1457 1827 1562 1865 forte

119 1899 161 1936 in
193 1899 367 1936 statione
395 1898 573 1936 Marcius
598 1898 686 1936 fuit.
732 1898 773 1936 Is
808 1912 897 1937 cum
937 1899 1093 1938 delecta
1130 1900 1304 1938 militum
1335 1913 1455 1938 manu
1485 1913 1566 1938 non
1585 1899 1608 1936 7

119 1971 236 2009 modo
268 1971 462 2021 impetum
488 1971 780 2020 erumpentium
809 1971 995 2022 rettudit,
1013 1972 1082 2010 sed
1099 1985 1171 2024 per
1186 1976 1390 2023 patentem
1406 1976 1564 2023 portam

119 2043 234 2082 ferox
267 2043 416 2093 irrupit
447 2042 489 2080 in
519 2042 706 2092 proxima
739 2044 863 2092 urbis,
897 2045 1084 2096 caedeque
1114 2045 1221 2084 facta
1252 2045 1385 2094 ignem
1415 2049 1564 2084 temere

118 2119 323 2166 arreptum
355 2114 659 2153 imminentibus
690 2129 802 2153 muro
842 2116 1022 2156 aedificiis
1061 2117 1214 2158 iniecit.
1277 2117 1439 2156 Clamor
1470 2117 1564 2156 inde
1583 2116 1608 2153 8

119 2187 414 2238 oppidanorum
446 2187 592 2224 mixtus
624 2187 812 2226 muliebri
844 2189 1070 2241 puerilique
1101 2191 1265 2241 ploratu
1290 2189 1340 2228 ad
1356 2193 1563 2237 terrorem,

119 2263 165 2298 ut
195 2260 307 2307 solet,
337 2260 509 2310 primum
541 2263 628 2298 orto
661 2264 701 2298 et
730 2260 926 2300 Romanis
959 2262 1070 2301 auxit
1101 2263 1278 2301 animum
1317 2266 1356 2300 et
1385 2262 1565 2301 turbavit

120 2331 306 2382 Volscos,
341 2335 480 2382 utpote
512 2335 629 2383 capta
659 2332 773 2383 urbe,
807 2334 870 2372 cui
903 2334 953 2372 ad
982 2334 1187 2372 ferendam
1215 2348 1328 2385 opem
1359 2338 1562 2373 venerant.

119 2403 187 2442 Ita
216 2404 295 2442 fusi
340 2403 481 2443 Volsci
512 2404 716 2455 Antiates,
743 2405 895 2444 Corioli
913 2406 1109 2457 oppidum
1127 2409 1562 2457 captum;tantumque
1583 2412 1606 2448 9

120 2488 192 2514 sua
222 2476 343 2514 laude
375 2475 534 2515 obstitit
565 2477 680 2515 famae
711 2478 887 2516 consulis
918 2478 1111 2529 Marcius,
1143 2483 1200 2528 ut,
1233 2479 1311 2516 nisi
1327 2478 1456 2516 foedus
1473 2491 1563 2516 cum

120 2546 281 2586 Latinis
298 2549 339 2586 in
367 2549 552 2587 columna
578 2563 701 2588 aenea
726 2551 972 2601 insculptum
996 2555 1251 2590 monumento
1277 2553 1392 2599 esset,
1417 2550 1467 2588 ab
1495 2548 1562 2600 Sp.

124 2617 262 2658 Cassio
293 2634 386 2668 uno,
418 2622 515 2671 quia
545 2622 702 2672 collega
733 2623 897 2671 afuerat,
929 2623 1065 2670 ictum,
1083 2622 1318 2661 Postumum
1336 2621 1562 2660 Cominium

122 2689 274 2729 bollum
304 2693 473 2742 gessisse
505 2707 593 2732 cum
625 2694 801 2744 Volscis,
834 2695 1027 2733 memoria
1057 2695 1250 2733 cessisset.
