1821 2928
424 169 477 207 58
833 179 923 204 Liber
940 178 1009 203 VH.
1046 177 1095 207 (A.
1109 186 1138 204 u.
1151 185 1175 204 c.
1188 179 1341 207 ³94-306.)

369 294 544 343 equitum
571 293 683 339 dixit,
716 297 753 331 et
777 307 824 330 ex
851 293 1090 331 auctoritute
1113 295 1281 342 patrum,
1313 293 1347 330 si
1371 305 1558 342 prospere
1581 293 1624 331 id
1645 293 1793 332 bellum

328 363 350 397 5
370 361 574 408 evenisset,
606 361 721 399 ludos
753 374 915 410 magnos
946 361 1067 398 vovit.
1111 359 1312 407 Dictator,
1345 361 1396 398 ad
1423 361 1681 400 continendos
1703 375 1792 412 pro·

366 430 454 479 prio
484 430 591 467 bello
622 429 811 467 Tiburtes
849 428 1049 467 consulari
1090 429 1267 466 exercitu
1306 428 1411 466 iusso
1442 442 1619 477 manere,
1660 442 1794 467 omnes

325 500 348 535 6
367 497 553 544 iuniores,
583 497 692 535 nullo
716 497 959 535 detrectante
982 497 1179 543 milit-iam,
1209 499 1452 534 sacramento
1477 497 1626 547 adegit.
1684 497 1792 546 Pug-

367 569 502 604 natum
531 565 638 603 haud
669 566 809 615 procul
840 569 954 615 porta
978 564 1135 602 Collina
1166 568 1223 601 est
1252 565 1377 602 totius
1407 565 1563 602 viribus
1591 565 1722 612 urbis,
1752 565 1795 604 in

367 638 580 685 conspectu
609 637 819 684 parentum
851 634 1139 683 coniugumque
1177 646 1220 670 ac
1259 633 1497 680 liberorum,
1535 646 1622 683 quae
1652 645 1794 682 magna

368 702 485 739 etiam
517 702 747 740 absentibus
778 702 1027 738 hortamenta
1054 701 1178 738 animi
1206 705 1290 739 tum
1315 701 1491 739 subiecta
1521 701 1645 740 oculis
1675 701 1793 738 simul

328 771 607 809 7verecundia
661 769 1011 820 misericordiaque
1065 770 1232 807 militem
1286 769 1564 807 accendebant.
1644 769 1794 818 Magna

366 839 553 889 utrinque
585 839 692 876 edita
724 837 828 875 caede
860 838 1056 875 avertitur
1085 838 1246 875 tandem
1278 838 1380 875 acies
1401 836 1622 876 Gallorum.
1681 838 1795 886 Fuga

369 907 497 944 Tibur
534 907 636 944 sicut
684 920 813 943 arcem
854 906 954 943 belli
997 904 1148 943 Gallici
1194 909 1356 956 petunt3
1399 906 1526 955 palati
1567 920 1589 944 a
1634 905 1794 943 consule

366 975 537 1013 Poetelio
567 974 674 1012 haud
705 975 844 1024 procul
871 973 1022 1011 Tibure
1055 974 1221 1024 excepti,
1252 974 1419 1023 egressis
1445 973 1495 1011 ad
1527 987 1640 1024 opem
1669 973 1795 1011 feren-

371 1044 460 1081 dam
499 1043 751 1089 Tiburtibus,
797 1043 916 1080 simul
955 1056 1041 1079 cum
1087 1043 1134 1079 iis
1172 1043 1275 1080 intra
1318 1045 1454 1092 portas
1494 1041 1794 1092 compelluntur.

327 1111 539 1160 SEgregie
571 1124 692 1160 quum
730 1111 779 1149 ab
821 1111 1033 1157 dictatore,
1077 1114 1161 1147 tum
1200 1111 1248 1147 ab
1288 1111 1446 1148 consule
1484 1124 1547 1147 res
1584 1113 1694 1159 gesta
1725 1112 1794 1146 est.

368 1179 420 1216 Et
451 1179 588 1216 consul
619 1179 719 1216 alter
750 1179 900 1217 Fabius
930 1179 1085 1228 proeliis
1115 1178 1289 1228 primum
1316 1179 1461 1228 parvis,
1491 1182 1688 1228 postremo
1717 1190 1795 1214 una

368 1247 520 1296 insigni
550 1260 705 1297 pugna,
744 1261 864 1297 quum
895 1247 1027 1284 hostes
1057 1247 1152 1284 totis
1185 1246 1316 1284 adorti
1348 1247 1474 1296 copiis
1506 1249 1655 1293 essent,
1692 1245 1795 1282 Her·

327 1317 349 1352 9
370 1315 478 1352 nicos
511 1315 696 1352 devincit.
766 1315 970 1361 Dictator,
1013 1315 1242 1352 consulibus
1272 1316 1313 1352 in
1343 1318 1483 1352 senatu
1520 1317 1559 1351 et
1589 1313 1696 1364 apud
1726 1327 1793 1363 po-

364 1383 502 1432 pulum
540 1382 749 1432 magnifice
789 1383 1026 1421 collaudatis
1068 1387 1106 1420 et
1145 1397 1302 1420 suarum
1343 1396 1499 1432 quoque
1538 1395 1670 1419 rerum
1710 1381 1792 1419 illis

365 1451 528 1488 remisso
559 1451 729 1496 honore,
772 1451 970 1489 dictat-ura
1009 1465 1049 1488 se
1079 1451 1291 1488 abdicavit.
1358 1450 1552 1488 Poetelius
1583 1450 1631 1487 de
1662 1449 1793 1487 Gallis

365 1518 679 1568 Tiburtibusque
709 1518 909 1567 geminum
940 1519 1185 1569 triumphum
1217 1519 1319 1568 egit,
1360 1519 1489 1556 Fabio
1527 1518 1623 1556 satis
1653 1518 1793 1563 visum,

369 1590 409 1623 ut
441 1601 562 1624 ovans
593 1586 731 1623 urbem
763 1586 893 1623 iniret.

301 1655 349 1691 10
480 1654 655 1691 Irridere
672 1654 836 1690 Poetelii
853 1654 1098 1704 triumphum
1115 1654 1323 1692 Tiburtes:
1350 1655 1420 1691 ubi
1437 1655 1540 1691 enim
1558 1667 1646 1691 eum
1660 1667 1793 1690 secum

367 1723 447 1760 acie
488 1721 743 1760 conflixisse?
804 1720 1057 1771 Spectatores
1096 1736 1242 1772 paucos
1289 1722 1392 1771 fugae
1427 1720 1792 1772 trepidationisque

368 1788 577 1827 Gallorum
609 1794 721 1827 extra
752 1793 886 1839 portas
919 1803 1105 1838 egressos
1137 1793 1347 1840 postquam
1378 1790 1418 1827 in
1449 1804 1489 1827 se
1521 1802 1677 1839 quoque
1708 1788 1793 1825 fieri

368 1858 558 1907 impetum
587 1857 764 1894 viderint
797 1861 836 1893 et
866 1859 949 1894 sine
992 1857 1219 1895 discrimine
1260 1858 1399 1895 obvios
1437 1857 1552 1904 caedi,
1597 1856 1792 1906 recepisse

304 1925 348 1960 11
369 1939 408 1962 se
442 1926 548 1963 intra
578 1926 733 1972 urbem3
773 1940 858 1963 eam
895 1940 976 1963 rem
1005 1927 1207 1976 triumpho
1247 1926 1408 1975 dignam
1438 1925 1561 1963 visam
1591 1924 1793 1963 Romanis.

366 1993 424 2030 Ne
456 1993 573 2030 nimis
604 1994 748 2031 mirum
779 2008 1043 2044 magnumque
1085 1997 1289 2032 censerent
1317 1994 1530 2031 tumultum
1568 1993 1721 2030 exciere
1752 1993 1792 2029 in

365 2061 537 2098 hostium
569 2062 706 2111 portis,
737 2062 926 2100 maiorem
957 2063 1064 2113 ipsos
1094 2062 1401 2112 trepidationem
1427 2065 1517 2099 ante
1549 2061 1693 2099 moenia
1723 2074 1791 2098 sua

244 2122 296 2168 12
369 2129 533 2166 visuros.
601 2128 744 2178 Itaque
776 2130 1000 2180 insequenti
1040 2144 1163 2177 anno,
1201 2130 1256 2167 M.
1289 2129 1470 2179 Popillio
1501 2128 1681 2175 Laenate,
1723 2128 1793 2166 Cn.

165 2182 347 2241 ἓζῑῖῖιξζὲζ
368 2196 520 2233 Manlio
552 2197 801 2243 consulibus,
846 2199 977 2248 primo
1016 2198 1176 2235 silentio
1208 2198 1336 2235 noctis
1374 2197 1424 2235 ab
1455 2196 1605 2234 Tibure
1635 2196 1792 2246 agmine

328 2264 350 2299 2
370 2264 511 2318 infesto
538 2264 706 2313 profecti
732 2265 782 2302 ad
797 2266 935 2303 urbem
952 2265 1120 2303 Romam
1143 2269 1346 2304 venerunt.
1406 2265 1615 2303 Terrorem
1631 2268 1793 2315 repente

370 2346 416 2369 ex
453 2345 589 2369 somno
631 2332 814 2369 excitatis
853 2333 984 2370 subita
1019 2347 1081 2371 res
1118 2337 1156 2371 et
1192 2336 1407 2371 nocturnus
1447 2347 1572 2382 pavor
1607 2333 1793 2383 praebuit,

370 2399 419 2436 ad
448 2400 521 2436 hoc
552 2400 764 2436 multorum
797 2400 972 2448 inscitia,
1019 2402 1088 2451 qui
1118 2404 1187 2439 aut
1223 2401 1324 2439 unde
1362 2401 1492 2438 hostes
1524 2400 1792 2446 advenissent,

330 2468 352 2503 3
371 2468 653 2505 conclamatum
685 2471 816 2504 tamen
840 2468 1023 2507 celeriter
1046 2470 1096 2507 ad
1120 2483 1227 2507 arma
1255 2473 1313 2506 est
1344 2472 1382 2506 et
1404 2472 1529 2518 portae
1554 2468 1792 2506 stationibus

370 2535 551 2585 murique
567 2535 767 2585 praesidiis
781 2535 939 2573 firmati.
998 2537 1052 2574 Et
1067 2537 1137 2574 ubi
1156 2537 1286 2587 prima
1309 2537 1378 2573 lux
1394 2536 1633 2574 mediocrem
1658 2536 1792 2574 multi-

368 2601 546 2640 tudinem
586 2606 676 2641 ante
716 2603 859 2641 moenia
897 2617 1024 2652 neque
1071 2604 1192 2642 alium
1232 2618 1350 2653 quam
1390 2602 1595 2641 Tiburtem
1640 2603 1792 2642 hostem
