1821 2928
373 204 449 240 192
777 212 866 238 Liber
884 213 938 238 1x.
975 213 1021 241 (A.
1041 221 1069 238 u.
1088 221 1112 239 c.
1132 215 1285 244 448—449.)

272 329 294 365 9
313 328 448 365 consul
478 328 683 377 proferret,
723 327 865 364 elicere
896 327 946 365 ad
978 330 1176 365 certamen
1199 332 1374 378 poterat,
1415 329 1590 379 satisque
1615 343 1736 381 appa-

312 395 437 441 rebat,
467 409 593 445 neque
611 396 829 433 Samnitem
860 399 1057 433 certamen
1087 409 1259 445 praesens
1289 410 1360 434 nec
1377 397 1601 435 Romanum
1634 398 1735 436 dila-

244 465 295 501 10
312 464 460 501 tionem
477 464 573 501 belli
590 464 773 501 laturum.
818 463 1030 501 Adventus
1046 464 1202 510 Marcii,
1233 465 1315 513 qui,
1345 465 1534 503 Hernicis
1551 466 1738 514 subactis,

311 533 526 570 maturavit
557 533 718 581 collegae
749 532 885 569 venire
917 531 1081 578 auxilio,
1114 546 1262 569 moram
1294 533 1519 571 certaminis
1541 534 1647 572 hosti
1671 547 1736 572 ex·

247 601 292 637 11
315 601 418 637 emit.
478 600 579 637 Nam
611 604 656 637 ut
687 601 755 649 qui
786 614 834 636 ue
865 600 981 637 alteri
1014 600 1173 649 quidem
1198 601 1389 637 exercitui
1414 615 1453 639 se
1470 601 1521 639 ad
1539 605 1737 640 certamen

311 668 573 705 credidissent
603 682 729 718 pares,
762 668 951 713 coniungi
983 668 1120 717 utique
1150 669 1256 717 passi
1286 669 1385 706 duos
1416 670 1641 707 consulares
1672 683 1737 708 ex·

312 737 456 773 ercitus
479 736 582 773 nihil
607 737 814 773 crederent
837 749 1037 784 superesse
1054 736 1150 785 spei,
1181 737 1458 775 advenient-em
1474 738 1736 788 incomposito

246 806 293 842 12
313 805 468 854 agmine
499 805 696 842 Marcium
728 804 1030 853 aggrediuntur.
1096 804 1263 854 Raptim
1302 806 1458 843 eollatae
1497 806 1664 843 sarcinae
1695 806 1738 843 in

312 873 484 909 medium
517 876 565 919 et,
598 876 717 922 prout
746 876 901 922 tempus
928 873 1166 922 patiebatur,
1198 873 1392 910 instructa
1417 873 1531 911 acies.
1579 873 1739 912 Clamor

311 941 480 990 primum
525 942 565 978 in
611 941 757 978 stativa
797 941 985 990 perlatus,
1032 941 1125 978 dein
1165 945 1396 991 conspectus
1427 941 1567 991 procul
1605 941 1737 991 pulvis

243 1010 294 1047 13
311 1009 522 1046 tumultum
549 1009 655 1058 apud
679 1009 849 1045 alterum
875 1010 1075 1046 consulem
1108 1010 1151 1046 in
1178 1010 1316 1046 castris
1346 1009 1457 1056 fecit3
1488 1010 1612 1058 isque,
1643 1022 1733 1047 con-

311 1077 440 1115 festim
472 1091 581 1114 arma
612 1090 753 1126 capere
784 1077 903 1114 iussis
934 1077 1159 1126 raptimque
1192 1077 1343 1114 eductis
1373 1078 1414 1115 in
1444 1078 1570 1115 aciem
1600 1077 1738 1114 militi-

311 1146 394 1193 bus,
425 1151 687 1183 transversam
720 1145 894 1181 lic-stium
925 1146 1048 1182 aciem
1080 1149 1198 1194 atque
1229 1145 1308 1182 alio
1340 1146 1553 1183 certamine
1570 1158 1736 1195 occupa-

244 1214 294 1250 14
311 1217 391 1251 tam
411 1214 576 1260 invadit,
607 1213 828 1260 clamitans,
851 1227 1043 1250 summum
1060 1213 1255 1262 flagitium
1271 1214 1366 1262 fore,
1398 1214 1430 1251 si
1444 1212 1612 1251 alterum
1630 1227 1737 1251 exer-

309 1282 431 1319 citum
462 1282 671 1331 utriusque
702 1282 883 1319 victoriae
915 1286 1134 1331 compotem
1174 1281 1350 1318 sinerent
1386 1282 1473 1319 fieri
1513 1295 1585 1319 nec
1616 1281 1667 1319 ad
1698 1294 1738 1319 Se

243 1349 294 1387 15
312 1350 372 1386 sui
404 1350 499 1387 belli
516 1350 767 1387 vindicarent
797 1350 926 1387 decus.
988 1350 1077 1397 Qua
1093 1350 1283 1399 impetum
1311 1350 1486 1397 dederat,
1515 1348 1739 1399 perrumpit

311 1419 513 1468 aciemque
544 1432 615 1468 per
645 1418 815 1455 mediam
846 1418 887 1455 in
919 1422 1046 1455 castra
1076 1418 1249 1455 hostium
1279 1418 1420 1465 tendit,
1451 1421 1490 1455 et
1518 1430 1643 1455 vacua
1673 1417 1738 1454 de-

244 1487 292 1523 16
310 1487 531 1524 fensoribus
563 1487 667 1536 capit
697 1491 814 1536 atque
832 1486 1021 1523 incendit.
1082 1486 1180 1533 Quae
1195 1486 1265 1523 ubi
1278 1486 1491 1535 flagrantia
1506 1485 1738 1522 Marcianus

309 1555 424 1592 miles
456 1555 663 1605 conspexit
693 1558 731 1592 et
761 1555 893 1592 hostes
923 1568 1151 1603 respexere,
1190 1557 1275 1591 tum
1304 1553 1452 1604 passim
1482 1554 1577 1603 fuga
1607 1555 1737 1602 coepta

311 1621 549 1659 Samnitium
578 1622 684 1669 fieri,
716 1623 783 1659 sed
814 1623 944 1660 omnia
976 1623 1133 1660 obtinet
1158 1623 1294 1668 caedes,
1325 1635 1396 1659 nec
1427 1622 1470 1659 in
1499 1622 1624 1659 ullam
1647 1633 1736 1671 par-

244 1691 295 1727 17
311 1695 391 1727 tem
420 1694 551 1727 tutum
580 1691 808 1740 perfugium
839 1695 908 1727 est.
952 1691 1038 1727 Iam
1068 1691 1236 1739 triginta
1266 1690 1446 1726 millibus
1476 1689 1649 1727 hostium
1666 1700 1737 1725 cae·

311 1760 376 1805 sis,
406 1759 562 1808 signum
579 1758 757 1808 receptui
780 1759 960 1795 consules
981 1758 1172 1795 dederant
1198 1758 1521 1806 colligebantque
1546 1756 1586 1793 in
1616 1769 1737 1793 unum

313 1827 460 1876 copias,
491 1827 532 1863 in
563 1827 690 1863 vicem
720 1826 825 1863 inter
856 1840 896 1863 se
919 1829 1133 1875 gratantes,
1165 1839 1284 1875 quum
1308 1827 1471 1875 repente
1486 1824 1583 1861 visae
1599 1823 1739 1873 procul

316 1895 489 1932 hostium
520 1908 632 1932 novae
664 1895 855 1941 cohortes,
887 1908 973 1944 quae
1001 1895 1040 1931 in
1064 1895 1378 1944 supplementum
1396 1892 1557 1942 scriptae
1572 1892 1740 1938 fuerant,

249 1962 298 1999 18
318 1963 567 2012 integravere
599 1963 757 2000 caedem.
830 1963 879 2000 In
911 1977 1007 2013 quas
1047 1976 1118 1999 nec
1149 1963 1258 1999 iussu
1290 1962 1493 1999 consulum
1522 1973 1594 1997 nec
1624 1959 1739 2008 signo

314 2035 475 2081 accepto
506 2031 675 2068 victores
704 2030 866 2077 vadunt,
898 2031 1002 2068 malo
1027 2031 1214 2067 tirocinio
1241 2029 1497 2067 imbuendum
1523 2026 1739 2065 Samnitem

248 2099 297 2135 19
316 2099 578 2136 clamitantes.
623 2099 843 2148 Indulgent
867 2099 1048 2136 consules
1072 2099 1272 2148 legionum
1291 2097 1440 2144 ardori,
1470 2099 1515 2133 ut
1530 2095 1599 2146 qui
1615 2095 1739 2145 probe

315 2168 473 2214 scirent,
504 2181 647 2204 novum
671 2168 838 2204 militem
861 2167 1033 2204 hostium
1057 2167 1160 2204 inter
1184 2165 1387 2216 perculsos
1412 2164 1509 2214 fuga
1533 2167 1739 2202 veteranos

246 2235 301 2271 20
318 2249 365 2272 ne
407 2235 598 2273 tentando
642 2235 802 2284 quidem
847 2235 944 2272 satis
982 2235 1188 2272 certamini
1228 2234 1321 2270 fore.
1395 2232 1478 2271 Nec
1509 2246 1574 2271 eos
1604 2231 1739 2282 opinio

315 2303 472 2340 fefellit:
519 2316 652 2340 omnes
693 2301 932 2340 Samnitium
970 2304 1114 2353 copiae,
1144 2305 1296 2339 veteres
1334 2313 1543 2350 novaeque,
1588 2302 1741 2337 montes

318 2371 518 2420 proximos
549 2370 646 2420 fuga
676 2371 849 2420 capiunt.
923 2371 982 2409 Eo
1020 2375 1059 2408 et
1089 2371 1270 2408 Romana
1300 2368 1472 2418 erigitur
1511 2369 1625 2416 acies,
1669 2380 1740 2405 nec

319 2439 530 2488 quicquam
562 2439 660 2476 satis
689 2439 767 2475 tuti
798 2439 875 2475 loci
905 2439 1022 2477 victis
1054 2443 1123 2486 est,
1154 2441 1193 2475 et
1219 2437 1266 2474 de
1284 2437 1401 2486 iugis,
1431 2449 1518 2486 quae
1543 2438 1741 2486 ceperant,

250 2508 299 2543 21
320 2507 559 2544 funduntur:
599 2507 757 2556 iamque
793 2520 871 2544 una
909 2521 1003 2545 voce
1044 2520 1177 2545 omnes
1215 2518 1352 2555 pacem
1382 2504 1581 2554 petebant.
1639 2503 1742 2540 Tum

318 2575 440 2611 trium
470 2588 644 2612 mensum
673 2575 870 2613 frumento
902 2574 1094 2624 imperato
1127 2578 1166 2611 et
1195 2586 1325 2611 annuo
1356 2571 1556 2622 stipendio
1587 2584 1631 2609 ac
1662 2571 1741 2609 sin-

322 2643 426 2691 gulis
472 2643 514 2680 in
559 2643 727 2680 militem
771 2642 930 2688 tunicis,
968 2643 1018 2679 ad
1059 2645 1236 2679 senatum
1277 2640 1387 2690 pacis
1418 2642 1593 2677 oratores
1621 2638 1744 2676 missi.
