1821 2928
334 127 415 164 244
719 122 834 158 Liber
856 122 925 158 IV.
974 123 1035 166 (A.
1059 134 1095 156 u.
1122 134 1150 157 c.
1175 123 1385 167 340—342.)

335 251 527 290 senectuti
544 253 685 288 vestrae
702 250 964 300 prospiciunt,
987 250 1057 299 qui
1082 263 1154 300 pro
1180 250 1323 287 vestris
1341 250 1558 288 commodis
1575 251 1766 290 adversus

269 323 318 360 15
336 327 416 360 tam
456 321 635 359 crudeles
673 322 944 371 superbosque
985 321 1236 359 adversarios
1277 321 1536 371 depugnant?
1593 323 1766 374 Incipite

334 393 479 431 deinde
525 393 673 440 mirari,
718 406 787 431 cur
831 393 950 443 pauci
996 394 1074 431 iam
1119 396 1292 431 vestram
1339 394 1558 443 suscipiant
1596 408 1764 434 causam.

335 465 442 513 Quid
473 470 517 502 ut
542 479 564 503 a
586 465 700 502 vobis
717 464 907 514 sperent?
953 466 1021 502 An
1038 465 1221 511 honores,
1253 478 1350 514 quos
1369 465 1607 504 adversariis
1622 468 1765 506 vestris

267 539 315 575 16
334 538 470 588 potius
516 550 634 586 quam
678 537 817 586 populi
848 536 1020 574 Romani
1060 537 1424 587 propugnatoribus
1456 537 1590 575 datis?
1647 538 1764 588 Inge-

333 609 491 646 muistis
537 608 652 646 modo
697 621 794 646 voce
839 608 954 645 huius
987 608 1135 646 audita.
1195 608 1305 655 Quid
1335 609 1377 646 id
1406 608 1555 646 refert?
1613 609 1701 648 Iam
1731 611 1765 648 si

334 680 565 729 suffragium
597 680 724 726 detur,
770 679 886 725 hunc,
926 680 994 728 qui
1034 680 1181 717 malum
1213 680 1326 718 vobis
1358 681 1543 729 minatur,
1585 681 1649 729 iis,
1695 683 1764 732 qui

333 766 450 802 agros
481 752 672 802 sedesque
704 765 748 789 ac
779 753 958 789 fortunas
989 752 1169 789 stabilire
1199 752 1350 798 volunt,
1381 753 1640 802 praeferetis.“

199 821 255 869 50
448 824 613 861 Perlata
657 824 740 860 haec
779 837 856 860 vox
887 823 1089 860 Postumii
1130 823 1177 860 ad
1210 824 1361 861 milites
1391 825 1517 863 multo
1549 825 1591 862 in
1622 826 1763 867 castris

333 897 521 934 maiorem
546 895 861 944 indignationem
879 895 1023 933 movit:
1055 895 1262 933 Praedaene
1279 896 1588 946 interceptorem
1603 897 1763 936 frauda·

292 968 539 1018 2toremque
572 967 692 1004 etiam
723 968 868 1004 malum
901 967 1046 1004 minari
1078 967 1307 1005 militibus?
1360 967 1504 1018 Itaque
1535 981 1657 1018 quum
1686 969 1762 1006 fre-

334 1041 453 1077 mitus
499 1044 636 1089 aperte
681 1043 794 1085 esset,
841 1042 880 1076 et
926 1042 1100 1088 quaestor
1131 1039 1177 1076 P.
1209 1038 1363 1076 Sestius
1404 1039 1541 1077 eadem
1571 1040 1765 1078 violentia

333 1112 507 1149 coerceri
547 1115 708 1161 putaret
737 1110 976 1148 seditionem
1007 1124 1133 1160 posse,
1179 1124 1258 1160 qua
1288 1115 1395 1149 mota
1425 1115 1520 1158 erat,
1564 1111 1684 1150 misso
1714 1112 1765 1150 ad

334 1184 617 1221 vociferantem
651 1182 848 1232 quendam
879 1183 1048 1220 militem
1080 1182 1233 1229 lictore,
1272 1196 1393 1232 quum
1424 1183 1516 1220 inde
1547 1184 1696 1221 clamor
1726 1188 1766 1221 et

290 1255 313 1290 3
332 1256 508 1304 iurgium
535 1258 725 1300 oreretur,
756 1268 849 1292 saxo
878 1255 980 1292 ictus
1008 1254 1126 1292 turba
1143 1254 1313 1301 excedit,
1344 1255 1506 1304 insuper
1522 1255 1764 1305 increpante,

332 1327 401 1376 qui
446 1329 737 1373 vulneraverat,
782 1326 928 1363 habere
975 1329 1222 1375 quaestorem,
1269 1326 1375 1375 quod
1412 1327 1630 1376 imperator
1660 1330 1766 1364 esset

292 1398 318 1434 4
334 1399 533 1436 militibus
558 1399 742 1436 minatus.
788 1398 856 1435 Ad
879 1397 984 1435 hunc
1010 1397 1224 1434 tumultum
1241 1398 1392 1435 accitus
1409 1397 1637 1435 Postumius
1653 1411 1763 1448 aspe-

331 1470 439 1508 riora
471 1471 603 1507 omnia
634 1471 729 1508 fecit
760 1471 912 1507 acerbis
943 1469 1244 1519 quaestionibus,
1282 1469 1510 1506 crudelibus
1543 1469 1764 1519 suppliciis.

332 1542 553 1587 Postremo,
579 1556 698 1591 quum
726 1542 884 1580 modum
910 1542 980 1578 irae
1006 1541 1161 1578 nullum
1185 1541 1344 1587 faceret,
1372 1541 1423 1578 ad
1440 1541 1763 1579 vociferationem

333 1627 478 1659 eorum,
512 1627 610 1663 quos
641 1614 774 1650 necari
806 1613 879 1650 sub
907 1617 1014 1650 crate
1041 1613 1222 1658 iusserat,
1255 1626 1449 1650 concursu
1463 1613 1582 1659 facto,
1612 1613 1697 1663 ipse
1713 1612 1764 1650 ad

294 1683 316 1721 5
335 1685 637 1735 interpellantes
670 1698 825 1734 poenam
857 1698 993 1723 vecors
1026 1685 1074 1722 de
1104 1684 1297 1721 tribunali
1328 1683 1516 1722 decurrit.
1559 1684 1628 1722 Ibi
1643 1697 1765 1733 quum

332 1761 622 1794 summoventes
653 1757 800 1806 passim
832 1757 991 1793 lictores
1024 1756 1356 1804 centurionesque
1379 1759 1571 1793 vexarent
1594 1755 1764 1801 turbam,

333 1842 378 1866 eo
412 1828 634 1877 indignatio
668 1829 811 1878 erupit,
844 1832 887 1864 ut
917 1828 1105 1864 tribunus
1130 1827 1301 1864 militum
1318 1827 1367 1864 ab
1385 1827 1562 1864 exercitu
1578 1840 1648 1864 suo
1665 1827 1763 1877 lapi-

293 1900 451 1938 fidibus
497 1901 781 1950 cooperiretur.
843 1899 959 1947 Quod
1004 1903 1086 1936 tam
1125 1902 1242 1936 atrox
1281 1898 1434 1938 facinus
1464 1903 1676 1948 postquam
1705 1901 1766 1936 est

332 1972 500 2010 Romam
530 1972 771 2018 nuntiatum,
800 1971 977 2008 tribunis
1008 1970 1181 2008 militum
1213 1970 1261 2007 de
1288 1973 1414 2008 morte
1439 1970 1601 2019 collegae
1617 1983 1688 2020 per
1704 1983 1762 2007 se-

333 2048 468 2080 natum
501 2044 741 2093 quastiones
773 2043 1077 2081 decernentibus
1107 2042 1261 2079 tribuni
1291 2041 1421 2091 plebis
1451 2041 1765 2079 intercedebant.

293 2115 314 2149 7
335 2113 414 2152 Sed
447 2128 492 2152 ea
524 2116 724 2153 contentio
757 2129 805 2152 ex
832 2115 1048 2152 certamine
1065 2114 1144 2151 alio
1162 2113 1374 2163 pendebat,
1405 2114 1512 2163 quod
1528 2126 1622 2151 cura
1638 2113 1762 2151 inces-

333 2190 439 2223 serat
455 2190 600 2235 patres,
627 2201 675 2224 ne
701 2191 806 2224 metu
824 2186 1088 2237 quaestionum
1105 2185 1220 2235 plebs
1237 2185 1378 2234 iraque
1393 2185 1576 2222 tribunos
1592 2184 1762 2222 militum

334 2271 382 2294 ex
413 2257 529 2307 plebe
561 2262 723 2307 crearet,
756 2259 1055 2308 tendebantque
1087 2270 1238 2295 summa
1270 2269 1356 2306 ope,
1387 2259 1433 2293 ut
1459 2255 1641 2293 consules
1658 2269 1762 2293 crea-

291 2330 484 2366 8rentur.
548 2328 677 2376 Quum
723 2335 882 2367 senatus
929 2330 1153 2367 consultum
1197 2327 1286 2365 fieri
1329 2327 1484 2365 tribuni
1522 2327 1654 2377 plebis
1682 2339 1762 2364 non

333 2404 576 2450 paterentur,
617 2401 736 2437 iidem
767 2401 1062 2438 intercederent
1092 2399 1367 2438 consularibus
1397 2398 1580 2445 comitiis,
1617 2411 1680 2435 res
1710 2397 1762 2435 ad

206 2469 255 2517 51
336 2472 610 2520 interregnum
654 2471 784 2508 rediit.
845 2471 1028 2509 Victoria
1066 2471 1210 2509 deinde
1247 2483 1367 2520 penes
1403 2473 1536 2520 patres
1565 2469 1654 2506 fuit.
1714 2468 1762 2516 Q.

129 2542 236 2568 ΛΑΜ)-
257 2543 314 2567 ³4¹·
335 2544 462 2581 Fabio
481 2543 682 2582 Vibulano
714 2543 913 2591 interrege
945 2544 1104 2580 comitia
1129 2543 1299 2580 habente
1323 2541 1504 2579 consules
1529 2540 1652 2578 creati
1668 2542 1763 2578 sunt

129 2588 166 2613 A·
185 2587 238 2613 αι’
256 2589 314 2612 413⁰
334 2615 386 2652 A.
418 2614 628 2653 Cornelius
660 2613 814 2660 Cossus,
845 2614 895 2651 L.
929 2613 1076 2650 Furius
1107 2613 1363 2651 Medullinus.
