1821 2928
523 123 639 160 Liber
664 124 717 162 11.
744 126 802 170 (A.
828 125 892 160 cn.
918 125 1130 170 488—485.)
1473 128 1548 166 101

106 253 181 292 sed
212 256 251 291 et
280 252 444 303 publica
476 252 660 302 patribus
693 252 924 290 sollicitudo
942 254 1083 300 inerat,
1100 253 1316 302 largitione
1349 253 1551 291 consulem

108 324 355 376 periculosas
386 324 570 362 libertati
603 337 698 374 opes
730 328 896 364 struere.
958 324 1060 362 Tum
1092 325 1264 375 primum
1297 325 1361 363 lex
1389 326 1547 375 agraria
1566 326 1589 363 3

110 397 364 448 promulgata
403 399 472 443 est,
514 409 716 446 nunquam
758 396 903 434 deinde
943 410 1068 447 usque
1108 397 1158 435 ad
1187 397 1288 435 hanc
1319 398 1549 436 memoriam

108 469 194 508 sine
224 468 411 506 maximis
443 468 617 506 motibus
648 481 782 506 rerum
814 469 979 518 agitata.
1028 468 1176 507 Consul
1204 469 1307 507 alter
1338 470 1547 520 largitioni
1566 470 1591 507 4

110 541 336 587 resistebat,
384 540 615 578 auctoribus
665 540 851 590 patribus
890 554 963 579 nec
1003 542 1109 579 omni
1151 541 1268 592 plebe
1300 542 1550 589 adversante,

111 625 200 664 quae
230 613 360 664 primo
393 616 569 663 coeperat
599 612 780 650 fastidire
813 625 956 651 munus
972 614 1199 663 vulgatum:
1232 628 1253 652 a
1285 614 1442 653 civibus
1475 615 1550 653 isse

110 685 152 723 in
184 685 332 732 soci0s3
364 698 468 735 saepe
499 685 642 723 deinde
674 689 713 722 et
738 684 977 734 Verginium
1005 686 1206 724 consulem
1234 687 1274 724 in
1292 687 1545 725 contionibus
1564 689 1587 726 5

106 757 218 796 velut
262 757 547 795 vaticinantem
587 757 790 805 audiebat,
819 758 1008 808 pestilens
1054 759 1216 808 collegae
1261 772 1403 797 munus
1448 774 1552 808 esse3

109 843 227 880 agros
259 829 350 867 illos
381 830 615 867 servitutem
647 830 711 878 iis,
744 830 812 880 qui
843 831 1083 881 acceperint,
1117 831 1426 881 laturos3regno
1444 832 1548 870 viam

108 901 211 940 fieri.
273 901 384 949 Quid
417 902 472 940 ita
505 902 608 939 enim
641 903 785 940 assumi
812 903 940 940 socios
958 906 998 941 et
1014 916 1156 941 nomen
1175 903 1397 941 Latinum?
1439 903 1589 952 Quidss

109 973 333 1021 attinuisse,
363 974 564 1021 Hernicis,
594 975 713 1025 paulo
746 978 836 1013 ante
875 975 1069 1023 hostibus,
1109 976 1217 1026 capti
1257 976 1346 1025 agri
1392 979 1548 1026 partem

108 1046 270 1084 tertiam
301 1045 432 1095 reddi,
466 1046 543 1084 nisi
574 1050 620 1083 ut
651 1059 706 1084 eae
739 1050 877 1096 gentes
909 1060 982 1098 pro
1007 1047 1225 1086 Coriolano
1250 1048 1348 1086 duce
1367 1047 1549 1086 Cassium

107 1117 316 1157 habeant?
374 1118 591 1168 Popularis
623 1118 701 1156 iam
733 1132 816 1157 esse
850 1119 1054 1158 dissuasor
1092 1124 1131 1158 et
1176 1121 1415 1159 intercessor
1445 1121 1546 1170 legis
1566 1121 1588 1158 7

110 1191 281 1240 agrariae
313 1193 498 1240 coeperat.
559 1190 742 1241 Uterque
774 1191 919 1229 deinde
959 1193 1096 1230 consul
1134 1193 1317 1230 certatim
1348 1193 1459 1242 plebi
1492 1193 1550 1230 in-

112 1262 289 1312 dulgere.
337 1262 559 1312 Verginius
577 1262 722 1310 dicere,
748 1277 957 1313 passurum
988 1277 1029 1302 se
1062 1265 1257 1314 assignari
1292 1277 1422 1314 agros,
1455 1265 1549 1302 dum

109 1348 159 1373 ne
190 1335 254 1372 cui
286 1334 367 1372 nisi
400 1334 477 1372 civi
507 1334 690 1373 Romano
709 1335 979 1384 assignentur;
1013 1335 1182 1384 Cassius,
1200 1336 1297 1387 quia
1324 1337 1366 1374 in
1384 1337 1543 1387 agraria
1561 1338 1586 1376 8

110 1406 327 1455 largitione
358 1406 592 1444 ambitiosus
624 1407 665 1443 in
706 1407 835 1445 socios
873 1421 997 1458 eoque
1037 1409 1190 1447 civibus
1220 1409 1343 1447 vilior
1373 1412 1470 1460 erat,
1503 1413 1549 1448 ut

110 1478 192 1516 alio
223 1491 385 1516 munere
419 1477 499 1515 sibi
516 1478 798 1516 reconciliaret
814 1480 961 1518 civium
979 1480 1146 1529 animm,
1166 1481 1303 1519 iubere
1320 1495 1392 1531 pro
1411 1480 1546 1520 Siculo

106 1550 305 1587 frumento
337 1550 546 1600 pecuniam
578 1554 781 1601 acceptam
813 1551 988 1590 retribui
1017 1553 1181 1603 populo.
1227 1552 1277 1590 Id
1307 1566 1402 1591 vero
1434 1554 1542 1592 haud
1561 1555 1583 1593 9

109 1635 219 1659 secus
265 1634 382 1672 quam
429 1626 663 1672 praeseutem
703 1624 927 1662 mercedem
983 1625 1099 1674 regni
1137 1628 1350 1675 aspernata
1390 1626 1545 1676 plebes;

107 1692 205 1731 adeo
235 1697 402 1743 propter
432 1694 699 1744 suspicionem
732 1695 896 1734 insitam
914 1696 1042 1747 regni,
1060 1696 1173 1735 velut
1196 1697 1450 1737 abundarent
1466 1712 1546 1737 om-

105 1765 184 1812 nia,
215 1779 381 1804 munera
413 1766 497 1804 eius
530 1766 571 1804 in
603 1767 748 1805 animis
780 1767 985 1806 hominum
1024 1769 1329 1819 respuebantur.
1399 1770 1540 1822 Quem,
1562 1771 1614 1809 10

103 1836 177 1874 ubi
208 1837 379 1888 primum
409 1838 644 1887 magistratu
676 1839 789 1886 abiit,
824 1840 1054 1879 damnatum
1084 1844 1349 1892 necatumque
1375 1846 1542 1882 constat.

108 1907 222 1956 Sunt,
254 1910 322 1959 qui
353 1913 507 1960 patrem
539 1915 738 1949 auctorem
769 1912 853 1950 eius
870 1913 1063 1963 supplicii
1080 1913 1229 1953 ferant:
1263 1927 1363 1965 eum,
1383 1915 1544 1964 cognita

109 1981 218 2019 domi
251 1995 378 2028 causa,
409 1982 640 2022 verberasse
685 1997 729 2022 ac
777 1997 938 2023 necasse
983 1986 1265 2036 peculiumque
1296 1986 1370 2024 filii
1403 1986 1542 2025 Cereri

106 2054 418 2101 consecravisse;
465 2055 620 2104 signum
662 2056 758 2094 inde
787 2057 935 2095 factum
968 2071 1052 2096 esse
1085 2062 1124 2096 et
1154 2058 1412 2109 inscriptum:
1455 2059 1542 2107 „Ex

106 2125 245 2163 Cassia
275 2126 427 2164 familia
460 2126 631 2166 datum.“
695 2127 864 2167 Invenio
903 2129 1011 2180 apud
1053 2129 1257 2180 quosdam,
1296 2130 1417 2181 idque
1449 2144 1539 2181 pro·
1564 2133 1609 2170 11

104 2197 195 2248 pius
225 2197 340 2236 fidem
375 2201 444 2246 est,
475 2211 497 2236 a
528 2200 794 2249 quaestoribus
835 2200 998 2240 Caesone
1039 2202 1167 2240 Fabio
1214 2206 1253 2241 et
1293 2202 1338 2241 L.
1373 2203 1541 2243 Valerio

104 2270 210 2308 diem
241 2269 387 2308 dictam
406 2271 706 2320 perduellionis,
725 2273 1035 2324 damnatumque
1054 2275 1196 2325 populi
1212 2274 1540 2324 iudicio,dirutas

103 2341 266 2391 publice
299 2341 414 2381 aedes,
476 2343 535 2381 Ea
581 2348 639 2382 est
671 2358 763 2383 area
794 2349 885 2384 ante
917 2345 1093 2384 Telluris
1136 2347 1274 2387 aedem.
1337 2346 1535 2396 Ceterum,
1559 2347 1608 2385 12

101 2412 188 2450 sive
221 2413 324 2451 illud
357 2413 617 2453 domesticum
651 2416 734 2455 sive
765 2417 974 2468 publicum
1006 2418 1084 2456 fuit
1101 2418 1306 2468 iudicium,
1326 2418 1540 2456 damnatur

104 2482 249 2522 Servio
281 2484 481 2533 Cornelio,
512 2486 560 2534 Q.
594 2487 722 2527 Fabio
754 2490 997 2530 consulibus.
1555 2482 1747 2551 &ac-'2222

217 2556 341 2596 Haud
387 2558 581 2597 diuturna
626 2559 687 2598 ira
724 2561 865 2611 populi
904 2563 944 2600 in
978 2561 1160 2600 Cassium
1200 2562 1286 2599 fuit.
1356 2559 1540 2600 Dulcedo
1616 2560 1672 2607 42

105 2627 275 2675 agrariae
306 2629 406 2680 legis
438 2630 525 2680 ipsa
566 2644 637 2681 per
667 2645 720 2680 se,
761 2631 923 2684 dempto
962 2637 1136 2680 auctore,
1178 2632 1342 2671 subibat
1374 2633 1539 2681 animos,

104 2709 348 2750 accensaque
381 2714 426 2740 ea
457 2702 658 2753 cupiditas
691 2707 749 2742 est
780 2705 1031 2754 malignitate
1062 2705 1335 2755 patrun1,qui,
1372 2705 1540 2743 devictis
