1821 2928
258 122 310 158 28
887 119 1001 155 Liber
1026 120 1055 154 I.

257 246 361 282 intra
391 244 637 295 pomoerfflm,
671 242 785 281 modo
818 245 924 283 inter
953 246 1025 283 illa
1056 246 1139 296 pila
1171 251 1207 283 et
1239 247 1369 296 spolia
1399 246 1585 297 hostium,
1616 247 1682 285 vel

255 320 367 353 extra
392 316 636 364 pomoerium.
670 314 785 352 modo
818 316 921 354 inter
952 317 1131 367 sepulcra
1158 312 1450 364 Curiatiorum
1482 331 1560 368 quo
1577 318 1681 356 enim

257 386 400 423 ducere
445 387 549 423 hunc
596 386 774 423 iuvenem
820 389 1001 436 potestis,
1048 388 1116 425 ubi
1156 401 1232 426 non
1265 401 1334 425 sua
1366 388 1509 428 decora
1539 402 1626 426 eum
1658 402 1682 427 a

188 459 236 495 12
255 461 366 494 tanta
410 456 592 494 foeditate
637 457 824 507 supplicii
856 458 1113 496 vindicent?“
1163 459 1251 496 Non
1283 459 1378 496 tulit
1406 460 1579 509 populus
1608 473 1680 498 nec

255 528 381 577 patris
413 528 598 566 lacrimas
643 542 713 566 nec
754 529 880 578 ipsius
913 542 1046 579 parem
1081 530 1119 566 in
1152 530 1256 567 omni
1287 530 1464 580 periculo
1496 531 1681 579 animum,

253 598 589 648 absolveruntque
630 599 891 637 admiratione
924 601 1051 649 magis
1081 601 1242 638 virtutis
1274 615 1389 651 quam
1423 603 1508 640 iure
1537 615 1678 641 causae.

253 669 395 719 Itaque
426 673 471 707 ut
503 671 628 708 caedes
654 672 863 708 manifesta
887 672 1021 721 aliquo
1047 674 1179 709 tamen
1205 673 1362 722 piaculo
1390 674 1576 721 lueretur,
1607 673 1677 711 im-

183 740 231 778 13
249 744 428 790 peratum
455 742 574 791 patri,
602 746 645 779 ut
667 742 792 779 filium
819 743 997 792 expiaret
1020 744 1188 792 pecunia
1211 745 1387 793 publiea.
1433 745 1488 795 Is,
1516 745 1678 797 quibus-

250 811 338 849 dam
370 812 642 862 piacularibus
674 813 881 850 sacrificiis
913 814 1041 861 factis,
1072 827 1158 864 quae
1191 815 1333 853 deinde
1365 816 1474 864 genti
1495 816 1677 854 Horatiae

248 883 395 920 tradita
424 888 526 930 sunt,
552 885 781 921 transmisso
807 898 877 934 per
901 885 1004 922 viam
1029 885 1172 933 tigillo,
1196 887 1324 940 eapite
1348 886 1541 937 adoperto
1567 887 1679 925 velut

248 953 320 990 sub
353 954 489 1003 iugum
522 956 629 993 misit
661 957 855 993 iuvenem.
914 956 963 992 Id
995 956 1115 993 hodie
1147 970 1303 1007 quoque
1335 958 1492 1007 publice
1522 971 1678 1008 semper

182 1020 233 1057 14
249 1025 438 1062 refectum
465 1030 613 1073 manet·‚
642 1027 835 1064 sororium
862 1028 1036 1075 tigillum
1054 1032 1206 1066 vocant.
1239 1029 1419 1066 Horatiae
1436 1031 1675 1080 sepulcrum,

249 1109 325 1146 quo
358 1097 443 1134 loco
476 1102 679 1135 corruerat
711 1099 801 1147 icta,
835 1102 1103 1136 constructum
1137 1104 1197 1136 est
1228 1113 1320 1137 saxo
1352 1100 1559 1150 quadrato.

109 1167 159 1214 27
363 1168 445 1205 Nec
478 1167 545 1205 diu
576 1183 652 1218 pax
669 1169 832 1206 Albana
864 1170 1016 1207 mansit.
1063 1170 1225 1207 Invidia
1255 1171 1376 1219 vulgi,
1408 1171 1514 1222 quod
1543 1171 1674 1209 tribus

247 1238 442 1276 militibus
480 1240 639 1277 fortuna
676 1241 840 1289 publica
872 1242 1079 1278 commissa
1110 1243 1249 1288 fuerat,
1293 1256 1436 1280 vanum
1468 1242 1672 1292 ingenium

246 1310 454 1348 dictatoris
487 1311 674 1361 corrupit,
706 1315 755 1358 et,
787 1312 972 1361 quoniam
1004 1317 1111 1350 recta
1144 1314 1309 1351 consilia
1333 1314 1439 1351 haud
1463 1315 1561 1351 bene
1587 1327 1673 1351 eve-

205 1388 225 1423 -2
246 1386 398 1428 nerant,
429 1383 563 1431 pravis
594 1383 855 1420 reconciliare
887 1384 1141 1433 popularium
1176 1386 1326 1422 animos
1358 1385 1488 1435 coepit.
1533 1384 1670 1433 Igitur

243 1456 288 1490 ut
313 1454 422 1503 prius
448 1454 486 1490 in
512 1454 619 1491 bello
643 1467 792 1503 pacem,
826 1455 882 1491 sic
906 1455 944 1491 in
970 1468 1067 1504 pace
1090 1455 1236 1492 bellum
1255 1468 1445 1506 quaerens,
1477 1456 1572 1506 quia
1587 1469 1669 1493 suae

245 1525 402 1562 civitati
436 1526 655 1562 animorum
683 1526 772 1574 plus
797 1539 911 1575 quam
938 1526 1082 1563 virium
1107 1528 1295 1565 cernebat
1319 1541 1412 1574 esse,
1444 1527 1494 1565 ad
1519 1527 1670 1565 bellum

244 1596 374 1645 palam
407 1600 526 1646 atque
558 1610 605 1633 ex
638 1596 766 1633 edicto
798 1597 1018 1645 gerundum
1050 1598 1148 1635 alios
1173 1600 1346 1637 concitat
1368 1599 1550 1649 populos,
1581 1599 1665 1635 suis

204 1671 315 1716 3per
346 1668 513 1716 speciem
547 1668 750 1704 societatis
780 1669 1043 1717 proditionem
1075 1674 1261 1706 reservat.
1302 1670 1530 1720 Fidenates,
1562 1670 1667 1707 colo·

243 1738 309 1775 nia
333 1738 525 1789 Romana,
552 1739 789 1776 Veientibus
814 1740 932 1776 sociis
961 1740 1118 1777 consilii
1143 1741 1367 1791 assumptis,
1399 1745 1515 1791 pacto
1538 1744 1669 1778 trans-

198 1813 223 1848 4
244 1810 381 1847 itionis
413 1810 664 1847 Albanorum
697 1810 747 1847 ad
780 1810 929 1847 bellum
961 1815 1079 1861 atque
1111 1825 1218 1848 arma
1250 1812 1478 1852 incitantur.
1533 1811 1665 1859 Quum

243 1880 405 1918 Fidenae
436 1886 572 1931 aperte
603 1881 831 1931 descissent,
865 1882 1016 1929 Tullus,
1047 1883 1190 1920 Mettio
1223 1885 1479 1933 exercituque
1504 1883 1590 1920 eius
1615 1883 1666 1919 ab

243 1952 349 1989 Alba
382 1953 522 2003 accito,
555 1957 692 1990 contra
723 1954 855 1990 hostes
886 1952 1005 1990 ducit.
1065 1953 1147 1990 Ubi
1179 1954 1376 1992 Anienem
1407 1955 1580 2004 transiit,
1613 1954 1665 1992 ad

241 2023 483 2061 confluentes
508 2025 676 2061 collocat
699 2028 842 2061 castra.
889 2024 1001 2061 Inter
1018 2038 1105 2061 eum
1123 2025 1251 2062 locum
1271 2030 1309 2063 et
1327 2026 1499 2064 Fidenas
1517 2025 1664 2063 Veien-

200 2091 222 2128 5
240 2095 338 2131 tium
372 2096 568 2133 exereitus
586 2095 765 2133 Tiberim
795 2096 1016 2133 transierat.
1064 2096 1121 2133 Hi
1154 2096 1222 2147 [et]
1255 2097 1296 2134 in
1328 2098 1412 2135 acie
1442 2109 1567 2147 prope
1591 2096 1663 2133 flu-

240 2178 325 2202 men
371 2171 534 2204 tenuere
574 2167 755 2204 dextrum
803 2179 942 2212 cornu;
989 2167 1027 2203 in
1060 2168 1221 2206 sinistro
1253 2169 1469 2206 Fidenates
1499 2168 1665 2218 propius

240 2241 391 2273 montes
424 2238 656 2275 consistunt.
701 2237 842 2275 Tullus
874 2237 1061 2275 adversus
1094 2238 1303 2276 Veientem
1334 2240 1486 2278 hostem
1519 2239 1666 2288 dirigit

238 2320 338 2353 suos,
372 2308 553 2346 Albanos
585 2313 723 2346 contra
754 2308 952 2357 legionem
984 2309 1237 2347 Fidenatium
1270 2311 1450 2348 collocat.
1498 2310 1663 2348 Albano

237 2391 314 2415 non
346 2379 435 2428 plus
467 2379 589 2416 animi
621 2384 706 2417 erat
737 2393 852 2429 quam
876 2378 982 2419 fidei.
1028 2380 1110 2418 Nec
1134 2394 1292 2418 manere
1320 2394 1413 2430 ergo
1437 2395 1510 2419 nee
1531 2385 1661 2419 trans·

195 2448 217 2484 6
238 2449 295 2485 ire
327 2453 461 2498 aperte
492 2463 610 2487 ausus
641 2451 787 2487 sensim
819 2450 868 2487 ad
899 2454 1052 2488 montes
1084 2453 1281 2499 succedit;
1318 2452 1423 2503 inde,
1461 2453 1533 2491 ubi
1563 2453 1660 2490 satis

236 2519 387 2557 subisse
419 2533 502 2558 sese
533 2524 643 2557 ratus
675 2523 745 2569 est,
779 2521 898 2569 erigit
919 2524 1045 2559 totam
1069 2523 1192 2560 aciem
1217 2523 1494 2574 fluctuansque
1517 2524 1660 2571 animo,

235 2593 279 2626 ut
308 2594 455 2627 tereret
484 2595 650 2640 tempus,
681 2591 840 2627 ordines
872 2592 1053 2641 explicat.
1101 2593 1320 2631 Consilium
1347 2598 1446 2643 erat,
1477 2607 1557 2644 qua
1581 2594 1660 2632 for-

197 2661 218 2695 7
236 2664 333 2697 tuna
362 2673 444 2698 rem
473 2661 598 2708 daret,
629 2674 674 2698 ea
705 2661 902 2698 inclinare
933 2663 1050 2702 vires.
1097 2664 1294 2703 Miraeulo
1324 2666 1454 2715 primo
1478 2678 1563 2703 esse
1579 2664 1662 2702 Ro-
