1821 2928
527 108 642 143 Liber
665 107 739 142 111.
790 109 849 152 (A.
877 107 942 142 Ch.
967 109 1064 151 449.)
1431 113 1509 150 173

72 238 262 288 Dimissis
293 238 449 287 legatis,
481 236 667 275 admonet
683 235 831 273 milites
848 235 1080 285 Verginius,
1113 235 1154 273 in
1185 249 1227 274 re
1245 250 1323 274 non
1341 237 1511 274 maxima
1582 236 1630 283 51

72 311 193 363 paulo
225 313 316 349 ante
346 309 590 360 trepidatum
624 321 719 355 esse,
752 308 846 358 quia
878 308 963 346 sine
996 309 1128 358 capite
1145 308 1360 346 multitudo
1379 309 1512 356 fuerit,

71 395 399 434 responsumque,
433 393 660 432 quanquam
691 394 769 418 non
802 380 1014 427 inutiliter,
1046 381 1211 418 fortuito
1234 384 1367 419 tamen
1385 382 1513 431 magis

72 469 267 494 consensu
297 468 417 505 quam
450 453 647 492 communi
681 453 846 491 consilio
879 466 980 499 esse;
1013 453 1184 503 placere,
1215 453 1349 491 decem
1367 453 1509 504 creari,
1528 454 1551 490 2

71 529 139 579 qui
172 540 334 566 summae
366 527 426 564 rei
442 529 672 576 praeessent,
704 525 954 575 militarique
970 523 1121 562 honore
1138 525 1323 563 tribunos
1340 526 1511 564 militum

70 600 281 651 appellari.
343 598 474 646 Quum
507 597 558 636 ad
590 611 679 635 eum
710 598 841 648 ipsum
871 598 1042 648 primum
1075 597 1106 635 is
1132 597 1256 636 honos
1274 599 1508 649 deferretur,
1528 590 1551 627 3

74 672 341 722 „Melioribus
374 671 471 709 meis
500 670 727 720 vestrisque
757 670 875 707 rebus
905 673 1132 708 reservate“
1168 670 1300 721 inquit
1333 672 1435 722 „ista
1461 671 1509 709 de

70 758 132 782 me
163 744 324 782 iudicia.
386 743 469 781 Nec
500 743 598 780 mihi
613 742 701 780 filia
718 742 846 780 inulta
861 741 1051 779 honorem
1069 742 1196 780 ullum
1214 743 1428 781 iucundum
1448 758 1509 782 es·
1527 742 1552 780 4

72 830 112 855 se
143 817 309 867 patitur,
340 829 413 853 nec
444 816 487 853 in
517 815 752 866 perturbata
782 828 825 852 re
855 814 1018 866 publica
1050 829 1115 853 eos
1147 815 1247 853 utile
1265 819 1324 854 est
1339 829 1510 867 praeesse

67 888 195 935 vobis,
228 888 299 939 qui
328 888 503 939 proximi
534 887 699 925 invidiae
730 888 823 927 sint.
885 886 928 925 Si
960 888 1050 938 quis
1066 901 1160 926 usus
1185 889 1262 926 mei
1279 892 1349 936 est,
1381 889 1507 927 nihilo
1526 891 1549 929 5

68 962 198 999 minor
230 974 278 999 ex
308 960 469 1011 privato
502 960 692 1011 capietur.
703 963 720 981 “
783 961 849 999 Ita
866 960 1002 998 decem
1019 974 1184 999 numero
1201 961 1385 1000 tribunos
1401 962 1506 999 mili·
1526 969 1548 1005 6

69 1037 177 1072 tares
208 1036 357 1072 creant.

182 1105 333 1156 Neque
355 1106 395 1143 in
428 1104 588 1143 Sabinis
620 1105 773 1155 quievit
805 1106 1018 1145 exereitus.
1079 1106 1145 1144 Ibi
1169 1120 1327 1158 quoque
1345 1111 1506 1146 auctore
1526 1111 1548 1147 7

67 1178 190 1216 Icilio
221 1177 531 1228 Numitorioque
577 1178 744 1216 secessio
791 1178 840 1215 ab
888 1177 1124 1217 decemviris
1169 1179 1277 1218 facta
1315 1184 1384 1228 est,
1429 1194 1509 1218 non

65 1250 218 1289 minore
249 1253 358 1289 motu
389 1250 612 1287 animorum
630 1248 754 1288 Siccii
787 1250 906 1288 caedis
937 1251 1127 1288 memoria
1154 1255 1357 1298 renovata,
1390 1266 1509 1303 quam

66 1337 181 1374 quem
227 1335 331 1361 nova
360 1322 466 1360 fama
507 1322 555 1359 de
586 1323 744 1371 virgine
777 1322 875 1361 adeo
907 1322 1010 1360 foede
1043 1322 1094 1360 ad
1125 1323 1338 1362 libidinem
1380 1324 1509 1375 petita

66 1395 313 1433 accenderat.
373 1394 516 1432 Icilius
548 1394 618 1431 ubi
650 1394 820 1441 audivit,
850 1394 1035 1433 tribunos
1053 1395 1223 1433 militum
1243 1397 1283 1433 in
1300 1396 1504 1434 Aventino
1522 1401 1547 1439 8

65 1470 232 1515 creatos,
258 1480 307 1504 ne
324 1466 577 1504 comitiorum
595 1467 1158 1519 militariumpraerogativam
1175 1468 1330 1506 urbana
1346 1470 1508 1507 comitia

63 1539 209 1578 iisdem
253 1538 428 1577 tribunis
473 1538 604 1589 plebis
650 1539 833 1577 creandis
871 1543 1145 1589 sequerentur,
1186 1541 1339 1590 peritus
1370 1543 1544 1581 rerum9

61 1612 322 1663 popularium
354 1611 644 1662 imminensque
661 1612 696 1649 ei
713 1612 914 1662 potestati,
949 1615 989 1649 et
1005 1612 1104 1663 ipse,
1129 1613 1359 1664 priusquam
1380 1614 1506 1652 iretur

61 1684 112 1722 ad
143 1684 297 1734 urbem,
329 1684 418 1734 pari
448 1687 648 1734 potestate
680 1684 850 1722 eundem
881 1694 1090 1723 numerum
1122 1685 1171 1723 ab
1189 1686 1272 1725 suis
1290 1687 1504 1725 creandum

62 1759 188 1796 curat.
249 1755 375 1794 Porta
408 1755 568 1794 Collina
599 1756 738 1794 urbem
769 1757 971 1796 intravere
1002 1758 1076 1796 sub
1108 1758 1247 1807 signis,
1291 1759 1502 1810 mediaque
1524 1762 1574 1800 1Ο

59 1829 159 1867 urbe
190 1829 348 1879 agmine
381 1829 423 1866 in
441 1828 693 1867 Aventinum
710 1834 895 1879 pergunt.
955 1830 1022 1869 Ibi
1039 1831 1240 1869 coniuncti
1257 1832 1377 1870 alteri
1396 1846 1505 1871 exer-

54 1901 159 1939 citui
189 1901 337 1951 viginti
366 1901 542 1939 tribunis
574 1901 751 1939 militum
782 1903 990 1952 negotium
1023 1903 1234 1954 dederunt,
1275 1908 1320 1942 ut
1351 1918 1399 1942 ex
1432 1918 1504 1943 suo

59 1987 224 2012 numero
258 1973 357 2012 duos
390 1977 586 2024 crearent,
615 1974 684 2024 qui
717 1987 878 2013 summae
909 1989 1044 2014 rerum
1075 1980 1305 2027 praeessent.
1351 1976 1407 2015 M.
1420 1976 1500 2028 Op·
1521 1980 1570 2018 11

59 2046 184 2097 pium,
218 2044 310 2085 Sex.
342 2045 558 2083 Manilium
590 2051 739 2085 creant.

173 2117 318 2156 Patres
350 2118 516 2156 solliciti
549 2118 596 2157 de
628 2133 778 2158 summa
810 2134 957 2169 rerum,
988 2135 1110 2172 quum
1141 2125 1301 2161 senatus
1320 2123 1502 2174 quotidie

58 2193 172 2240 esset,
219 2190 365 2239 iurgiis
411 2190 557 2241 saepius
595 2195 732 2230 terunt
761 2195 919 2244 tempus
951 2207 1069 2245 quam
1103 2195 1298 2235 consiliis,
1376 2194 1501 2233 Siccii
1521 2189 1571 2226 12

58 2262 186 2301 caedes
218 2262 453 2301 decemviris
486 2266 524 2301 et
540 2263 735 2314 Appiana
766 2265 893 2304 libido
918 2270 957 2304 et
974 2266 1170 2305 dedecora
1186 2267 1345 2305 militiae
1363 2268 1501 2305 obiici-

51 2334 240 2373 -ebantun
302 2334 511 2385 Placebat,
545 2335 755 2376 Valerium
773 2338 1072 2390 Horatiumque
1104 2339 1163 2378 ire
1181 2340 1223 2378 in
1241 2339 1501 2378 Aventinum.

58 2405 128 2445 Illi
158 2406 374 2457 negabant,
408 2421 448 2445 se
480 2407 598 2446 aliter
628 2409 768 2458 ituros,
801 2424 920 2462 quam
951 2411 987 2449 si
1012 2411 1231 2451 decemviri
1255 2412 1502 2463 deponerent

57 2478 234 2529 insignia
250 2479 509 2529 magistratus
527 2480 621 2529 eius,
654 2496 731 2532 quo
749 2496 855 2521 anno
872 2483 950 2522 iam
969 2486 1061 2522 ante
1078 2484 1265 2523 abissent.
1325 2484 1497 2522 Decem-
1518 2484 1568 2524 13

49 2550 135 2589 viri
166 2554 391 2602 querentes,
437 2565 479 2591 se
511 2553 551 2590 in
585 2553 766 2594 ordinem
799 2556 899 2606 cogi,
945 2570 1024 2595 non
1056 2560 1148 2595 ante
1179 2569 1299 2606 quam
1330 2555 1498 2606 perlatis

58 2621 227 2673 legibus,
261 2637 429 2674 quarum
461 2638 580 2664 causa
612 2627 736 2665 creati
768 2631 914 2678 essent,
947 2628 1199 2679 deposituros
1215 2627 1429 2677 imperium
1457 2640 1498 2667 se

49 2693 233 2735 .aiebant.
294 2695 376 2735 Per
406 2697 461 2736 M.
479 2697 692 2747 Duillium,
724 2700 794 2751 qui
824 2700 1010 2739 tribunus
1026 2700 1156 2750 plebis
1173 2699 1315 2750 fuerat,
1349 2699 1498 2739 certior
1569 2694 1624 2743 52
