1821 2928
798 140 874 177 VII

122 259 299 296 AEmjlius
325 256 417 302 (My.
442 257 525 293 Em.
551 258 612 302 68)
637 255 768 301 XXII,
792 259 814 293 9
839 256 911 302 (Μ
937 257 1204 303 reciperantur
1232 258 1308 301 ius3
1339 269 1404 293 em.
1434 258 1558 293 Weiss.

124 315 242 353 Ceteri
270 314 370 351 codd.
402 309 438 350 ἑὲ
470 314 548 350 edd.
573 315 825 360 reciperando
850 315 924 359 ius)
960 316 1002 349 10
1033 315 1176 350 Manlio
1212 315 1329 351 Gnaeo
1360 316 1440 351 sine
1470 318 1560 351 ‘nota

121 372 244 409 mendi
274 372 318 417 (v.
343 372 454 418 proef.
480 373 608 418 partis
639 371 667 407 I
686 371 735 406 ad
760 371 842 416 III,
872 372 930 416 29,
955 372 1002 417 74.
1022 372 1131 408 Codd.
1156 373 1430 408 Manlioneuio.
1468 373 1560 409 For·

124 433 218 467 tasse
241 441 452 476 proenomen
469 430 638 476 primwm
663 429 851 473 omissum,
878 431 1010 474 postea
1043 430 1214 466 additum
1238 431 1314 476 est.)
1347 429 1506 474 xxm,
1538 431 1560 466 6

120 488 241 534 integi
272 487 339 533 (ed.
366 487 475 524 Frob.
500 488 604 531 1535,
635 487 717 523 Em.
743 488 813 523 149
838 487 889 533 n.)
921 485 1044 533 XXV,
1075 490 1097 523 2
1129 487 1389 533 (consulatum
1418 486 1564 522 notavit

121 545 288 591 Doerinq,
313 545 396 581 Em.
421 545 510 590 150)
535 547 557 579 7
583 545 702 590 (Fort.
728 545 946 588 intendere,
973 544 1055 580 Em.
1075 545 1160 591 150)
1183 545 1188 590 Ι
1211 549 1332 580 coetus
1356 545 1437 580 siue
1454 544 1562 580 uncis

122 603 215 648 (Om.
241 602 317 638 cod.
343 602 495 647 quidam
519 602 694 638 Hearm‘i.
722 602 948 648 Nipperdeio
975 601 1089 647 [Spic.
1113 602 1220 637 Corn.
1246 601 1304 646 ΙΙ,
1329 605 1352 637 5
1371 615 1409 648 p.
1441 602 1476 647 6]
1503 601 1560 637 de-

115 661 242 707 fensio
266 660 476 696 successisse
500 671 577 695 non
598 659 770 705 videtur.)
803 659 947 703 XXVI,
982 663 999 694 1
1033 660 1074 694 in
1104 670 1170 695 om.
1203 659 1295 705 (My.
1321 660 1403 695 Em.
1428 659 1514 704 150)
1537 661 1560 694 9

122 718 285 754 inferum
300 717 391 762 (edd.
405 718 502 762 vett.)
527 716 713 760 XXVIII,
728 719 750 752 9
763 718 865 752 redit
878 716 1027 761 XXIX,
1043 718 1060 751 1
1075 718 1215 762 (spatio
1229 716 1424 752 damnavit
1435 716 1562 760 Gron„

121 776 203 812 Em.
228 777 290 821 15)
316 774 439 819 XXX,
470 776 492 810 8
515 774 575 809 his
609 777 649 808 11
684 775 750 819 qui
785 773 901 809 fidem
932 775 1230 820 implorantibus
1263 786 1280 810 e
1311 774 1404 810 coni.
1435 774 1560 809 Weiss.

121 832 212 879 (My.
232 833 315 868 Em.
340 834 421 867 151.
449 831 558 867 Codd.
585 832 681 876 eam)
705 832 709 876 Ι
733 832 916 866 auxilium
947 831 1028 867 sine
1052 831 1158 866 uncis
1189 831 1282 877 (My.
1307 832 1395 876 ibd.)
1424 832 1430 876 Ι
1458 831 1562 877 (ante

120 889 204 925 add.
216 889 412 934 Buettner)
427 891 471 924 18
485 889 659 924 ascendit
681 889 686 933 Ι
709 889 899 934 quidquid
913 889 981 934 [id]
997 890 1137 924 deinde
1151 889 1264 933 (codd.
1275 890 1414 933 omnes)
1431 889 1434 921 Ι
1451 888 1562 933 quid-

123 948 216 993 quid
239 948 424 983 fuerimus
455 945 570 991 (codd.
595 956 702 990 recc.,
734 945 795 981 sed
821 946 855 980 L
879 949 915 981 et
937 946 1007 983 aliz·
1031 947 1182 992 quidam
1208 947 1398 992 quidquid
1421 946 1463 980 id
1486 946 1563 991 ipsi

120 1006 144 1040 f.
171 1006 208 1041 P
227 1004 418 1050 quidquid
441 1004 483 1038 id
518 1003 541 1038 f.
567 1003 617 1038 M
635 1003 709 1038 hoec
734 1004 816 1048 om.)
849 1005 894 1039 22
928 1004 1083 1048 (iubetis
1111 1004 1187 1049 My.
1214 1004 1297 1039 Em.
1322 1005 1403 1038 151.
1442 1003 1562 1047 Codd„

122 1063 241 1098 Drak.
253 1062 361 1098 Stare
375 1081 420 1086 -—
432 1061 569 1104 habeo,
586 1061 731 1104 quid—
743 1061 938 1106 iubeatis.)
953 1061 1099 1105 XXXI,
1116 1064 1136 1096 3
1147 1062 1201 1097 fas
1216 1063 1352 1106 iusque
1363 1061 1563 1107 (Woelffli‘n

122 1120 256 1156 Philol.
278 1117 562 1163 ΧΧΝΡ.406)
588 1116 757 1159 ΧΧΧΠ,
784 1121 824 1152 11
851 1118 949 1162 (Em.
975 1119 1061 1164 103)
1089 1121 1132 1154 12
1152 1119 1387 1154 factionibus
1414 1118 1561 1164 [modo]

122 1189 194 1213 nec
220 1176 421 1221 (Glarean.,
446 1175 528 1210 Em.
554 1176 626 1209 152
649 1176 700 1220 n.)
727 1174 910 1219 XXXIV,
947 1178 989 1211 13
1016 1177 1162 1221 (diduci
1182 1188 1254 1221 pro
1281 1177 1393 1212 educi
1421 1176 1561 1220 W’eiss.)

122 1233 283 1272 XXXV,
308 1235 330 1269 6
355 1233 451 1278 (ipse
477 1232 529 1267 ed.
558 1232 665 1267 Frob.
691 1234 796 1267 1531.
832 1233 952 1277 Codd.,
985 1233 1104 1268 Drak.
1129 1235 1220 1278 ipsi,
1247 1233 1334 1269 dein
1358 1234 1477 1269 Drak.
1505 1246 1561 1269 ar-

123 1292 274 1328 cuerint
297 1311 342 1316 —
369 1290 707 1333 circumdederint,
733 1301 824 1325 corr.
851 1302 868 1325 e
894 1290 931 1325 P
949 1290 1078 1325 Klock.
1104 1291 1186 1326 Em.
1210 1293 1307 1336 152.)
1333 1290 1516 1334 XXXVI,
1540 1294 1562 1326 '7

124 1350 173 1384 ad
188 1349 383 1384 consulem
396 1348 436 1381 in
453 1352 589 1390 castra,
613 1347 763 1392 ingenti
779 1347 923 1391 (ὤση,
943 1347 1032 1383 Lov.
1045 1349 1082 1393 4)
1103 1347 1307 1393 XXXVI-I,
1332 1351 1353 1384 2
1371 1347 1561 1395 [singulis]

121 1407 248 1441 bubus
262 1405 379 1451 privis
392 1404 571 1448 binisque
580 1403 681 1447 (MP,
689 1404 731 1438 in
741 1404 846 1439 cuius
855 1405 1021 1450 margine
1035 1406 1289 1451 estprivisque
1298 1407 1452 1450 tunicis,
1461 1405 1561 1441 codd.

122 1474 230 1507 recc.,·
255 1461 488 1506 LHduoque
513 1461 582 1495 alii
607 1462 802 1506 privisque
827 1461 1004 1507 binisque
1030 1463 1183 1498 tunicis.
1203 1463 1286 1498 Em.
1299 1464 1347 1498 32
1360 1464 1409 1508 η.)
1435 1463 1560 1508 4(Pr0

123 1533 199 1565 qua
216 1519 313 1564 fort.
339 1529 406 1554 ser.
434 1518 534 1563 quia,
560 1518 642 1553 Em.
668 1519 752 1563 153)
779 1520 800 1553 6
827 1518 1147 1562 (Conizmctionem
1165 1522 1254 1564 post
1274 1521 1560 1566 impedimentis

123 1577 206 1612 add.
237 1576 373 1619 Weiss„
399 1575 481 1610 Em.
506 1575 602 1619 153.)
630 1579 669 1610 11
697 1576 852 1611 interim
880 1580 917 1611 et
934 1576 1109 1612 Romano
1129 1576 1221 1622 (My.
1238 1577 1472 1613 Codd.PHL
1491 1577 1561 1613 alii

119 1635 275 1669 interim
301 1634 390 1678 quia
416 1637 454 1666 et
478 1632 663 1676 Romano,
690 1632 738 1667 M
756 1634 911 1668 interim
939 1646 987 1678 qa
998 1634 1184 1678 Romano,
1209 1637 1337 1671 notato
1364 1648 1388 1680 q
1412 1635 1559 1670 lineola.

120 1691 203 1727 Em.
234 1691 306 1725 153
329 1691 422 1734 not.)
459 1688 690 1733 XXXVIII,
725 1693 748 1725 4
785 1690 1141 1736 Suessanorumque
1179 1691 1334 1737 (Sigon.)
1371 1691 1561 1737 XXXIX,

120 1750 142 1784 6
168 1751 342 1783 exsectos
368 1758 386 1782 e
409 1747 502 1782 coni.
529 1747 613 1783 Put.
638 1747 838 1792 (Gebhard,
868 1748 951 1783 Em.
976 1750 1047 1783 155
1071 1751 1145 1784 not.
1173 1749 1292 1794 Codd,
1319 1750 1437 1785 Drak.
1465 1752 1560 1786 eiec-

120 1806 196 1850 tos)
224 1806 266 1840 14
292 1804 387 1848 (Em.
413 1806 497 1849 154)
526 1808 567 1840 17
592 1805 827 1840 Mamercum
851 1804 933 1849 XL,
961 1808 976 1840 1
1007 1807 1059 1849 (et
1084 1806 1166 1841 add.
1187 1807 1343 1851 Duker.)
1369 1810 1390 1842 2
1417 1809 1465 1843 ad
1485 1809 1561 1843 col·

121 1863 254 1907 loquia
278 1861 338 1906 (L,
362 1862 445 1897 Em.
469 1863 554 1907 156)
582 1865 601 1897 3
629 1863 813 1898 Corvinus
837 1863 841 1907 Ι
864 1862 917 1906 (Is
943 1863 1026 1897 add.
1058 1864 1200 1907 IVeiss„
1235 1864 1312 1910 My.
1334 1865 1415 1900 Em.
1430 1866 1513 1910 156)
1538 1869 1561 1900 4

121 1919 239 1963 (haud
259 1920 406 1954 minore
422 1919 498 1954 Iac.
514 1919 631 1954 Periz.
648 1919 755 1954 Coclxl.
781 1920 885 1954 haud
912 1919 975 1965 [al.
1003 1920 1084 1966 aut]
1112 1922 1253 1965 minor,
1285 1924 1321 1956 et
1348 1922 1404 1957 ita
1430 1922 1560 1966 Drak„

123 1976 233 2011 aliter
256 1977 494 2021 interpuncta
519 1977 713 2019 oratione.)
739 1978 761 2011 8
784 1977 816 2011 is
844 1989 946 2012 eram
973 1977 1063 2021 (cod.
1084 1989 1183 2012 unus
1207 1981 1243 2013 et
1266 1979 1360 2014 alter
1382 1980 1466 2024 rec.)
1492 1982 1563 2015 oet

123 2036 167 2069 10
179 2039 351 2079 geretur-3
378 2034 449 2078 [ut]
475 2046 599 2079 neque
622 2034 863 2079 (Heusivyer)
887 2037 890 2076 Ι
914 2035 1058 2070 (hostes
1086 2046 1161 2070 ero.
1187 2035 1265 2071 Vos
1286 2036 1363 2081 My.
1377 2037 1459 2072 Em.
1479 2038 1560 2072 156.

122 2090 243 2134 Codd.,
269 2090 387 2126 Drak.
413 2091 554 2125 hostes.
592 2091 696 2136 Ergo
723 2099 805 2135 vos)
833 2090 935 2126 XLI.
960 2095 982 2126 4
1015 2092 1140 2132 (Fort.
1172 2103 1240 2128 scr.
1274 2095 1339 2139 qui
1369 2095 1561 2138 tribunus,

121 2147 203 2184 Em.
228 2150 312 2193 157)
339 2151 360 2183 6
388 2152 498 2192 esset,
525 2148 621 2193 [qui]
648 2148 694 2183 ab
722 2149 817 2191 (Em.
843 2151 889 2183 13
915 2152 951 2184 et
972 2151 1044 2193 15).

210 2206 281 2240 Lib.
309 2206 394 2240 vm.
445 2205 532 2250 Cap.
559 2204 590 2247 I,
617 2208 633 2240 1
661 2205 878 2241 Mamercus
903 2209 924 2242 2
951 2208 1056 2242 venit
1080 2206 1133 2251 H,
1159 2209 1180 2242 5
1206 2208 1346 2252 quibus
1376 2209 1434 2243 usi
1467 2209 1558 2254 (My.

122 2262 204 2298 Em.
224 2264 307 2308 157)
335 2265 378 2296 10
402 2263 604 2297 victoriam
631 2274 795 2297 suam
814 2264 998 2309 eripuisse
1015 2265 1171 2308 (Duker.
1199 2264 1319 2308 Codd,
1344 2265 1464 2300 Drak.
1483 2267 1560 2302 vic-

121 2320 277 2366 toriam,
316 2320 756 2364 quam...eripuissent.
799 2320 881 2355 Em.
914 2322 984 2355 157
1017 2322 1067 2365 η.)
1099 2321 1173 2361 ΠΙ,
1211 2324 1231 2357 3
1264 2323 1486 2358 celabantur
1520 2343 1560 2349 —

121 2377 346 2422 priusquam
367 2405 373 2410 .
392 2404 419 2410 ..
446 2376 628 2410 volebant·
663 2396 718 2419 —,
756 2380 884 2412 tamen
911 2377 1002 2422 (edd.
1040 2381 1121 2414 vett.
1155 2379 1391 2414 Parenthesis
1421 2380 1460 2414 in
1493 2380 1560 2414 hac

123 2434 400 2469 continuatione
426 2433 650 2468 celabantur
757 2435 939 2470 volebant
965 2435 1029 2471 vix
1054 2437 1174 2472 locum
1197 2436 1326 2479 habet.)
1351 2438 1372 2469 5
1400 2436 1455 2479 (Is
1476 2436 1558 2471 add.

124 2489 226 2525 cod?
251 2490 413 2536 Siyom'i)
439 2489 504 2534 lv,
530 2493 550 2525 3
575 2491 604 2524 si
631 2490 753 2526 foedus
781 2499 848 2535 est,
875 2493 906 2527 si
932 2494 1108 2536 societas,
1132 2494 1166 2528 si
1187 2495 1354 2538 aequatio
1371 2493 1462 2538 (My.
1477 2493 1558 2529 Em.

123 2545 207 2591 158)
229 2547 235 2591 Ι
257 2559 454 2583 secernere
493 2548 538 2583 ab
578 2559 616 2582 se
643 2549 821 2584 consules
854 2549 946 2594 (My.
972 2550 1054 2585 Em.
1081 2551 1165 2594 159)
1195 2555 1216 2585 4
1244 2551 1367 2592 datur,
1401 2551 1466 2585 ubi
1494 2578 1558 2595 ...‚
