1821 2928
394 168 418 201 fi
805 177 893 202 Liber
912 176 962 201 VI.
1001 176 1047 204 (Α.
1068 184 1094 201 u.
1115 184 1138 201 c.
1159 179 1315 205 soc—:msa

335 291 470 327 fuerit:
510 291 558 327 ab
592 290 672 326 illis
705 290 807 327 enim
839 294 1006 336 tantum,
1039 291 1169 338 quoad
1200 290 1303 327 vires
1335 294 1374 327 et
1404 304 1514 328 arma
1545 291 1770 338 habuerint,

294 357 581 394 4incursiones
620 372 663 395 eo
703 359 845 404 factas;
886 359 1039 396 nobiles
1077 358 1254 396 homines
1292 358 1334 395 in
1365 358 1650 408 possessionem
1681 360 1770 408 agri

332 425 484 474 publici
510 427 696 473 grassari,
726 440 808 472 nec,
835 426 922 472 nisi,
948 431 1159 475 antequam
1184 427 1315 464 omnia
1339 426 1588 476 praecipiant,
1619 427 1769 465 divisus

294 493 316 528 ι’)
335 493 397 538 sit,
428 493 556 530 locum
589 494 645 530 ibi
684 494 792 543 plebi
823 495 916 531 fore.
975 494 1098 531 Haud
1129 508 1272 543 magno
1304 508 1422 544 opere
1453 495 1610 544 plebem
1639 509 1768 533 move-

332 566 437 607 runt,
477 566 515 597 et
556 562 843 611 infrequentem
886 563 926 599 in
967 562 1053 599 foro
1094 566 1257 612 propter
1298 562 1523 600 aedificandi
1565 576 1700 600 curam
1731 567 1769 600 et

335 629 471 667 eodem
496 630 726 667 exhaustam
759 630 956 679 impensis,
989 644 1112 679 eoque
1144 631 1231 679 agri
1263 630 1539 677 immemorem,
1570 631 1620 668 ad
1653 645 1769 680 quem

332 698 609 735 instruendum
639 698 744 735 vires
776 712 854 735 non
887 702 1029 735 essent.

292 768 314 801 ὅ
447 766 497 802 In
544 766 704 803 civitate
750 767 868 815 plena
913 767 1173 814 religionum,
1218 770 1312 802 tunc
1358 767 1475 804 etiam
1521 767 1571 804 ab
1617 767 1768 805 recenti

333 834 446 871 clade
492 834 779 883 superstitiosis
825 834 1098 883 principibus,
1158 838 1203 871 ut
1246 839 1531 872 renovarentur
1576 835 1767 885 auspicia,

332 916 394 939 res
425 903 476 939 ad
515 902 786 950 interregnum
824 901 956 939 rediit.
1016 902 1241 950 Interreges
1283 902 1469 951 deinceps
1504 902 1560 939 M.
1590 902 1767 940 Manlius

333 970 596 1019 Capitolinus.
638 970 720 1006 Ser.
763 970 965 1019 Sulpicius
1005 970 1248 1015 Camerinus,
1288 969 1334 1006 L.
1366 969 1554 1007 Valerius
1585 969 1764 1016 Potitum

294 1037 396 1073 Thic
428 1037 584 1074 demum
623 1037 874 1075 tribunorum
916 1037 1086 1074 militum
1128 1038 1329 1075 consulari
1369 1042 1565 1087 potestate
1607 1038 1766 1076 comitia

124 1103 237 1162 32:131?-
254 1106 312 1162 {¹0}
333 1105 484 1142 habuit.
544 1105 589 1141 L.
621 1105 843 1154 Papirium,
886 1102 925 1143 C.
961 1102 1223 1154 Cbrnelz‘um,
1257 1106 1298 1142 C.
1331 1105 1525 1154 Sergium,
1563 1105 1609 1143 L.
1640 1107 1766 1143 AEmi·

331 1173 427 1209 lium
459 1173 612 1218 iterum,
645 1173 690 1209 L.
721 1173 960 1218 Menenium,
1002 1173 1046 1209 L.
1079 1172 1288 1210 Valerium
1319 1173 1573 1211 Publicolam
1603 1174 1767 1212 tertium

291 1241 456 1278 Screatz
511 1241 539 1277 ii
585 1255 631 1277 ex
677 1241 904 1289 interregno
949 1241 1227 1289 magistratum
1274 1254 1469 1290 occepere.
1556 1242 1616 1279 Eo
1662 1256 1765 1280 anno

331 1310 435 1346 aedes
475 1309 620 1346 Martis
653 1307 809 1345 Gallico
850 1309 955 1345 bello
996 1312 1088 1345 vota
1131 1308 1315 1353 dedicata
1355 1314 1414 1345 est
1445 1323 1467 1346 a
1497 1309 1542 1346 T.
1574 1310 1764 1357 Quinctio

331 1377 540 1414 duumviro
572 1376 693 1413 sacris
724 1376 926 1413 faciendis.
987 1376 1134 1414 Tribus
1165 1380 1353 1425 quattuor
1384 1391 1431 1414 ex
1469 1379 1581 1415 novis
1613 1377 1766 1416 civibus

332 1445 491 1490 additae,
531 1444 754 1489 Stellatina,
795 1443 1063 1489 Tromentina,
1105 1443 1309 1489 Sabatina,
1354 1444 1586 1491 Arniensis3
1631 1458 1765 1494 eaeque

211 1508 235 1554 6
331 1513 476 1561 viginti
507 1513 683 1561 quinque
713 1512 889 1549 tribuum
915 1525 1119 1548 numerum
1147 1511 1365 1560 explevere.
1410 1512 1475 1549 De
1506 1526 1601 1561 agro
1618 1513 1764 1563 Pomp-

329 1580 414 1617 tino
455 1581 504 1616 ab
542 1580 587 1616 L.
627 1579 777 1617 Sicinio
817 1579 980 1616 tribuno
1022 1579 1150 1628 plebis
1191 1583 1322 1616 actum
1363 1580 1412 1616 ad
1454 1581 1764 1630 frequentiorem

331 1648 409 1684 iani
454 1647 646 1697 populum
698 1646 1024 1695 mobilioremque
1070 1647 1121 1683 ad
1174 1647 1433 1696 cupiditatem
1478 1649 1585 1696 agri,
1645 1662 1763 1697 quam

237 1703 241 1705 .
290 1716 312 1751 2
332 1716 474 1752 fuerat.
532 1715 585 1752 Et
625 1714 673 1751 (le
705 1714 850 1751 Latino
882 1714 1137 1763 Hernicoque
1175 1714 1279 1751 bello
1321 1715 1468 1752 mentio
1498 1716 1603 1753 facta
1634 1717 1675 1753 in
1706 1731 1763 1754 se-

330 1788 424 1820 natu
449 1782 610 1820 maioris
632 1782 729 1819 belli
755 1795 860 1825 cura,
891 1782 997 1830 quod
1023 1781 1187 1818 Etruria
1211 1782 1252 1818 in
1278 1783 1398 1819 armis
1425 1787 1519 1829 erat,
1550 1783 1678 1821 dilata
1693 1789 1764 1822 est.

287 1852 310 1886 3
442 1850 521 1887 Res
553 1850 603 1887 ad
636 1849 847 1887 Camillum
876 1849 1083 1886 tribunum
1127 1849 1297 1886 militum
1329 1851 1528 1888 consulari
1566 1855 1763 1901 potestate

123 1916 467 1975 22‡51·u‘521·ediit;
514 1918 675 1966 collegae
713 1917 842 1954 addit-i
874 1917 1061 1966 quinque,
1106 1916 1190 1954 Ser.
1223 1917 1430 1955 Cornelius
1461 1918 1764 1969 Maluginensis,

329 1986 377 2032 Q.
418 1984 611 2022 Servilius
653 1985 828 2022 Fidenas
869 1988 1033 2030 sextum,
1075 1984 1119 2020 L.
1161 1985 1373 2031 Quinctius
1405 1986 1677 2035 Cincinnatus,
1715 1988 1762 2025 L.

289 2053 524 2090 4Horatius
548 2053 761 2099 Pulvillus,
792 2052 837 2089 P.
856 2051 1055 2089 Valerius.
1116 2052 1324 2102 Principio
1355 2053 1450 2090 anni
1481 2067 1628 2091 aversae
1659 2067 1761 2092 curae

328 2122 531 2159 hominum
577 2124 668 2157 sunt
713 2136 734 2157 a
775 2120 880 2157 bello
914 2120 1092 2166 Etrusco,
1139 2120 1246 2169 quod
1288 2120 1527 2168 fugientium
1573 2135 1620 2158 ex
1665 2135 1760 2170 agro

328 2189 545 2238 Pomptino
577 2202 717 2236 agmen
746 2192 910 2237 repente
941 2187 1097 2224 illatum
1134 2188 1174 2224 in
1213 2188 1351 2226 urbem
1389 2188 1535 2235 attulit,
1572 2188 1762 2226 Antiates

330 2256 371 2293 in
403 2256 521 2293 armis
553 2269 634 2293 esse
651 2255 966 2303 Latinorumque
998 2255 1166 2304 populos
1198 2255 1443 2292 iuventutem
1475 2269 1584 2293 suam
1607 2254 1762 2294 misisse

292 2324 382 2361 J‘Jad
414 2325 455 2360 id
485 2324 644 2368 bellum,
676 2337 720 2359 eo
753 2323 968 2359 abnuentes
1000 2323 1204 2371 publicum
1242 2322 1363 2359 fuisse
1396 2323 1614 2370 consilium,
1653 2324 1760 2372 quod

328 2405 406 2428 non
430 2391 652 2440 prohibitos
675 2390 950 2427 tantummodo
974 2390 1250 2439 [voluntarios]
1276 2390 1455 2427 dicerent
1477 2390 1660 2437 militare,
1690 2391 1761 2428 ubi

288 2461 310 2495 ὃ
330 2458 487 2494 vellent.
546 2457 762 2495 Desierant
799 2457 876 2493 iam
908 2456 990 2493 ulla
1023 2457 1221 2494 contemni
1252 2457 1368 2494 bella.
1426 2458 1570 2506 Itaque
1601 2461 1760 2495 senatus

328 2525 390 2562 dis
421 2539 537 2574 agere
567 2525 728 2573 gratias,
769 2524 875 2573 quod
907 2523 1099 2562 Camillus
1136 2524 1177 2562 in
1208 2525 1444 2572 magistratu
1475 2527 1592 2560 esset:
1634 2524 1760 2561 dicta—

326 2598 452 2630 torem
499 2593 647 2642 quippe
692 2592 904 2629 (licendum
949 2604 1036 2627 eum
1081 2592 1213 2638 fuisse,
1259 2592 1293 2628 si
1334 2591 1514 2641 privatus
1555 2595 1674 2637 esset3
1720 2595 1759 2628 et
