<?xml version="1.0" encoding="UTF-8"?>
<!DOCTYPE html PUBLIC "-//W3C//DTD XHTML 1.0 Transitional//EN"
    "http://www.w3.org/TR/xhtml1/DTD/xhtml1-transitional.dtd">
<html xmlns="http://www.w3.org/1999/xhtml" xml:lang="en" lang="en">
 <head>
  <title>
</title>
<meta http-equiv="Content-Type" content="text/html;charset=utf-8" />
  <meta name='ocr-system' content='tesseract 3.04.00' />
  <meta name='ocr-capabilities' content='ocr_page ocr_carea ocr_par ocr_line ocrx_word'/>
</head>
<body>
  <div class='ocr_page' id='page_1' title='image "./historiarumroman01livyuoft_0129.png"; bbox 0 0 1821 2928; ppageno 0'>
   <div class='ocr_carea' id='block_1_1' title="bbox 508 115 1547 161">
    <p class='ocr_par' dir='ltr' id='par_1_1' title="bbox 508 115 1547 161">
     <span class='ocr_line' id='line_1_1' title="bbox 508 115 1547 161; baseline 0.002 -9"><span class='ocrx_word' id='word_1_1' title='bbox 508 117 624 152; x_wconf 89' lang='lat' dir='ltr'><strong>Liber</strong></span> <span class='ocrx_word' id='word_1_2' title='bbox 649 116 702 153; x_wconf 90' lang='grc' dir='ltr'><strong>ΙΙ.</strong></span> <span class='ocrx_word' id='word_1_3' title='bbox 754 118 814 161; x_wconf 84' lang='grc' dir='ltr'><strong>(Α.</strong></span> <span class='ocrx_word' id='word_1_4' title='bbox 841 116 906 151; x_wconf 91' lang='lat' dir='ltr'><strong>Ch.</strong></span> <span class='ocrx_word' id='word_1_5' title='bbox 932 115 1142 159; x_wconf 83' lang='lat'><strong>485—481.)</strong></span> <span class='ocrx_word' id='word_1_6' title='bbox 1468 117 1547 154; x_wconf 86' lang='lat'><strong>103</strong></span> 
     </span>
    </p>
   </div>
   <div class='ocr_carea' id='block_1_2' title="bbox 111 242 1547 296">
    <p class='ocr_par' dir='ltr' id='par_1_2' title="bbox 111 242 1547 296">
     <span class='ocr_line' id='line_1_2' title="bbox 111 242 1547 296; baseline -0.004 -11"><span class='ocrx_word' id='word_1_7' title='bbox 111 260 281 294; x_wconf 83' lang='lat' dir='ltr'><strong>evasere,</strong></span> <span class='ocrx_word' id='word_1_8' title='bbox 325 250 369 284; x_wconf 89' lang='lat' dir='ltr'><strong>ut</strong></span> <span class='ocrx_word' id='word_1_9' title='bbox 414 245 547 296; x_wconf 85' lang='lat' dir='ltr'><strong>Oppia</strong></span> <span class='ocrx_word' id='word_1_10' title='bbox 593 245 705 295; x_wconf 87' lang='lat' dir='ltr'><strong>virgo</strong></span> <span class='ocrx_word' id='word_1_11' title='bbox 753 243 930 282; x_wconf 77' lang='lat' dir='ltr'><strong>Vestalis</strong></span> <span class='ocrx_word' id='word_1_12' title='bbox 979 244 1166 281; x_wconf 87' lang='lat' dir='ltr'><strong>damnata</strong></span> <span class='ocrx_word' id='word_1_13' title='bbox 1219 242 1363 280; x_wconf 81' lang='lat' dir='ltr'>incesti</span> <span class='ocrx_word' id='word_1_14' title='bbox 1410 256 1547 292; x_wconf 84' lang='lat' dir='ltr'><strong>poenas</strong></span> 
     </span>
    </p>
   </div>
   <div class='ocr_carea' id='block_1_3' title="bbox 107 319 1753 2674">
    <p class='ocr_par' dir='ltr' id='par_1_3' title="bbox 109 319 278 358">
     <span class='ocr_line' id='line_1_3' title="bbox 109 319 278 358; baseline 0.012 -2"><span class='ocrx_word' id='word_1_15' title='bbox 109 319 278 358; x_wconf 84' lang='lat' dir='ltr'><strong>dederit.</strong></span> 
     </span>
    </p>

    <p class='ocr_par' dir='ltr' id='par_1_4' title="bbox 107 381 1753 2674">
     <span class='ocr_line' id='line_1_4' title="bbox 224 381 1682 438; baseline -0.003 -11"><span class='ocrx_word' id='word_1_16' title='bbox 224 390 272 438; x_wconf 80' lang='lat' dir='ltr'><strong>Q.</strong></span> <span class='ocrx_word' id='word_1_17' title='bbox 307 390 456 427; x_wconf 83' lang='lat' dir='ltr'><strong>Fabius</strong></span> <span class='ocrx_word' id='word_1_18' title='bbox 487 389 581 426; x_wconf 91' lang='lat' dir='ltr'><strong>inde</strong></span> <span class='ocrx_word' id='word_1_19' title='bbox 613 393 652 426; x_wconf 87' lang='lat' dir='ltr'><strong>et</strong></span> <span class='ocrx_word' id='word_1_20' title='bbox 691 388 734 427; x_wconf 91' lang='lat' dir='ltr'><strong>C.</strong></span> <span class='ocrx_word' id='word_1_21' title='bbox 768 388 897 426; x_wconf 90' lang='lat' dir='ltr'><strong>Iulius</strong></span> <span class='ocrx_word' id='word_1_22' title='bbox 943 388 1123 425; x_wconf 87' lang='lat' dir='ltr'><strong>consules</strong></span> <span class='ocrx_word' id='word_1_23' title='bbox 1168 387 1276 425; x_wconf 87' lang='lat' dir='ltr'><strong>facti.</strong></span> <span class='ocrx_word' id='word_1_24' title='bbox 1339 386 1397 424; x_wconf 92' lang='lat' dir='ltr'><strong>Eo</strong></span> <span class='ocrx_word' id='word_1_25' title='bbox 1445 399 1549 424; x_wconf 91' lang='lat' dir='ltr'><strong>anno</strong></span> <span class='ocrx_word' id='word_1_26' title='bbox 1622 381 1682 429; x_wconf 81' lang='grc'><strong>43</strong></span> 
     </span>
     <span class='ocr_line' id='line_1_5' title="bbox 107 446 1752 511; baseline -0.003 -11"><span class='ocrx_word' id='word_1_27' title='bbox 107 475 187 501; x_wconf 89' lang='lat' dir='ltr'><strong>non</strong></span> <span class='ocrx_word' id='word_1_28' title='bbox 218 461 379 511; x_wconf 86' lang='lat' dir='ltr'><strong>segnior</strong></span> <span class='ocrx_word' id='word_1_29' title='bbox 409 460 613 499; x_wconf 84' lang='lat' dir='ltr'><strong>discordia</strong></span> <span class='ocrx_word' id='word_1_30' title='bbox 644 460 752 498; x_wconf 91' lang='lat' dir='ltr'><strong>domi</strong></span> <span class='ocrx_word' id='word_1_31' title='bbox 783 467 821 498; x_wconf 84' lang='lat' dir='ltr'><strong>et</strong></span> <span class='ocrx_word' id='word_1_32' title='bbox 852 460 1001 498; x_wconf 91' lang='lat' dir='ltr'><strong>bellum</strong></span> <span class='ocrx_word' id='word_1_33' title='bbox 1020 460 1119 497; x_wconf 82' lang='lat' dir='ltr'><strong>foris</strong></span> <span class='ocrx_word' id='word_1_34' title='bbox 1137 459 1318 497; x_wconf 89' lang='lat' dir='ltr'><strong>atrocius</strong></span> <span class='ocrx_word' id='word_1_35' title='bbox 1348 459 1440 496; x_wconf 86' lang='lat' dir='ltr'><strong>fuit.</strong></span> <span class='ocrx_word' id='word_1_36' title='bbox 1481 458 1550 496; x_wconf 90' lang='lat' dir='ltr'><strong>Ab</strong></span> <span class='ocrx_word' id='word_1_37' title='bbox 1570 446 1752 511; x_wconf 44' lang='lat' dir='ltr'><strong>ffjssss‘gss·</strong></span> 
     </span>
     <span class='ocr_line' id='line_1_6' title="bbox 111 531 1551 584; baseline -0.002 -13"><span class='ocrx_word' id='word_1_38' title='bbox 111 534 259 584; x_wconf 84' lang='lat' dir='ltr'><strong>AEquis</strong></span> <span class='ocrx_word' id='word_1_39' title='bbox 298 547 409 571; x_wconf 88' lang='lat' dir='ltr'><strong>arma</strong></span> <span class='ocrx_word' id='word_1_40' title='bbox 450 536 624 583; x_wconf 84' lang='lat' dir='ltr'><strong>sumpta3</strong></span> <span class='ocrx_word' id='word_1_41' title='bbox 667 532 858 571; x_wconf 74' lang='lat' dir='ltr'><strong>Veientes</strong></span> <span class='ocrx_word' id='word_1_42' title='bbox 896 545 1039 581; x_wconf 87' lang='lat' dir='ltr'><strong>agrum</strong></span> <span class='ocrx_word' id='word_1_43' title='bbox 1079 545 1237 582; x_wconf 89' lang='lat' dir='ltr'><strong>quoque</strong></span> <span class='ocrx_word' id='word_1_44' title='bbox 1276 531 1551 569; x_wconf 84' lang='lat' dir='ltr'><strong>Romanorum</strong></span> 
     </span>
     <span class='ocr_line' id='line_1_7' title="bbox 108 581 1753 657; baseline -0.003 -13"><span class='ocrx_word' id='word_1_45' title='bbox 108 606 347 657; x_wconf 78' lang='lat' dir='ltr'><strong>populantes</strong></span> <span class='ocrx_word' id='word_1_46' title='bbox 378 605 569 644; x_wconf 89' lang='lat' dir='ltr'><strong>inierunt.</strong></span> <span class='ocrx_word' id='word_1_47' title='bbox 633 604 811 652; x_wconf 77' lang='lat' dir='ltr'><strong>Quorum</strong></span> <span class='ocrx_word' id='word_1_48' title='bbox 844 605 1046 642; x_wconf 91' lang='lat' dir='ltr'><strong>bellorum</strong></span> <span class='ocrx_word' id='word_1_49' title='bbox 1078 607 1281 641; x_wconf 82' lang='lat' dir='ltr'><strong>crescente</strong></span> <span class='ocrx_word' id='word_1_50' title='bbox 1307 617 1416 653; x_wconf 88' lang='lat' dir='ltr'><strong>cura,</strong></span> <span class='ocrx_word' id='word_1_51' title='bbox 1436 602 1549 641; x_wconf 85' lang='lat' dir='ltr'><strong>Caeso</strong></span> <span class='ocrx_word' id='word_1_52' title='bbox 1568 581 1753 647; x_wconf 36' lang='lat' dir='ltr'><strong>„fffffissssff&#39;</strong></span> 
     </span>
     <span class='ocr_line' id='line_1_8' title="bbox 110 673 1592 727; baseline -0.003 -11"><span class='ocrx_word' id='word_1_53' title='bbox 110 678 262 717; x_wconf 81' lang='lat' dir='ltr'><strong>Fabius</strong></span> <span class='ocrx_word' id='word_1_54' title='bbox 279 681 320 715; x_wconf 84' lang='lat' dir='ltr'><strong>et</strong></span> <span class='ocrx_word' id='word_1_55' title='bbox 335 676 404 727; x_wconf 85' lang='lat' dir='ltr'><strong>Sp.</strong></span> <span class='ocrx_word' id='word_1_56' title='bbox 424 677 571 715; x_wconf 84' lang='lat' dir='ltr'><strong>Furius</strong></span> <span class='ocrx_word' id='word_1_57' title='bbox 589 678 774 715; x_wconf 88' lang='lat' dir='ltr'><strong>consules</strong></span> <span class='ocrx_word' id='word_1_58' title='bbox 798 677 911 716; x_wconf 84' lang='lat' dir='ltr'><strong>fiunt.</strong></span> <span class='ocrx_word' id='word_1_59' title='bbox 952 676 1159 723; x_wconf 78' lang='lat' dir='ltr'><strong>Ortonam,</strong></span> <span class='ocrx_word' id='word_1_60' title='bbox 1184 675 1372 712; x_wconf 84' lang='lat' dir='ltr'><strong>Latinam</strong></span> <span class='ocrx_word' id='word_1_61' title='bbox 1399 675 1552 721; x_wconf 90' lang='lat' dir='ltr'><strong>urbem,</strong></span> <span class='ocrx_word' id='word_1_62' title='bbox 1568 673 1592 709; x_wconf 79' lang='grc'>2</span> 
     </span>
     <span class='ocr_line' id='line_1_9' title="bbox 110 747 1554 800; baseline -0.003 -12"><span class='ocrx_word' id='word_1_63' title='bbox 110 750 237 800; x_wconf 83' lang='lat' dir='ltr'><strong>AEqui</strong></span> <span class='ocrx_word' id='word_1_64' title='bbox 255 750 563 800; x_wconf 88' lang='lat' dir='ltr'><strong>oppugnabant;</strong></span> <span class='ocrx_word' id='word_1_65' title='bbox 596 749 798 797; x_wconf 79' lang='lat' dir='ltr'><strong>Veientes,</strong></span> <span class='ocrx_word' id='word_1_66' title='bbox 813 749 922 800; x_wconf 90' lang='lat' dir='ltr'><strong>pleni</strong></span> <span class='ocrx_word' id='word_1_67' title='bbox 941 749 1019 787; x_wconf 90' lang='lat' dir='ltr'><strong>iam</strong></span> <span class='ocrx_word' id='word_1_68' title='bbox 1037 747 1357 798; x_wconf 66' lang='lat' dir='ltr'><strong>populationum,</strong></span> <span class='ocrx_word' id='word_1_69' title='bbox 1383 747 1554 785; x_wconf 87' lang='lat' dir='ltr'><strong>Romam</strong></span> 
     </span>
     <span class='ocr_line' id='line_1_10' title="bbox 111 814 1596 873; baseline -0.004 -13"><span class='ocrx_word' id='word_1_70' title='bbox 111 823 239 873; x_wconf 87' lang='lat' dir='ltr'><strong>ipsam</strong></span> <span class='ocrx_word' id='word_1_71' title='bbox 270 835 311 859; x_wconf 91' lang='lat' dir='ltr'><strong>se</strong></span> <span class='ocrx_word' id='word_1_72' title='bbox 343 826 644 872; x_wconf 86' lang='lat' dir='ltr'><strong>oppugnaturos</strong></span> <span class='ocrx_word' id='word_1_73' title='bbox 676 822 942 860; x_wconf 85' lang='lat' dir='ltr'><strong>minabantur.</strong></span> <span class='ocrx_word' id='word_1_74' title='bbox 990 821 1070 869; x_wconf 78' lang='lat' dir='ltr'><strong>Qui</strong></span> <span class='ocrx_word' id='word_1_75' title='bbox 1101 825 1277 858; x_wconf 88' lang='lat' dir='ltr'><strong>terrores</strong></span> <span class='ocrx_word' id='word_1_76' title='bbox 1309 832 1430 869; x_wconf 86' lang='lat' dir='ltr'><strong>quum</strong></span> <span class='ocrx_word' id='word_1_77' title='bbox 1449 832 1552 856; x_wconf 84' lang='lat' dir='ltr'><strong>com·</strong></span> <span class='ocrx_word' id='word_1_78' title='bbox 1572 814 1596 852; x_wconf 87' lang='lat'><strong>3</strong></span> 
     </span>
     <span class='ocr_line' id='line_1_11' title="bbox 112 891 1553 945; baseline -0.003 -12"><span class='ocrx_word' id='word_1_79' title='bbox 112 907 274 945; x_wconf 88' lang='lat' dir='ltr'><strong>pescere</strong></span> <span class='ocrx_word' id='word_1_80' title='bbox 305 894 512 941; x_wconf 87' lang='lat' dir='ltr'><strong>deberent,</strong></span> <span class='ocrx_word' id='word_1_81' title='bbox 554 908 699 932; x_wconf 85' lang='lat' dir='ltr'><strong>auxere</strong></span> <span class='ocrx_word' id='word_1_82' title='bbox 747 894 911 944; x_wconf 89' lang='lat' dir='ltr'><strong>insuper</strong></span> <span class='ocrx_word' id='word_1_83' title='bbox 952 893 1104 931; x_wconf 89' lang='lat' dir='ltr'><strong>animos</strong></span> <span class='ocrx_word' id='word_1_84' title='bbox 1137 892 1280 942; x_wconf 84' lang='lat' dir='ltr'><strong>plebis,</strong></span> <span class='ocrx_word' id='word_1_85' title='bbox 1313 891 1553 940; x_wconf 88' lang='lat' dir='ltr'><strong>redibatque</strong></span> 
     </span>
     <span class='ocr_line' id='line_1_12' title="bbox 111 962 1554 1016; baseline -0.004 -11"><span class='ocrx_word' id='word_1_86' title='bbox 111 980 191 1005; x_wconf 92' lang='lat' dir='ltr'><strong>non</strong></span> <span class='ocrx_word' id='word_1_87' title='bbox 223 980 294 1005; x_wconf 90' lang='lat' dir='ltr'><strong>sua</strong></span> <span class='ocrx_word' id='word_1_88' title='bbox 324 971 466 1016; x_wconf 88' lang='lat' dir='ltr'><strong>sponte</strong></span> <span class='ocrx_word' id='word_1_89' title='bbox 497 967 608 1016; x_wconf 90' lang='lat' dir='ltr'><strong>plebi</strong></span> <span class='ocrx_word' id='word_1_90' title='bbox 640 980 724 1004; x_wconf 91' lang='lat' dir='ltr'><strong>mos</strong></span> <span class='ocrx_word' id='word_1_91' title='bbox 742 965 991 1004; x_wconf 83' lang='lat' dir='ltr'><strong>detrectandi</strong></span> <span class='ocrx_word' id='word_1_92' title='bbox 1023 965 1224 1012; x_wconf 90' lang='lat' dir='ltr'><strong>militiam,</strong></span> <span class='ocrx_word' id='word_1_93' title='bbox 1250 963 1321 1001; x_wconf 90' lang='lat' dir='ltr'><strong>sed</strong></span> <span class='ocrx_word' id='word_1_94' title='bbox 1345 962 1414 1013; x_wconf 84' lang='lat' dir='ltr'><strong>Sp.</strong></span> <span class='ocrx_word' id='word_1_95' title='bbox 1447 962 1554 1000; x_wconf 90' lang='lat' dir='ltr'><strong>Lici-</strong></span> 
     </span>
     <span class='ocr_line' id='line_1_13' title="bbox 112 1036 1555 1088; baseline -0.003 -11"><span class='ocrx_word' id='word_1_96' title='bbox 112 1039 202 1077; x_wconf 89' lang='lat' dir='ltr'><strong>nius</strong></span> <span class='ocrx_word' id='word_1_97' title='bbox 232 1039 419 1077; x_wconf 87' lang='lat' dir='ltr'><strong>tribunus</strong></span> <span class='ocrx_word' id='word_1_98' title='bbox 450 1038 593 1088; x_wconf 90' lang='lat' dir='ltr'><strong>plebis,</strong></span> <span class='ocrx_word' id='word_1_99' title='bbox 625 1039 783 1076; x_wconf 90' lang='lat' dir='ltr'><strong>venisse</strong></span> <span class='ocrx_word' id='word_1_100' title='bbox 809 1042 968 1088; x_wconf 90' lang='lat' dir='ltr'><strong>tempus</strong></span> <span class='ocrx_word' id='word_1_101' title='bbox 984 1042 1096 1076; x_wconf 91' lang='lat' dir='ltr'><strong>ratus</strong></span> <span class='ocrx_word' id='word_1_102' title='bbox 1114 1050 1186 1087; x_wconf 90' lang='lat' dir='ltr'><strong>per</strong></span> <span class='ocrx_word' id='word_1_103' title='bbox 1217 1036 1400 1074; x_wconf 90' lang='lat' dir='ltr'><strong>ultimam</strong></span> <span class='ocrx_word' id='word_1_104' title='bbox 1418 1048 1555 1072; x_wconf 90' lang='lat' dir='ltr'><strong>neces-</strong></span> 
     </span>
     <span class='ocr_line' id='line_1_14' title="bbox 114 1106 1554 1160; baseline -0.003 -12"><span class='ocrx_word' id='word_1_105' title='bbox 114 1111 272 1150; x_wconf 85' lang='lat' dir='ltr'><strong>sitatem</strong></span> <span class='ocrx_word' id='word_1_106' title='bbox 288 1111 392 1160; x_wconf 85' lang='lat' dir='ltr'><strong>legis</strong></span> <span class='ocrx_word' id='word_1_107' title='bbox 410 1111 577 1159; x_wconf 88' lang='lat' dir='ltr'><strong>agrariae</strong></span> <span class='ocrx_word' id='word_1_108' title='bbox 594 1111 777 1160; x_wconf 88' lang='lat' dir='ltr'><strong>patribus</strong></span> <span class='ocrx_word' id='word_1_109' title='bbox 805 1111 1076 1160; x_wconf 86' lang='lat' dir='ltr'><strong>iniungendae,</strong></span> <span class='ocrx_word' id='word_1_110' title='bbox 1101 1112 1331 1159; x_wconf 85' lang='lat' dir='ltr'><strong>susceperat</strong></span> <span class='ocrx_word' id='word_1_111' title='bbox 1346 1121 1432 1146; x_wconf 90' lang='lat' dir='ltr'><strong>rem</strong></span> <span class='ocrx_word' id='word_1_112' title='bbox 1449 1106 1554 1144; x_wconf 93' lang='lat' dir='ltr'><strong>mili-</strong></span> 
     </span>
     <span class='ocr_line' id='line_1_15' title="bbox 111 1178 1598 1233; baseline -0.004 -12"><span class='ocrx_word' id='word_1_113' title='bbox 111 1188 235 1222; x_wconf 90' lang='lat' dir='ltr'><strong>tarem</strong></span> <span class='ocrx_word' id='word_1_114' title='bbox 253 1183 559 1233; x_wconf 88' lang='lat' dir='ltr'><strong>impediendam.</strong></span> <span class='ocrx_word' id='word_1_115' title='bbox 593 1182 780 1221; x_wconf 88' lang='lat' dir='ltr'><strong>Ceterum</strong></span> <span class='ocrx_word' id='word_1_116' title='bbox 803 1187 888 1220; x_wconf 87' lang='lat' dir='ltr'><strong>tota</strong></span> <span class='ocrx_word' id='word_1_117' title='bbox 906 1182 1062 1220; x_wconf 88' lang='lat' dir='ltr'><strong>invidia</strong></span> <span class='ocrx_word' id='word_1_118' title='bbox 1087 1181 1317 1219; x_wconf 73' lang='lat' dir='ltr'><strong>tribuniciae</strong></span> <span class='ocrx_word' id='word_1_119' title='bbox 1342 1179 1554 1230; x_wconf 88' lang='lat' dir='ltr'><strong>potestatis</strong></span> <span class='ocrx_word' id='word_1_120' title='bbox 1572 1178 1598 1214; x_wconf 89' lang='lat'>4</span> 
     </span>
     <span class='ocr_line' id='line_1_16' title="bbox 115 1251 1556 1302; baseline -0.004 -8"><span class='ocrx_word' id='word_1_121' title='bbox 115 1269 231 1294; x_wconf 87' lang='lat' dir='ltr'><strong>versa</strong></span> <span class='ocrx_word' id='word_1_122' title='bbox 262 1256 303 1294; x_wconf 94' lang='lat' dir='ltr'><strong>in</strong></span> <span class='ocrx_word' id='word_1_123' title='bbox 335 1259 539 1293; x_wconf 88' lang='lat' dir='ltr'><strong>auctorem</strong></span> <span class='ocrx_word' id='word_1_124' title='bbox 573 1259 642 1302; x_wconf 89' lang='lat' dir='ltr'><strong>est,</strong></span> <span class='ocrx_word' id='word_1_125' title='bbox 675 1269 747 1292; x_wconf 89' lang='lat' dir='ltr'><strong>nec</strong></span> <span class='ocrx_word' id='word_1_126' title='bbox 779 1256 820 1292; x_wconf 90' lang='lat' dir='ltr'><strong>in</strong></span> <span class='ocrx_word' id='word_1_127' title='bbox 853 1268 941 1292; x_wconf 90' lang='lat' dir='ltr'><strong>eum</strong></span> <span class='ocrx_word' id='word_1_128' title='bbox 967 1254 1149 1292; x_wconf 89' lang='lat' dir='ltr'><strong>consules</strong></span> <span class='ocrx_word' id='word_1_129' title='bbox 1181 1253 1315 1291; x_wconf 90' lang='lat' dir='ltr'><strong>acrius</strong></span> <span class='ocrx_word' id='word_1_130' title='bbox 1348 1264 1467 1302; x_wconf 90' lang='lat' dir='ltr'><strong>quam</strong></span> <span class='ocrx_word' id='word_1_131' title='bbox 1498 1251 1556 1300; x_wconf 93' lang='lat' dir='ltr'><strong>ip-</strong></span> 
     </span>
     <span class='ocr_line' id='line_1_17' title="bbox 116 1322 1556 1376; baseline -0.005 -10"><span class='ocrx_word' id='word_1_132' title='bbox 116 1328 200 1366; x_wconf 85' lang='lat' dir='ltr'><strong>sius</strong></span> <span class='ocrx_word' id='word_1_133' title='bbox 233 1328 394 1376; x_wconf 74' lang='lat' dir='ltr'><strong>collegae</strong></span> <span class='ocrx_word' id='word_1_134' title='bbox 427 1328 554 1364; x_wconf 88' lang='lat' dir='ltr'><strong>coorti</strong></span> <span class='ocrx_word' id='word_1_135' title='bbox 586 1331 688 1372; x_wconf 91' lang='lat' dir='ltr'><strong>sunt,</strong></span> <span class='ocrx_word' id='word_1_136' title='bbox 721 1327 952 1376; x_wconf 87' lang='lat' dir='ltr'><strong>auxilioque</strong></span> <span class='ocrx_word' id='word_1_137' title='bbox 984 1339 1120 1364; x_wconf 87' lang='lat' dir='ltr'><strong>eorum</strong></span> <span class='ocrx_word' id='word_1_138' title='bbox 1151 1325 1342 1362; x_wconf 88' lang='lat' dir='ltr'><strong>dilectum</strong></span> <span class='ocrx_word' id='word_1_139' title='bbox 1374 1322 1556 1361; x_wconf 90' lang='lat' dir='ltr'><strong>consules</strong></span> 
     </span>
     <span class='ocr_line' id='line_1_18' title="bbox 111 1393 1598 1442; baseline -0.004 -5"><span class='ocrx_word' id='word_1_140' title='bbox 111 1399 271 1438; x_wconf 87' lang='lat' dir='ltr'><strong>habent.</strong></span> <span class='ocrx_word' id='word_1_141' title='bbox 332 1399 401 1436; x_wconf 91' lang='lat' dir='ltr'><strong>Ad</strong></span> <span class='ocrx_word' id='word_1_142' title='bbox 447 1399 524 1436; x_wconf 88' lang='lat' dir='ltr'><strong>duo</strong></span> <span class='ocrx_word' id='word_1_143' title='bbox 571 1398 688 1436; x_wconf 88' lang='lat' dir='ltr'><strong>simul</strong></span> <span class='ocrx_word' id='word_1_144' title='bbox 718 1398 824 1436; x_wconf 89' lang='lat' dir='ltr'><strong>bella</strong></span> <span class='ocrx_word' id='word_1_145' title='bbox 864 1399 1061 1436; x_wconf 84' lang='lat' dir='ltr'><strong>exercitus</strong></span> <span class='ocrx_word' id='word_1_146' title='bbox 1100 1397 1310 1442; x_wconf 86' lang='lat' dir='ltr'><strong>scribitur;</strong></span> <span class='ocrx_word' id='word_1_147' title='bbox 1350 1393 1598 1433; x_wconf 88' lang='lat' dir='ltr'><strong>ducendus5</strong></span> 
     </span>
     <span class='ocr_line' id='line_1_19' title="bbox 118 1466 1558 1520; baseline -0.004 -11"><span class='ocrx_word' id='word_1_148' title='bbox 118 1472 248 1509; x_wconf 89' lang='lat' dir='ltr'><strong>Fabio</strong></span> <span class='ocrx_word' id='word_1_149' title='bbox 281 1472 321 1508; x_wconf 89' lang='lat' dir='ltr'><strong>in</strong></span> <span class='ocrx_word' id='word_1_150' title='bbox 355 1470 556 1517; x_wconf 88' lang='lat' dir='ltr'><strong>Veientes,</strong></span> <span class='ocrx_word' id='word_1_151' title='bbox 599 1471 642 1508; x_wconf 92' lang='lat' dir='ltr'><strong>in</strong></span> <span class='ocrx_word' id='word_1_152' title='bbox 687 1470 842 1520; x_wconf 89' lang='lat' dir='ltr'><strong>AEquos</strong></span> <span class='ocrx_word' id='word_1_153' title='bbox 880 1470 1007 1508; x_wconf 82' lang='lat' dir='ltr'><strong>Furio</strong></span> <span class='ocrx_word' id='word_1_154' title='bbox 1055 1470 1184 1508; x_wconf 87' lang='lat' dir='ltr'><strong>datur.</strong></span> <span class='ocrx_word' id='word_1_155' title='bbox 1247 1469 1301 1506; x_wconf 88' lang='lat' dir='ltr'><strong>Et</strong></span> <span class='ocrx_word' id='word_1_156' title='bbox 1340 1469 1381 1505; x_wconf 92' lang='lat' dir='ltr'><strong>in</strong></span> <span class='ocrx_word' id='word_1_157' title='bbox 1412 1466 1558 1516; x_wconf 84' lang='lat' dir='ltr'><strong>AEquis</strong></span> 
     </span>
     <span class='ocr_line' id='line_1_20' title="bbox 120 1540 1600 1594; baseline -0.003 -14"><span class='ocrx_word' id='word_1_158' title='bbox 120 1543 281 1594; x_wconf 89' lang='lat' dir='ltr'><strong>quidem</strong></span> <span class='ocrx_word' id='word_1_159' title='bbox 312 1543 414 1581; x_wconf 88' lang='lat' dir='ltr'><strong>nihil</strong></span> <span class='ocrx_word' id='word_1_160' title='bbox 446 1543 616 1592; x_wconf 91' lang='lat' dir='ltr'><strong>dignum</strong></span> <span class='ocrx_word' id='word_1_161' title='bbox 647 1543 841 1580; x_wconf 86' lang='lat' dir='ltr'><strong>memoria</strong></span> <span class='ocrx_word' id='word_1_162' title='bbox 871 1547 1027 1592; x_wconf 88' lang='lat' dir='ltr'><strong>gestum</strong></span> <span class='ocrx_word' id='word_1_163' title='bbox 1060 1545 1135 1588; x_wconf 58' lang='grc' dir='ltr'><strong>θεῖς</strong></span> <span class='ocrx_word' id='word_1_164' title='bbox 1180 1541 1310 1579; x_wconf 85' lang='lat' dir='ltr'><strong>Fabio</strong></span> <span class='ocrx_word' id='word_1_165' title='bbox 1350 1540 1557 1589; x_wconf 87' lang='lat' dir='ltr'><strong>aliquanto</strong></span> <span class='ocrx_word' id='word_1_166' title='bbox 1576 1542 1600 1581; x_wconf 87' lang='grc'><strong>6</strong></span> 
     </span>
     <span class='ocr_line' id='line_1_21' title="bbox 118 1610 1559 1666; baseline -0.005 -12"><span class='ocrx_word' id='word_1_167' title='bbox 118 1616 209 1666; x_wconf 87' lang='lat' dir='ltr'><strong>plus</strong></span> <span class='ocrx_word' id='word_1_168' title='bbox 241 1615 393 1665; x_wconf 88' lang='lat' dir='ltr'><strong>negotii</strong></span> <span class='ocrx_word' id='word_1_169' title='bbox 426 1628 515 1653; x_wconf 87' lang='lat' dir='ltr'><strong>cum</strong></span> <span class='ocrx_word' id='word_1_170' title='bbox 547 1615 703 1652; x_wconf 86' lang='lat' dir='ltr'><strong>civibus</strong></span> <span class='ocrx_word' id='word_1_171' title='bbox 735 1628 854 1664; x_wconf 89' lang='lat' dir='ltr'><strong>quam</strong></span> <span class='ocrx_word' id='word_1_172' title='bbox 887 1627 974 1652; x_wconf 89' lang='lat' dir='ltr'><strong>cum</strong></span> <span class='ocrx_word' id='word_1_173' title='bbox 1006 1614 1190 1653; x_wconf 87' lang='lat' dir='ltr'><strong>hostibus</strong></span> <span class='ocrx_word' id='word_1_174' title='bbox 1221 1614 1310 1651; x_wconf 83' lang='lat' dir='ltr'><strong>fuit.</strong></span> <span class='ocrx_word' id='word_1_175' title='bbox 1355 1612 1471 1650; x_wconf 89' lang='lat' dir='ltr'><strong>Unus</strong></span> <span class='ocrx_word' id='word_1_176' title='bbox 1489 1610 1559 1647; x_wconf 91' lang='lat' dir='ltr'><strong>ille</strong></span> 
     </span>
     <span class='ocr_line' id='line_1_22' title="bbox 117 1683 1559 1737; baseline -0.003 -12"><span class='ocrx_word' id='word_1_177' title='bbox 117 1688 192 1734; x_wconf 88' lang='lat' dir='ltr'><strong>vir,</strong></span> <span class='ocrx_word' id='word_1_178' title='bbox 225 1688 310 1737; x_wconf 92' lang='lat' dir='ltr'><strong>ipse</strong></span> <span class='ocrx_word' id='word_1_179' title='bbox 341 1687 490 1732; x_wconf 88' lang='lat' dir='ltr'><strong>consul,</strong></span> <span class='ocrx_word' id='word_1_180' title='bbox 520 1700 604 1724; x_wconf 90' lang='lat' dir='ltr'><strong>rem</strong></span> <span class='ocrx_word' id='word_1_181' title='bbox 635 1686 840 1737; x_wconf 89' lang='lat' dir='ltr'><strong>publicam</strong></span> <span class='ocrx_word' id='word_1_182' title='bbox 872 1687 1073 1735; x_wconf 86' lang='lat' dir='ltr'><strong>sustinuit,</strong></span> <span class='ocrx_word' id='word_1_183' title='bbox 1105 1700 1224 1737; x_wconf 90' lang='lat' dir='ltr'><strong>quam</strong></span> <span class='ocrx_word' id='word_1_184' title='bbox 1249 1685 1448 1724; x_wconf 81' lang='lat' dir='ltr'><strong>exercitus</strong></span> <span class='ocrx_word' id='word_1_185' title='bbox 1465 1683 1559 1721; x_wconf 91' lang='lat' dir='ltr'><strong>odio</strong></span> 
     </span>
     <span class='ocr_line' id='line_1_23' title="bbox 119 1755 1599 1810; baseline -0.003 -12"><span class='ocrx_word' id='word_1_186' title='bbox 119 1760 306 1809; x_wconf 87' lang='lat' dir='ltr'><strong>consulis,</strong></span> <span class='ocrx_word' id='word_1_187' title='bbox 339 1762 532 1810; x_wconf 89' lang='lat' dir='ltr'><strong>quantum</strong></span> <span class='ocrx_word' id='word_1_188' title='bbox 564 1759 605 1795; x_wconf 91' lang='lat' dir='ltr'><strong>in</strong></span> <span class='ocrx_word' id='word_1_189' title='bbox 637 1772 677 1796; x_wconf 90' lang='lat' dir='ltr'><strong>se</strong></span> <span class='ocrx_word' id='word_1_190' title='bbox 708 1759 798 1806; x_wconf 88' lang='lat' dir='ltr'><strong>fuit,</strong></span> <span class='ocrx_word' id='word_1_191' title='bbox 829 1759 1039 1810; x_wconf 88' lang='lat' dir='ltr'><strong>prodebat.</strong></span> <span class='ocrx_word' id='word_1_192' title='bbox 1101 1758 1204 1796; x_wconf 89' lang='lat' dir='ltr'><strong>Nam</strong></span> <span class='ocrx_word' id='word_1_193' title='bbox 1251 1771 1373 1808; x_wconf 85' lang='lat' dir='ltr'><strong>quum</strong></span> <span class='ocrx_word' id='word_1_194' title='bbox 1419 1755 1558 1794; x_wconf 87' lang='lat' dir='ltr'><strong>consul</strong></span> <span class='ocrx_word' id='word_1_195' title='bbox 1577 1759 1599 1794; x_wconf 90' lang='lat'><strong>7</strong></span> 
     </span>
     <span class='ocr_line' id='line_1_24' title="bbox 117 1828 1558 1883; baseline -0.003 -13"><span class='ocrx_word' id='word_1_196' title='bbox 117 1836 263 1883; x_wconf 89' lang='lat' dir='ltr'><strong>praeter</strong></span> <span class='ocrx_word' id='word_1_197' title='bbox 294 1836 444 1869; x_wconf 87' lang='lat' dir='ltr'><strong>ceteras</strong></span> <span class='ocrx_word' id='word_1_198' title='bbox 477 1831 759 1881; x_wconf 87' lang='lat' dir='ltr'><strong>imperatorias</strong></span> <span class='ocrx_word' id='word_1_199' title='bbox 791 1835 908 1878; x_wconf 89' lang='lat' dir='ltr'><strong>artes,</strong></span> <span class='ocrx_word' id='word_1_200' title='bbox 949 1845 1047 1882; x_wconf 90' lang='lat' dir='ltr'><strong>quas</strong></span> <span class='ocrx_word' id='word_1_201' title='bbox 1089 1830 1268 1881; x_wconf 90' lang='lat' dir='ltr'><strong>parando</strong></span> <span class='ocrx_word' id='word_1_202' title='bbox 1301 1828 1558 1879; x_wconf 87' lang='lat' dir='ltr'><strong>gerendoque</strong></span> 
     </span>
     <span class='ocr_line' id='line_1_25' title="bbox 117 1900 1558 1953; baseline -0.004 -11"><span class='ocrx_word' id='word_1_203' title='bbox 117 1905 226 1943; x_wconf 88' lang='lat' dir='ltr'><strong>bello</strong></span> <span class='ocrx_word' id='word_1_204' title='bbox 257 1903 386 1941; x_wconf 86' lang='lat' dir='ltr'><strong>edidit</strong></span> <span class='ocrx_word' id='word_1_205' title='bbox 415 1903 620 1953; x_wconf 88' lang='lat' dir='ltr'><strong>plurimas,</strong></span> <span class='ocrx_word' id='word_1_206' title='bbox 653 1904 712 1940; x_wconf 89' lang='lat' dir='ltr'><strong>ita</strong></span> <span class='ocrx_word' id='word_1_207' title='bbox 744 1903 1001 1942; x_wconf 82' lang='lat' dir='ltr'><strong>instruxisset</strong></span> <span class='ocrx_word' id='word_1_208' title='bbox 1031 1904 1170 1953; x_wconf 88' lang='lat' dir='ltr'><strong>aciem,</strong></span> <span class='ocrx_word' id='word_1_209' title='bbox 1202 1907 1248 1940; x_wconf 92' lang='lat' dir='ltr'><strong>ut</strong></span> <span class='ocrx_word' id='word_1_210' title='bbox 1273 1903 1357 1940; x_wconf 91' lang='lat' dir='ltr'><strong>solo</strong></span> <span class='ocrx_word' id='word_1_211' title='bbox 1376 1900 1558 1950; x_wconf 88' lang='lat' dir='ltr'><strong>equitatu</strong></span> 
     </span>
     <span class='ocr_line' id='line_1_26' title="bbox 120 1971 1558 2026; baseline -0.005 -12"><span class='ocrx_word' id='word_1_212' title='bbox 120 1977 262 2014; x_wconf 89' lang='lat' dir='ltr'><strong>emisso</strong></span> <span class='ocrx_word' id='word_1_213' title='bbox 295 1975 513 2013; x_wconf 85' lang='lat' dir='ltr'><strong>exercitum</strong></span> <span class='ocrx_word' id='word_1_214' title='bbox 544 1975 721 2013; x_wconf 88' lang='lat' dir='ltr'><strong>hostium</strong></span> <span class='ocrx_word' id='word_1_215' title='bbox 745 1975 946 2023; x_wconf 85' lang='lat' dir='ltr'><strong>funderet,</strong></span> <span class='ocrx_word' id='word_1_216' title='bbox 966 1976 1125 2026; x_wconf 90' lang='lat' dir='ltr'><strong>insequi</strong></span> <span class='ocrx_word' id='word_1_217' title='bbox 1143 1976 1250 2013; x_wconf 85' lang='lat' dir='ltr'><strong>fusos</strong></span> <span class='ocrx_word' id='word_1_218' title='bbox 1268 1975 1392 2025; x_wconf 87' lang='lat' dir='ltr'><strong>pedes</strong></span> <span class='ocrx_word' id='word_1_219' title='bbox 1408 1971 1558 2017; x_wconf 90' lang='lat' dir='ltr'><strong>noluit;</strong></span> 
     </span>
     <span class='ocr_line' id='line_1_27' title="bbox 118 2041 1600 2094; baseline -0.005 -8"><span class='ocrx_word' id='word_1_220' title='bbox 118 2061 192 2086; x_wconf 89' lang='lat' dir='ltr'><strong>nec</strong></span> <span class='ocrx_word' id='word_1_221' title='bbox 245 2047 347 2094; x_wconf 90' lang='lat' dir='ltr'><strong>illos,</strong></span> <span class='ocrx_word' id='word_1_222' title='bbox 393 2048 426 2084; x_wconf 87' lang='lat' dir='ltr'><strong>si</strong></span> <span class='ocrx_word' id='word_1_223' title='bbox 473 2060 551 2084; x_wconf 88' lang='lat' dir='ltr'><strong>non</strong></span> <span class='ocrx_word' id='word_1_224' title='bbox 607 2047 838 2086; x_wconf 87' lang='lat' dir='ltr'><strong>adhortatio</strong></span> <span class='ocrx_word' id='word_1_225' title='bbox 891 2048 1013 2086; x_wconf 85' lang='lat' dir='ltr'><strong>invisi</strong></span> <span class='ocrx_word' id='word_1_226' title='bbox 1069 2048 1194 2094; x_wconf 88' lang='lat' dir='ltr'><strong>ducis,</strong></span> <span class='ocrx_word' id='word_1_227' title='bbox 1247 2060 1363 2084; x_wconf 89' lang='lat' dir='ltr'><strong>suum</strong></span> <span class='ocrx_word' id='word_1_228' title='bbox 1416 2044 1557 2082; x_wconf 84' lang='lat' dir='ltr'><strong>saltem</strong></span> <span class='ocrx_word' id='word_1_229' title='bbox 1575 2041 1600 2078; x_wconf 86' lang='grc'>8</span> 
     </span>
     <span class='ocr_line' id='line_1_28' title="bbox 119 2115 1560 2170; baseline -0.004 -12"><span class='ocrx_word' id='word_1_230' title='bbox 119 2120 315 2170; x_wconf 85' lang='lat' dir='ltr'><strong>flagitium</strong></span> <span class='ocrx_word' id='word_1_231' title='bbox 347 2124 386 2157; x_wconf 91' lang='lat' dir='ltr'><strong>et</strong></span> <span class='ocrx_word' id='word_1_232' title='bbox 415 2119 623 2169; x_wconf 90' lang='lat' dir='ltr'><strong>publicum</strong></span> <span class='ocrx_word' id='word_1_233' title='bbox 655 2120 696 2157; x_wconf 91' lang='lat' dir='ltr'><strong>in</strong></span> <span class='ocrx_word' id='word_1_234' title='bbox 728 2120 944 2170; x_wconf 88' lang='lat' dir='ltr'><strong>praesentia</strong></span> <span class='ocrx_word' id='word_1_235' title='bbox 975 2120 1158 2166; x_wconf 88' lang='lat' dir='ltr'><strong>dedecus,</strong></span> <span class='ocrx_word' id='word_1_236' title='bbox 1175 2117 1384 2169; x_wconf 89' lang='lat' dir='ltr'><strong>postmodo</strong></span> <span class='ocrx_word' id='word_1_237' title='bbox 1401 2115 1560 2167; x_wconf 88' lang='lat' dir='ltr'><strong>pericu-</strong></span> 
     </span>
     <span class='ocr_line' id='line_1_29' title="bbox 118 2188 1561 2242; baseline -0.004 -13"><span class='ocrx_word' id='word_1_238' title='bbox 118 2192 212 2239; x_wconf 92' lang='lat' dir='ltr'><strong>lum,</strong></span> <span class='ocrx_word' id='word_1_239' title='bbox 229 2193 261 2229; x_wconf 88' lang='lat' dir='ltr'><strong>si</strong></span> <span class='ocrx_word' id='word_1_240' title='bbox 286 2192 442 2230; x_wconf 88' lang='lat' dir='ltr'><strong>animus</strong></span> <span class='ocrx_word' id='word_1_241' title='bbox 472 2192 578 2229; x_wconf 85' lang='lat' dir='ltr'><strong>hosti</strong></span> <span class='ocrx_word' id='word_1_242' title='bbox 601 2191 780 2241; x_wconf 85' lang='lat' dir='ltr'><strong>redisset,</strong></span> <span class='ocrx_word' id='word_1_243' title='bbox 814 2205 954 2241; x_wconf 86' lang='lat' dir='ltr'><strong>cogere</strong></span> <span class='ocrx_word' id='word_1_244' title='bbox 981 2193 1115 2242; x_wconf 91' lang='lat' dir='ltr'><strong>potuit</strong></span> <span class='ocrx_word' id='word_1_245' title='bbox 1134 2191 1305 2240; x_wconf 84' lang='lat' dir='ltr'><strong>gradum</strong></span> <span class='ocrx_word' id='word_1_246' title='bbox 1337 2188 1561 2228; x_wconf 89' lang='lat' dir='ltr'><strong>accelerare</strong></span> 
     </span>
     <span class='ocr_line' id='line_1_30' title="bbox 119 2258 1600 2313; baseline -0.005 -12"><span class='ocrx_word' id='word_1_247' title='bbox 119 2268 198 2310; x_wconf 88' lang='lat' dir='ltr'><strong>aut,</strong></span> <span class='ocrx_word' id='word_1_248' title='bbox 231 2264 265 2301; x_wconf 92' lang='lat' dir='ltr'><strong>si</strong></span> <span class='ocrx_word' id='word_1_249' title='bbox 297 2263 409 2301; x_wconf 90' lang='lat' dir='ltr'><strong>aliud</strong></span> <span class='ocrx_word' id='word_1_250' title='bbox 440 2263 554 2309; x_wconf 90' lang='lat' dir='ltr'><strong>nihil,</strong></span> <span class='ocrx_word' id='word_1_251' title='bbox 586 2267 691 2301; x_wconf 87' lang='lat' dir='ltr'><strong>stare</strong></span> <span class='ocrx_word' id='word_1_252' title='bbox 723 2264 952 2302; x_wconf 86' lang='lat' dir='ltr'><strong>instructos.</strong></span> <span class='ocrx_word' id='word_1_253' title='bbox 1013 2264 1177 2302; x_wconf 89' lang='lat' dir='ltr'><strong>Iniussu</strong></span> <span class='ocrx_word' id='word_1_254' title='bbox 1218 2264 1334 2313; x_wconf 87' lang='lat' dir='ltr'><strong>signa</strong></span> <span class='ocrx_word' id='word_1_255' title='bbox 1364 2261 1557 2304; x_wconf 87' lang='lat' dir='ltr'><strong>referunt,</strong></span> <span class='ocrx_word' id='word_1_256' title='bbox 1577 2258 1600 2293; x_wconf 82' lang='lat'>9</span> 
     </span>
     <span class='ocr_line' id='line_1_31' title="bbox 120 2334 1557 2386; baseline -0.003 -14"><span class='ocrx_word' id='word_1_257' title='bbox 120 2335 329 2385; x_wconf 83' lang='lat' dir='ltr'><strong>maestique</strong></span> <span class='ocrx_word' id='word_1_258' title='bbox 360 2334 555 2385; x_wconf 88' lang='lat' dir='ltr'><strong>(crederes</strong></span> <span class='ocrx_word' id='word_1_259' title='bbox 571 2334 728 2386; x_wconf 89' lang='lat' dir='ltr'><strong>victos),</strong></span> <span class='ocrx_word' id='word_1_260' title='bbox 746 2340 999 2374; x_wconf 88' lang='lat' dir='ltr'><strong>exsecrantes</strong></span> <span class='ocrx_word' id='word_1_261' title='bbox 1017 2349 1122 2374; x_wconf 90' lang='lat' dir='ltr'><strong>nunc</strong></span> <span class='ocrx_word' id='word_1_262' title='bbox 1139 2336 1434 2386; x_wconf 87' lang='lat' dir='ltr'><strong>imperatorem,</strong></span> <span class='ocrx_word' id='word_1_263' title='bbox 1453 2343 1557 2368; x_wconf 90' lang='lat' dir='ltr'><strong>nunc</strong></span> 
     </span>
     <span class='ocr_line' id='line_1_32' title="bbox 119 2400 1631 2457; baseline -0.006 -11"><span class='ocrx_word' id='word_1_264' title='bbox 119 2411 305 2446; x_wconf 80' lang='lat' dir='ltr'><strong>navatam</strong></span> <span class='ocrx_word' id='word_1_265' title='bbox 336 2406 386 2444; x_wconf 90' lang='lat' dir='ltr'><strong>ab</strong></span> <span class='ocrx_word' id='word_1_266' title='bbox 417 2407 550 2456; x_wconf 91' lang='lat' dir='ltr'><strong>equite</strong></span> <span class='ocrx_word' id='word_1_267' title='bbox 581 2421 755 2457; x_wconf 89' lang='lat' dir='ltr'><strong>operam,</strong></span> <span class='ocrx_word' id='word_1_268' title='bbox 787 2407 956 2446; x_wconf 87' lang='lat' dir='ltr'><strong>redeunt</strong></span> <span class='ocrx_word' id='word_1_269' title='bbox 986 2409 1026 2446; x_wconf 91' lang='lat' dir='ltr'><strong>in</strong></span> <span class='ocrx_word' id='word_1_270' title='bbox 1060 2412 1202 2446; x_wconf 86' lang='lat' dir='ltr'><strong>castra.</strong></span> <span class='ocrx_word' id='word_1_271' title='bbox 1249 2406 1332 2445; x_wconf 90' lang='lat' dir='ltr'><strong>Nec</strong></span> <span class='ocrx_word' id='word_1_272' title='bbox 1359 2405 1452 2442; x_wconf 90' lang='lat' dir='ltr'><strong>huic</strong></span> <span class='ocrx_word' id='word_1_273' title='bbox 1476 2408 1558 2440; x_wconf 85' lang='lat' dir='ltr'><strong>tam</strong></span> <span class='ocrx_word' id='word_1_274' title='bbox 1581 2400 1631 2437; x_wconf 90' lang='lat'><strong>10</strong></span> 
     </span>
     <span class='ocr_line' id='line_1_33' title="bbox 122 2477 1560 2530; baseline -0.003 -13"><span class='ocrx_word' id='word_1_275' title='bbox 122 2479 327 2529; x_wconf 78' lang='lat' dir='ltr'><strong>pestilenti</strong></span> <span class='ocrx_word' id='word_1_276' title='bbox 359 2479 537 2529; x_wconf 84' lang='lat' dir='ltr'><strong>exemplo</strong></span> <span class='ocrx_word' id='word_1_277' title='bbox 569 2479 746 2517; x_wconf 86' lang='lat' dir='ltr'><strong>remedia</strong></span> <span class='ocrx_word' id='word_1_278' title='bbox 776 2480 861 2518; x_wconf 85' lang='lat' dir='ltr'><strong>ulla</strong></span> <span class='ocrx_word' id='word_1_279' title='bbox 892 2480 942 2517; x_wconf 87' lang='lat' dir='ltr'><strong>ab</strong></span> <span class='ocrx_word' id='word_1_280' title='bbox 976 2481 1216 2530; x_wconf 87' lang='lat' dir='ltr'><strong>imperatore</strong></span> <span class='ocrx_word' id='word_1_281' title='bbox 1248 2477 1418 2528; x_wconf 86' lang='lat' dir='ltr'><strong>quaesita</strong></span> <span class='ocrx_word' id='word_1_282' title='bbox 1449 2478 1560 2521; x_wconf 88' lang='lat' dir='ltr'><strong>sunt;</strong></span> 
     </span>
     <span class='ocr_line' id='line_1_34' title="bbox 122 2549 1562 2600; baseline -0.003 -12"><span class='ocrx_word' id='word_1_283' title='bbox 122 2550 220 2589; x_wconf 82' lang='lat' dir='ltr'><strong>adeo</strong></span> <span class='ocrx_word' id='word_1_284' title='bbox 252 2551 540 2589; x_wconf 84' lang='lat' dir='ltr'><strong>excellentibus</strong></span> <span class='ocrx_word' id='word_1_285' title='bbox 572 2551 741 2600; x_wconf 88' lang='lat' dir='ltr'><strong>ingeniis</strong></span> <span class='ocrx_word' id='word_1_286' title='bbox 773 2552 891 2590; x_wconf 90' lang='lat' dir='ltr'><strong>citius</strong></span> <span class='ocrx_word' id='word_1_287' title='bbox 922 2552 1101 2590; x_wconf 88' lang='lat' dir='ltr'><strong>defuerit</strong></span> <span class='ocrx_word' id='word_1_288' title='bbox 1131 2565 1207 2600; x_wconf 86' lang='lat' dir='ltr'><strong>ars,</strong></span> <span class='ocrx_word' id='word_1_289' title='bbox 1240 2563 1319 2599; x_wconf 91' lang='lat' dir='ltr'><strong>qua</strong></span> <span class='ocrx_word' id='word_1_290' title='bbox 1346 2549 1470 2586; x_wconf 87' lang='lat' dir='ltr'><strong>civem</strong></span> <span class='ocrx_word' id='word_1_291' title='bbox 1502 2559 1562 2584; x_wconf 90' lang='lat' dir='ltr'><strong>re-</strong></span> 
     </span>
     <span class='ocr_line' id='line_1_35' title="bbox 123 2615 1629 2674; baseline -0.003 -14"><span class='ocrx_word' id='word_1_292' title='bbox 123 2626 233 2670; x_wconf 82' lang='lat' dir='ltr'><strong>gant,</strong></span> <span class='ocrx_word' id='word_1_293' title='bbox 263 2636 382 2672; x_wconf 89' lang='lat' dir='ltr'><strong>quam</strong></span> <span class='ocrx_word' id='word_1_294' title='bbox 413 2636 493 2673; x_wconf 67' lang='lat' dir='ltr'><strong>qua¹</strong></span> <span class='ocrx_word' id='word_1_295' title='bbox 523 2623 674 2661; x_wconf 88' lang='lat' dir='ltr'><strong>hostem</strong></span> <span class='ocrx_word' id='word_1_296' title='bbox 706 2629 907 2674; x_wconf 88' lang='lat' dir='ltr'><strong>superent.</strong></span> <span class='ocrx_word' id='word_1_297' title='bbox 956 2623 1105 2661; x_wconf 82' lang='lat' dir='ltr'><strong>Consul</strong></span> <span class='ocrx_word' id='word_1_298' title='bbox 1136 2622 1304 2660; x_wconf 88' lang='lat' dir='ltr'><strong>Romam</strong></span> <span class='ocrx_word' id='word_1_299' title='bbox 1335 2619 1460 2657; x_wconf 85' lang='lat' dir='ltr'><strong>rediit</strong></span> <span class='ocrx_word' id='word_1_300' title='bbox 1482 2631 1560 2657; x_wconf 90' lang='lat' dir='ltr'><strong>non</strong></span> <span class='ocrx_word' id='word_1_301' title='bbox 1580 2615 1629 2652; x_wconf 95' lang='grc'><strong>11</strong></span> 
     </span>
    </p>
   </div>
   <div class='ocr_carea' id='block_1_4' title="bbox 125 2691 1561 2745">
    <p class='ocr_par' dir='ltr' id='par_1_5' title="bbox 125 2691 1561 2745">
     <span class='ocr_line' id='line_1_36' title="bbox 125 2691 1561 2745; baseline -0.002 -14"><span class='ocrx_word' id='word_1_302' title='bbox 125 2695 207 2731; x_wconf 75' lang='lat' dir='ltr'><strong>tam</strong></span> <span class='ocrx_word' id='word_1_303' title='bbox 236 2693 332 2732; x_wconf 89' lang='lat' dir='ltr'><strong>belli</strong></span> <span class='ocrx_word' id='word_1_304' title='bbox 363 2695 494 2744; x_wconf 85' lang='lat' dir='ltr'><strong>gloria</strong></span> <span class='ocrx_word' id='word_1_305' title='bbox 525 2700 641 2733; x_wconf 88' lang='lat' dir='ltr'><strong>aucta</strong></span> <span class='ocrx_word' id='word_1_306' title='bbox 673 2709 791 2745; x_wconf 84' lang='lat' dir='ltr'><strong>quam</strong></span> <span class='ocrx_word' id='word_1_307' title='bbox 826 2696 983 2733; x_wconf 86' lang='lat' dir='ltr'><strong>irritato</strong></span> <span class='ocrx_word' id='word_1_308' title='bbox 1016 2694 1335 2743; x_wconf 82' lang='lat' dir='ltr'><strong>exacerbatoque</strong></span> <span class='ocrx_word' id='word_1_309' title='bbox 1367 2692 1408 2729; x_wconf 90' lang='lat' dir='ltr'><strong>in</strong></span> <span class='ocrx_word' id='word_1_310' title='bbox 1434 2704 1475 2729; x_wconf 86' lang='lat' dir='ltr'><strong>se</strong></span> <span class='ocrx_word' id='word_1_311' title='bbox 1491 2691 1561 2728; x_wconf 90' lang='lat' dir='ltr'><strong>mi-</strong></span> 
     </span>
    </p>
   </div>
  </div>
 </body>
</html>
