1821 2928
311 122 392 159 230
696 116 808 151 Liber
833 115 902 150 IV.
952 117 1011 158 (A.
1040 128 1071 150 u.
1099 128 1126 151 c.
1153 117 1360 158 330—331.)

272 244 472 289 Sodisset,
518 247 680 293 stupens
720 242 760 279 iu
800 247 946 281 aeteruo
987 256 1026 280 se
1068 244 1157 292 ipsa
1187 247 1339 280 teneret
1370 243 1549 291 servitio,
1594 246 1632 281 et
1662 257 1743 282 non

313 316 429 353 modo
462 315 511 353 ad
544 329 653 365 spem
686 314 912 352 consulatus
945 315 985 352 in
1017 319 1170 365 partem
1201 314 1413 352 revocandi
1437 315 1641 365 adspirare
1663 328 1742 355 non

312 386 486 432 auderet,
533 387 602 424 sed
648 399 696 424 ne
737 386 778 423 in
817 386 991 424 tribunis
1023 386 1183 435 quidem
1214 386 1380 424 militem
1412 387 1608 433 creandis,
1655 399 1743 436 quae

313 458 538 496 eommunia
569 461 700 495 essent
731 458 894 496 comitia
926 461 1082 507 patrum
1114 470 1158 494 ac
1189 458 1331 507 plebis,
1365 461 1434 496 aut
1465 458 1527 495 sui
1559 461 1627 496 aut
1657 471 1742 496 suo-

273 530 294 565 7
314 543 400 566 rum
433 529 686 567 meminisset.
746 529 961 567 Desineret
992 541 1087 578 ergo
1118 529 1267 576 mirari,
1308 542 1377 567 cur
1415 542 1529 567 nemo
1560 529 1608 566 de
1640 541 1742 566 com-

313 600 440 638 modis
470 601 601 651 plebis
632 604 787 650 ageret3
820 614 864 638 eo
897 599 1074 650 impendi
1104 600 1279 639 laborem
1311 614 1355 639 ac
1372 601 1606 651 periculum,
1637 600 1744 638 unde

315 673 622 710 emolumentum
668 675 787 721 atque
831 671 956 710 honos
1001 674 1198 722 speretur;
1244 673 1347 710 nihil
1378 686 1456 711 non
1487 685 1744 722 aggressuros

275 743 508 791 8homines,
553 744 586 781 si
631 756 775 792 magna
811 743 962 781 conatis
993 756 1137 792 magna
1168 745 1330 793 praemia
1360 746 1655 795 proponantur3
1700 746 1745 780 ut

314 815 472 865 quidem
506 815 652 865 aliquis
683 815 869 853 tribunus
900 815 1029 865 plebis
1060 818 1151 852 ruat
1181 828 1306 853 caecus
1338 815 1379 852 in
1406 815 1624 854 certamina
1639 815 1743 865 peri-

313 887 403 924 culo
436 887 600 935 ingenti,
633 887 763 924 fructu
796 887 918 933 nullo,
952 900 998 924 ex
1024 887 1169 936 quibus
1193 900 1266 937 pro
1289 890 1397 925 certo
1413 886 1570 934 habeat,
1598 889 1746 937 patres,

314 958 501 996 adversus
547 971 646 1008 quos
691 958 919 1005 tetenderit,
966 958 1073 996 bello
1121 959 1356 1009 inexpiabili
1387 972 1427 997 se
1457 962 1744 1009 persecuturos,

314 1030 420 1080 apud
466 1030 633 1079 plebem,
680 1042 752 1079 pro
794 1043 873 1079 qua
912 1030 1175 1078 dimicaverit,
1221 1030 1348 1068 nihilo
1379 1043 1420 1067 se
1450 1029 1744 1068 honoratiorem
1790 1030 1795 1033 ’

274 1101 410 1148 9fore,
456 1114 585 1151 neque
631 1101 871 1151 sperandum
916 1115 1045 1151 neque
1092 1102 1376 1152 postulandum
1417 1115 1513 1140 esse.
1573 1086 1746 1151 Magnos

315 1174 466 1211 animos
499 1173 653 1222 magnis
692 1172 912 1211 honoribus
949 1172 1048 1211 fieri.
1108 1173 1318 1211 Neminem
1350 1187 1390 1211 se
1420 1173 1623 1224 plebeium
1655 1186 1744 1211 con-

314 1249 566 1295 tempturum,
605 1245 675 1282 ubi
713 1245 909 1282 contemni
941 1245 1146 1282 desissent.
1191 1244 1489 1294 Experiundam
1515 1258 1600 1282 rem
1634 1244 1745 1282 deni-

315 1330 390 1366 que
438 1317 478 1354 in
523 1330 601 1354 uno
648 1319 716 1353 aut
760 1317 888 1354 altero
930 1330 1025 1364 esse,
1069 1317 1172 1354 sitne
1213 1317 1340 1367 aliqui
1371 1316 1553 1367 plebeius
1583 1315 1746 1354 ferendo

316 1401 456 1436 magno
488 1388 640 1435 honori,
672 1401 720 1425 an
752 1392 936 1438 portento
968 1389 1100 1426 simile
1131 1388 1404 1438 miraculoque
1436 1389 1500 1435 sit,
1532 1388 1675 1425 fortem
1699 1401 1744 1425 ac

250 1459 299 1496 lO
317 1464 520 1497 strenuum
560 1459 689 1497 virum
729 1460 902 1510 aliquem
934 1460 1123 1498 exsistere
1154 1463 1285 1498 ortum
1317 1473 1364 1497 ex
1395 1460 1523 1510 plebe.
1583 1458 1745 1497 Summa

315 1532 355 1568 vi
387 1535 655 1580 expugnatum
688 1545 781 1577 esse,
814 1535 858 1569 ut
888 1532 1041 1569 tribuni
1072 1532 1246 1569 militum
1274 1532 1475 1569 consulari
1492 1535 1687 1581 potestate
1705 1534 1745 1568 et

317 1615 363 1639 ex
395 1602 509 1652 plebe
541 1606 781 1640 crearentur.
828 1603 985 1642 Petisse
1011 1604 1117 1641 viros
1141 1603 1247 1641 domi
1277 1603 1509 1653 militiaeque
1526 1606 1744 1653 spectatos;

315 1674 456 1723 primis
482 1674 595 1711 annis
620 1673 872 1722 suggillatos,
903 1675 1081 1724 repulsos
1109 1675 1210 1712 risui
1227 1675 1407 1724 patribus
1423 1674 1565 1721 fuisse3
1597 1674 1744 1712 desisse

252 1744 516 1795 llpostremo
558 1745 734 1794 praebere
773 1745 823 1782 ad
862 1746 1141 1783 contumeliam
1183 1759 1235 1783 os.
1297 1746 1379 1784 Nec
1410 1759 1450 1784 se
1479 1746 1628 1792 videre,
1674 1759 1744 1783 cur

316 1830 393 1854 non
426 1817 489 1853 lex
521 1829 679 1866 quoque
711 1816 936 1865 abrogetur,
967 1830 1046 1867 qua
1076 1818 1117 1854 id
1147 1817 1278 1864 liceat,
1314 1818 1421 1867 quod
1452 1830 1653 1868 nunquam
1683 1818 1742 1855 fu·

317 1895 448 1925 turum
481 1888 552 1935 sit3
585 1889 955 1940 minorempquippe
986 1889 1170 1926 ruborem
1202 1890 1285 1927 fore
1315 1890 1356 1927 in
1387 1889 1485 1927 iuris
1516 1889 1743 1939 iniquitate,

190 1955 245 2002 36
318 1972 436 2009 quam
468 1961 500 1997 si
531 1973 602 2009 per
631 1960 912 2009 indignitatem
941 1961 1115 2010 ipsorum
1132 1965 1431 2010 praetereantur.
1477 1961 1612 1998 Huius
1629 1973 1744 2010 gene-

318 2031 372 2067 ris
406 2031 603 2069 orationes
635 2045 721 2069 cum
753 2045 915 2069 assensu
947 2032 1093 2070 auditae
1127 2033 1343 2071 incitavere
1375 2021 1567 2083 quosdam
1598 2033 1648 2070 ad
1678 2045 1743 2082 pe-

316 2101 479 2138 tendum
510 2102 757 2140 tribunatum
789 2103 971 2151 militum,
1017 2104 1139 2142 alium
1180 2104 1260 2142 alia
1291 2105 1339 2142 de
1369 2103 1585 2142 commodis
1615 2103 1745 2153 plebis

277 2171 300 2207 2
319 2172 492 2209 laturum
523 2187 564 2211 se
595 2175 635 2211 in
666 2175 903 2223 magistratu
933 2175 1194 2226 profitentem.
1240 2175 1342 2224 Agri
1367 2175 1518 2226 publici
1535 2174 1744 2213 dividendi

318 2243 639 2294 coloniarumque
671 2245 991 2285 deducendarum
1023 2250 1230 2285 ostentatae
1256 2260 1345 2297 spes
1371 2251 1421 2294 et,
1451 2233 1640 2295 vectigali
1655 2259 1744 2296 pos-

319 2315 540 2352 sessoribus
571 2328 755 2364 agrorum
787 2318 983 2367 imposito,
1014 2318 1055 2355 in
1087 2318 1327 2368 stipendium
1359 2318 1530 2356 militum
1554 2318 1745 2368 erogandi

279 2385 423 2441 3aeris.
468 2384 681 2435 Captatum
713 2387 856 2426 deinde
886 2393 1041 2440 tempus
1073 2390 1122 2428 ab
1151 2390 1325 2428 tribunis
1355 2389 1538 2436 militum,
1570 2402 1648 2438 quo
1674 2401 1746 2439 per

319 2456 535 2494 discessum
567 2457 770 2495 hominum
802 2459 851 2497 ab
883 2461 993 2508 urbe,
1025 2475 1146 2511 quum
1173 2465 1306 2511 patres
1332 2460 1579 2499 clandestina
1595 2460 1744 2498 denun—

314 2528 486 2566 tiatione
523 2529 700 2567 revocati
739 2529 789 2566 ad
831 2530 937 2568 diem
969 2535 1116 2570 certam
1148 2537 1288 2578 essent,
1334 2535 1491 2570 senatus
1522 2531 1744 2569 consultum

275 2597 301 2633 4
319 2598 432 2636 fieret
463 2599 694 2638 absentibus
723 2600 898 2639 tribunis
914 2602 1035 2651 plebi,
1065 2607 1120 2650 ut,
1151 2603 1337 2653 quoniam
1356 2603 1524 2641 Volscos
1540 2603 1581 2640 in
1597 2603 1743 2641 Herni-

313 2681 447 2708 corum
481 2684 599 2721 agros
631 2671 852 2721 praedatum
884 2673 1010 2711 exisse
1041 2674 1144 2712 fama
1175 2677 1288 2720 esset,
1328 2673 1379 2711 ad
1417 2687 1498 2711 rem
1530 2674 1742 2725 inspicien-
