1821 2928
289 123 370 161 302
739 118 854 153 Liber
878 117 926 153 V.
975 119 1037 163 (A.
1062 130 1099 152 u.
1125 129 1154 153 c.
1180 119 1275 162 364.)

290 251 396 284 metu
429 246 657 296 prohibitus
689 245 939 291 deseruisset,
972 246 1011 282 in
1031 244 1273 295 Capitolium
1298 244 1348 283 ad
1369 258 1459 284 suos
1490 245 1621 294 rediit,
1653 258 1722 284 seu

291 318 475 355 attonitis
508 317 640 355 Gallis
671 317 864 355 miraculo
897 316 1073 353 audaciae
1104 331 1172 354 seu
1203 317 1404 366 religione
1442 318 1562 355 etiam
1593 317 1728 365 motis,

291 390 402 427 cuius
434 390 741 438 haudquaquam
774 389 980 438 negligens
1013 402 1109 437 gens
1140 393 1209 426 est.

250 464 274 498 4
407 460 522 498 Veiis
554 461 714 497 interim
746 474 824 498 non
857 460 979 498 animi
1011 463 1163 497 tantum
1198 461 1237 497 in
1263 460 1361 508 dies,
1385 461 1451 498 sed
1478 461 1595 498 etiam
1619 461 1729 498 vires-

291 533 533 570 crescebant.
578 532 662 570 Nec
693 532 887 569 Romanis
919 532 1048 570 solum
1087 545 1131 569 eo
1170 533 1497 570 convenientibus
1529 546 1577 570 ex
1608 532 1729 582 agris,

294 605 362 654 qui
395 608 463 641 aut
493 605 635 653 proelio
668 605 832 641 adverso
865 608 933 641 aut
963 603 1072 641 clade
1105 608 1230 654 captae
1261 605 1372 642 urbis
1403 605 1531 655 palati
1555 605 1726 651 fuerant,

294 677 361 713 sed
381 677 498 714 etiam
517 690 564 713 ex
581 676 700 714 Latio
726 676 963 713 voluntariis
989 675 1291 722 confluentibus,
1323 680 1369 714 ut
1393 677 1433 713 in
1450 680 1562 726 parte
1578 675 1733 726 praedae-

254 748 276 785 5
295 753 435 795 essent,
467 751 664 785 maturum
697 748 773 784 iam
804 747 1033 794 videbatur,
1079 748 1206 797 repeti
1251 749 1420 798 patriam
1467 747 1648 798 eripique
1679 760 1727 784 ex

255 823 278 857 <5
299 820 473 858 hostium
504 820 705 866 manibus,
751 819 819 856 sed
867 819 1024 869 corpori
1063 819 1198 857 valido
1231 823 1348 869 caput
1379 819 1527 858 deerat.
1589 818 1722 856 Locus

295 892 379 942 ipse
411 891 647 929 admonebat
680 891 851 937 Camilli,
898 895 936 928 et
982 904 1124 940 magna
1169 904 1262 941 pars
1309 891 1479 928 militum
1511 895 1608 938 erat,
1653 890 1727 940 qui

296 963 418 1000 ductu
451 964 708 1013 auspicioque
740 964 824 1000 eius
855 977 916 1000 res
956 976 1146 1013 prospere
1178 966 1404 1012 gesserant;
1449 966 1490 1000 et
1519 961 1719 1000 Caedicius

294 1049 451 1085 negare,
483 1049 522 1072 se
554 1036 875 1082 commissurum,
922 1049 991 1072 cur
1022 1035 1098 1072 sibi
1129 1038 1198 1072 aut
1230 1035 1393 1073 deorum
1424 1038 1494 1072 aut
1523 1034 1726 1071 hominum

295 1108 508 1157 quisquam
525 1107 734 1157 imperium
751 1107 885 1144 finiret
899 1108 1044 1157 potius,
1079 1121 1195 1157 quam
1220 1108 1304 1157 ipse
1333 1120 1481 1144 memor
1497 1105 1649 1144 ordinis
1665 1105 1729 1142 sui

256 1181 277 1216 7
297 1183 478 1229 posceret
509 1180 801 1229 imperatorem,
869 1178 1075 1217 Consensu
1107 1180 1282 1217 omnium
1313 1179 1477 1229 placuit,
1509 1177 1559 1214 ab
1591 1175 1729 1214 Ardea

295 1250 507 1289 Camillum
540 1251 672 1297 acciri,
705 1250 773 1288 sed
803 1254 920 1288 antea
951 1251 1131 1288 consulto
1163 1255 1313 1297 senatu,
1344 1250 1413 1300 qui
1436 1250 1575 1288 Romae
1606 1251 1756 1295 esset3⁹

295 1323 395 1360 adeo
422 1323 586 1372 regebat
612 1323 744 1360 omnia
760 1323 889 1373 pudor
914 1323 1227 1373 discriminaque
1250 1335 1381 1360 rerum
1407 1335 1533 1372 prope
1554 1319 1726 1371 perditis

255 1395 417 1432 Srebus
448 1395 670 1433 servabant.
729 1395 892 1443 Ingenti
923 1395 1104 1444 periculo
1134 1395 1422 1432 transeundum
1453 1407 1525 1444 per
1555 1391 1729 1430 hostium

297 1467 498 1505 custodias
531 1470 626 1504 erat.
688 1466 755 1502 Ad
780 1480 864 1503 eam
890 1481 973 1504 rem
991 1467 1162 1504 Pontius
1187 1465 1393 1504 Cominius
1416 1465 1587 1515 impiger
1618 1464 1731 1502 iuve-

297 1539 361 1576 nis
408 1552 568 1588 operam
599 1538 823 1588 pollicitus,
869 1539 1063 1576 incubans
1105 1539 1244 1577 cortici
1283 1538 1456 1577 secundo
1494 1536 1634 1574 Tiberi
1677 1535 1730 1573 ad

260 1612 282 1647 9
301 1610 438 1647 urbem
473 1610 658 1647 defertur.
718 1610 828 1655 Inde,
867 1624 945 1660 qua
975 1612 1200 1661 proximum
1231 1611 1310 1647 fuit
1341 1624 1363 1648 a
1396 1610 1495 1660 ripa,
1522 1621 1595 1659 per
1625 1619 1734 1658 prae·

300 1685 459 1732 ruptum
479 1694 604 1731 eoque
621 1682 843 1731 neglectum
869 1682 1042 1720 hostium
1060 1682 1239 1719 custodia
1263 1695 1400 1719 saxum
1424 1682 1465 1718 in
1483 1679 1731 1730 Capitolium

233 1755 283 1792 10
301 1753 446 1799 evadit,
478 1757 516 1790 et
546 1754 595 1791 ad
622 1754 878 1803 magistratus
910 1754 1053 1791 ductus
1084 1753 1269 1791 mandata
1298 1753 1493 1791 exercitus
1510 1751 1604 1788 edit.
1649 1749 1731 1788 Ao-

300 1829 416 1876 cepto
441 1826 534 1863 inde
561 1829 720 1863 senatus
745 1826 936 1871 consulto,
967 1825 1027 1862 uti
1052 1825 1224 1863 comitiis
1252 1825 1417 1863 curiatis
1449 1826 1657 1861 revocatus
1682 1822 1732 1859 de

302 1898 441 1936 exsilio
488 1898 596 1935 iussu
642 1898 781 1947 populi
812 1896 1006 1934 Camillus
1052 1897 1224 1935 dictator
1277 1896 1475 1946 extemplo
1520 1895 1732 1940 diceretur,

302 1970 528 2019 militesque
545 1970 738 2007 haberent
754 1970 1044 2019 imperatorem,
1076 1983 1192 2019 quem
1216 1969 1375 2015 vellent,
1408 1967 1545 2006 eadem
1571 1965 1732 2015 degres-

229 2045 275 2080 11
304 2055 370 2079 sus
400 2041 564 2078 nuntius
596 2041 720 2079 Veios
751 2041 974 2088 contendit;
1007 2041 1197 2091 missique
1229 2040 1406 2078 Ardeam
1438 2039 1562 2089 legati
1592 2037 1642 2075 ad
1659 2036 1733 2075 Ca-

272 2157 277 2162 ,
303 2113 459 2151 millum
491 2112 616 2150 Veios
648 2127 734 2150 eum
766 2112 1003 2163 perduxere,
1035 2126 1104 2150 seu
1135 2112 1259 2164 (quod
1284 2112 1412 2161 magis
1435 2110 1597 2149 credere
1622 2109 1735 2156 libet,

303 2199 381 2223 non
415 2185 527 2235 prius
559 2185 778 2234 profectum
796 2186 845 2222 ab
863 2185 1011 2232 Ardea,
1043 2198 1160 2234 quam
1186 2184 1424 2234 compererit
1445 2183 1575 2232 legem
1601 2181 1735 2228 latam,

306 2257 411 2308 quod
442 2270 515 2295 nec
547 2257 700 2294 iniussu
731 2257 870 2306 populi
903 2257 1049 2294 mutari
1089 2256 1235 2294 finibus
1265 2259 1400 2306 posset
1435 2268 1508 2292 nec
1539 2253 1617 2291 nisi
1648 2251 1731 2290 dic-

304 2333 411 2367 tator
443 2329 573 2366 dictus
604 2329 784 2378 auspicia
815 2329 855 2365 in
887 2329 1065 2366 exercitu
1095 2329 1260 2376 habere)
1291 2327 1357 2365 lex
1385 2327 1535 2364 curiata
1564 2325 1647 2363 lata
1676 2326 1738 2361 est

309 2402 559 2450 dictatorque
591 2401 731 2438 absens
764 2400 905 2438 dictus.

181 2471 234 2518 47
421 2473 531 2510 Dum
560 2472 644 2509 haec
675 2471 791 2509 Veiis
822 2472 1054 2520 agebantur,
1086 2471 1246 2510 interim
1278 2484 1349 2508 arx
1379 2469 1518 2507 Romae
1544 2465 1735 2516 Capitoli-

270 2547 292 2582 2
310 2559 455 2596 umque
488 2546 530 2582 in
560 2544 713 2594 ingenti
742 2543 921 2593 periculo
952 2544 1040 2581 fuit.
1098 2543 1281 2593 Namque
1313 2541 1436 2587 Galli,
1466 2553 1534 2577 seu
1564 2536 1734 2586 vestigio

312 2621 449 2655 notato
494 2617 681 2669 humano,
726 2629 805 2665 qua
850 2615 1015 2652 nuntius
1055 2629 1077 2652 a
1116 2615 1230 2653 Veiis
1259 2614 1505 2664 pervenerat,
1549 2622 1619 2647 seu
1663 2621 1736 2646 sua

311 2692 450 2739 sponte
482 2688 755 2726 animadverso
786 2687 835 2724 ad
853 2686 1075 2724 Carmentis
1116 2699 1210 2724 saxo
1243 2685 1436 2722 adscensu
1466 2695 1592 2732 aeqUO,
1624 2683 1738 2718 nocte

312 2761 517 2809 sublustri,
549 2773 669 2810 quum
700 2760 827 2810 primo
852 2759 1054 2806 inermem,
1085 2758 1154 2808 qui
1177 2759 1351 2794 tentaret
1374 2755 1492 2801 viam,
1522 2751 1743 2804 praemisis·
