<?xml version="1.0" encoding="UTF-8"?>
<!DOCTYPE html PUBLIC "-//W3C//DTD XHTML 1.0 Transitional//EN"
    "http://www.w3.org/TR/xhtml1/DTD/xhtml1-transitional.dtd">
<html xmlns="http://www.w3.org/1999/xhtml" xml:lang="en" lang="en">
 <head>
  <title>
</title>
<meta http-equiv="Content-Type" content="text/html;charset=utf-8" />
  <meta name='ocr-system' content='tesseract 3.04.00' />
  <meta name='ocr-capabilities' content='ocr_page ocr_carea ocr_par ocr_line ocrx_word'/>
</head>
<body>
  <div class='ocr_page' id='page_1' title='image "./historiarumroman01livyuoft_0375.png"; bbox 0 0 1821 2928; ppageno 0'>
   <div class='ocr_carea' id='block_1_1' title="bbox 616 154 1480 194">
    <p class='ocr_par' dir='ltr' id='par_1_1' title="bbox 616 154 1480 194">
     <span class='ocr_line' id='line_1_1' title="bbox 616 154 1480 194; baseline 0.001 -5"><span class='ocrx_word' id='word_1_1' title='bbox 616 163 705 189; x_wconf 79' lang='lat' dir='ltr'>Liber</span> <span class='ocrx_word' id='word_1_2' title='bbox 725 164 775 189; x_wconf 78' lang='lat' dir='ltr'>VI.</span> <span class='ocrx_word' id='word_1_3' title='bbox 813 163 860 193; x_wconf 78' lang='lat' dir='ltr'>(A.</span> <span class='ocrx_word' id='word_1_4' title='bbox 882 163 934 189; x_wconf 72' lang='lat' dir='ltr'>cn.</span> <span class='ocrx_word' id='word_1_5' title='bbox 953 164 1026 194; x_wconf 77' lang='lat'>³84.)</span> <span class='ocrx_word' id='word_1_6' title='bbox 1430 154 1480 190; x_wconf 81' lang='lat'>21</span> 
     </span>
    </p>
   </div>
   <div class='ocr_carea' id='block_1_2' title="bbox 58 279 1677 2668">
    <p class='ocr_par' dir='ltr' id='par_1_2' title="bbox 101 279 1677 1295">
     <span class='ocr_line' id='line_1_2' title="bbox 110 279 1551 330; baseline -0.002 -10"><span class='ocrx_word' id='word_1_7' title='bbox 110 286 149 320; x_wconf 88' lang='lat' dir='ltr'>et</span> <span class='ocrx_word' id='word_1_8' title='bbox 177 280 292 330; x_wconf 87' lang='lat' dir='ltr'>regni</span> <span class='ocrx_word' id='word_1_9' title='bbox 311 279 462 317; x_wconf 78' lang='lat' dir='ltr'>crimen</span> <span class='ocrx_word' id='word_1_10' title='bbox 486 279 530 316; x_wconf 93' lang='lat' dir='ltr'>in</span> <span class='ocrx_word' id='word_1_11' title='bbox 553 279 697 325; x_wconf 88' lang='lat' dir='ltr'>medio,</span> <span class='ocrx_word' id='word_1_12' title='bbox 728 279 831 316; x_wconf 88' lang='lat' dir='ltr'>nulli</span> <span class='ocrx_word' id='word_1_13' title='bbox 855 279 983 328; x_wconf 87' lang='lat' dir='ltr'>magis</span> <span class='ocrx_word' id='word_1_14' title='bbox 1007 292 1127 329; x_wconf 90' lang='lat' dir='ltr'>quam</span> <span class='ocrx_word' id='word_1_15' title='bbox 1151 279 1333 318; x_wconf 76' lang='lat' dir='ltr'>libertati</span> <span class='ocrx_word' id='word_1_16' title='bbox 1359 280 1551 318; x_wconf 86' lang='lat' dir='ltr'>favebunt</span> 
     </span>
     <span class='ocr_line' id='line_1_3' title="bbox 108 344 1677 397; baseline -0.001 -10"><span class='ocrx_word' id='word_1_17' title='bbox 108 352 223 387; x_wconf 82' lang='lat' dir='ltr'>suae.“</span> <span class='ocrx_word' id='word_1_18' title='bbox 286 347 624 397; x_wconf 78' lang='lat' dir='ltr'>Appi-obantibus</span> <span class='ocrx_word' id='word_1_19' title='bbox 666 347 820 384; x_wconf 86' lang='lat' dir='ltr'>cunctis</span> <span class='ocrx_word' id='word_1_20' title='bbox 865 347 972 385; x_wconf 87' lang='lat' dir='ltr'>diem</span> <span class='ocrx_word' id='word_1_21' title='bbox 1012 347 1168 385; x_wconf 88' lang='lat' dir='ltr'>Manlio</span> <span class='ocrx_word' id='word_1_22' title='bbox 1215 348 1367 386; x_wconf 84' lang='lat' dir='ltr'>dicunt.</span> <span class='ocrx_word' id='word_1_23' title='bbox 1427 348 1546 396; x_wconf 78' lang='lat' dir='ltr'>Quod</span> <span class='ocrx_word' id='word_1_24' title='bbox 1620 344 1677 391; x_wconf 80' lang='grc'>20</span> 
     </span>
     <span class='ocr_line' id='line_1_4' title="bbox 106 416 1549 468; baseline -0.001 -12"><span class='ocrx_word' id='word_1_25' title='bbox 106 418 177 456; x_wconf 87' lang='lat' dir='ltr'>ubi</span> <span class='ocrx_word' id='word_1_26' title='bbox 209 421 268 455; x_wconf 88' lang='lat' dir='ltr'>est</span> <span class='ocrx_word' id='word_1_27' title='bbox 298 417 457 462; x_wconf 87' lang='lat' dir='ltr'>factum,</span> <span class='ocrx_word' id='word_1_28' title='bbox 503 416 633 465; x_wconf 88' lang='lat' dir='ltr'>primo</span> <span class='ocrx_word' id='word_1_29' title='bbox 672 420 868 454; x_wconf 85' lang='lat' dir='ltr'>commota</span> <span class='ocrx_word' id='word_1_30' title='bbox 906 417 1019 466; x_wconf 81' lang='lat' dir='ltr'>plebs</span> <span class='ocrx_word' id='word_1_31' title='bbox 1051 420 1120 464; x_wconf 88' lang='lat' dir='ltr'>est,</span> <span class='ocrx_word' id='word_1_32' title='bbox 1166 417 1306 467; x_wconf 90' lang='lat' dir='ltr'>utique</span> <span class='ocrx_word' id='word_1_33' title='bbox 1337 422 1549 468; x_wconf 78' lang='lat' dir='ltr'><strong>postquam</strong></span> 
     </span>
     <span class='ocr_line' id='line_1_5' title="bbox 107 484 1586 536; baseline -0.002 -12"><span class='ocrx_word' id='word_1_34' title='bbox 107 486 358 524; x_wconf 79' lang='lat' dir='ltr'>sordidatum</span> <span class='ocrx_word' id='word_1_35' title='bbox 396 497 507 522; x_wconf 88' lang='lat' dir='ltr'>reum</span> <span class='ocrx_word' id='word_1_36' title='bbox 548 484 737 521; x_wconf 75' lang='lat' dir='ltr'>viderunt</span> <span class='ocrx_word' id='word_1_37' title='bbox 777 499 850 522; x_wconf 80' lang='lat' dir='ltr'>nec</span> <span class='ocrx_word' id='word_1_38' title='bbox 892 498 981 522; x_wconf 89' lang='lat' dir='ltr'>cum</span> <span class='ocrx_word' id='word_1_39' title='bbox 1022 499 1066 523; x_wconf 91' lang='lat' dir='ltr'>eo</span> <span class='ocrx_word' id='word_1_40' title='bbox 1108 500 1187 523; x_wconf 90' lang='lat' dir='ltr'>non</span> <span class='ocrx_word' id='word_1_41' title='bbox 1226 486 1344 524; x_wconf 89' lang='lat' dir='ltr'>modo</span> <span class='ocrx_word' id='word_1_42' title='bbox 1385 486 1586 536; x_wconf 81' lang='lat' dir='ltr'>patrum2</span> 
     </span>
     <span class='ocr_line' id='line_1_6' title="bbox 107 553 1549 605; baseline 0 -12"><span class='ocrx_word' id='word_1_43' title='bbox 107 568 360 605; x_wconf 84' lang='lat' dir='ltr'>quemquam,</span> <span class='ocrx_word' id='word_1_44' title='bbox 391 553 460 590; x_wconf 88' lang='lat' dir='ltr'>sed</span> <span class='ocrx_word' id='word_1_45' title='bbox 491 567 540 591; x_wconf 88' lang='lat' dir='ltr'>ne</span> <span class='ocrx_word' id='word_1_46' title='bbox 572 557 763 602; x_wconf 86' lang='lat' dir='ltr'>cognatos</span> <span class='ocrx_word' id='word_1_47' title='bbox 795 554 958 603; x_wconf 88' lang='lat' dir='ltr'>quidem</span> <span class='ocrx_word' id='word_1_48' title='bbox 989 558 1058 591; x_wconf 89' lang='lat' dir='ltr'>aut</span> <span class='ocrx_word' id='word_1_49' title='bbox 1089 554 1239 601; x_wconf 81' lang='lat' dir='ltr'>affines,</span> <span class='ocrx_word' id='word_1_50' title='bbox 1270 558 1470 604; x_wconf 84' lang='lat' dir='ltr'>postremo</span> <span class='ocrx_word' id='word_1_51' title='bbox 1501 569 1549 593; x_wconf 88' lang='lat' dir='ltr'>ne</span> 
     </span>
     <span class='ocr_line' id='line_1_7' title="bbox 107 622 1548 673; baseline -0.001 -11"><span class='ocrx_word' id='word_1_52' title='bbox 107 624 253 662; x_wconf 87' lang='lat' dir='ltr'>fratres</span> <span class='ocrx_word' id='word_1_53' title='bbox 295 623 457 673; x_wconf 90' lang='lat' dir='ltr'>quidem</span> <span class='ocrx_word' id='word_1_54' title='bbox 489 622 540 659; x_wconf 83' lang='lat' dir='ltr'>A.</span> <span class='ocrx_word' id='word_1_55' title='bbox 573 626 612 659; x_wconf 86' lang='lat' dir='ltr'>et</span> <span class='ocrx_word' id='word_1_56' title='bbox 643 622 687 659; x_wconf 81' lang='lat' dir='ltr'>T.</span> <span class='ocrx_word' id='word_1_57' title='bbox 719 622 908 669; x_wconf 80' lang='lat' dir='ltr'>Manlios,</span> <span class='ocrx_word' id='word_1_58' title='bbox 949 624 1058 672; x_wconf 90' lang='lat' dir='ltr'>quod</span> <span class='ocrx_word' id='word_1_59' title='bbox 1099 623 1149 660; x_wconf 89' lang='lat' dir='ltr'>ad</span> <span class='ocrx_word' id='word_1_60' title='bbox 1191 637 1280 661; x_wconf 89' lang='lat' dir='ltr'>eum</span> <span class='ocrx_word' id='word_1_61' title='bbox 1313 624 1418 661; x_wconf 86' lang='lat' dir='ltr'>diem</span> <span class='ocrx_word' id='word_1_62' title='bbox 1450 638 1548 661; x_wconf 85' lang='lat' dir='ltr'>nuu-</span> 
     </span>
     <span class='ocr_line' id='line_1_8' title="bbox 106 691 1548 742; baseline 0 -12"><span class='ocrx_word' id='word_1_63' title='bbox 106 706 225 742; x_wconf 87' lang='lat' dir='ltr'>quam</span> <span class='ocrx_word' id='word_1_64' title='bbox 266 705 341 729; x_wconf 90' lang='lat' dir='ltr'>usu</span> <span class='ocrx_word' id='word_1_65' title='bbox 381 691 567 737; x_wconf 81' lang='lat' dir='ltr'>venisset,</span> <span class='ocrx_word' id='word_1_66' title='bbox 607 696 651 728; x_wconf 90' lang='lat' dir='ltr'>ut</span> <span class='ocrx_word' id='word_1_67' title='bbox 693 691 734 728; x_wconf 90' lang='grc'>111</span> <span class='ocrx_word' id='word_1_68' title='bbox 775 694 888 729; x_wconf 87' lang='lat' dir='ltr'>tanto</span> <span class='ocrx_word' id='word_1_69' title='bbox 931 692 1163 729; x_wconf 80' lang='lat' dir='ltr'>discrimine</span> <span class='ocrx_word' id='word_1_70' title='bbox 1195 706 1274 729; x_wconf 89' lang='lat' dir='ltr'>non</span> <span class='ocrx_word' id='word_1_71' title='bbox 1306 696 1345 730; x_wconf 90' lang='lat' dir='ltr'>et</span> <span class='ocrx_word' id='word_1_72' title='bbox 1375 693 1548 742; x_wconf 85' lang='lat' dir='ltr'>proximi</span> 
     </span>
     <span class='ocr_line' id='line_1_9' title="bbox 102 760 1587 809; baseline -0.001 -10"><span class='ocrx_word' id='word_1_73' title='bbox 102 765 252 799; x_wconf 84' lang='lat' dir='ltr'>vestem</span> <span class='ocrx_word' id='word_1_74' title='bbox 283 763 500 798; x_wconf 74' lang='lat' dir='ltr'>mutarent:</span> <span class='ocrx_word' id='word_1_75' title='bbox 534 760 642 809; x_wconf 77' lang='lat' dir='ltr'>App.</span> <span class='ocrx_word' id='word_1_76' title='bbox 675 760 847 798; x_wconf 79' lang='lat' dir='ltr'>Claudio</span> <span class='ocrx_word' id='word_1_77' title='bbox 878 761 921 798; x_wconf 91' lang='grc'>111</span> <span class='ocrx_word' id='word_1_78' title='bbox 951 762 1085 799; x_wconf 85' lang='lat' dir='ltr'>vincla</span> <span class='ocrx_word' id='word_1_79' title='bbox 1117 761 1238 799; x_wconf 86' lang='lat' dir='ltr'>ducto</span> <span class='ocrx_word' id='word_1_80' title='bbox 1271 760 1313 799; x_wconf 92' lang='lat' dir='ltr'>C.</span> <span class='ocrx_word' id='word_1_81' title='bbox 1330 761 1545 799; x_wconf 87' lang='lat' dir='ltr'>Claudium</span> <span class='ocrx_word' id='word_1_82' title='bbox 1565 761 1587 798; x_wconf 83' lang='grc'><strong>3</strong></span> 
     </span>
     <span class='ocr_line' id='line_1_10' title="bbox 104 829 1547 878; baseline 0 -10"><span class='ocrx_word' id='word_1_83' title='bbox 104 830 315 868; x_wconf 88' lang='lat' dir='ltr'>inimicum</span> <span class='ocrx_word' id='word_1_84' title='bbox 332 829 626 878; x_wconf 79' lang='lat' dir='ltr'>Claudiamque</span> <span class='ocrx_word' id='word_1_85' title='bbox 651 843 805 866; x_wconf 85' lang='lat' dir='ltr'>omnem</span> <span class='ocrx_word' id='word_1_86' title='bbox 829 834 987 878; x_wconf 82' lang='lat' dir='ltr'>gentem</span> <span class='ocrx_word' id='word_1_87' title='bbox 1010 830 1261 868; x_wconf 76' lang='lat' dir='ltr'>sordidatam</span> <span class='ocrx_word' id='word_1_88' title='bbox 1286 831 1425 873; x_wconf 72' lang='lat' dir='ltr'>fuisse:</span> <span class='ocrx_word' id='word_1_89' title='bbox 1457 845 1547 869; x_wconf 87' lang='lat' dir='ltr'>con-</span> 
     </span>
     <span class='ocr_line' id='line_1_11' title="bbox 104 898 1546 949; baseline -0.001 -12"><span class='ocrx_word' id='word_1_90' title='bbox 104 913 221 937; x_wconf 86' lang='lat' dir='ltr'>sensu</span> <span class='ocrx_word' id='word_1_91' title='bbox 253 898 429 949; x_wconf 81' lang='lat' dir='ltr'>opprimi</span> <span class='ocrx_word' id='word_1_92' title='bbox 460 898 694 947; x_wconf 73' lang='lat' dir='ltr'>popularem</span> <span class='ocrx_word' id='word_1_93' title='bbox 726 899 870 945; x_wconf 82' lang='lat' dir='ltr'>virum,</span> <span class='ocrx_word' id='word_1_94' title='bbox 901 899 1010 948; x_wconf 87' lang='lat' dir='ltr'>quod</span> <span class='ocrx_word' id='word_1_95' title='bbox 1041 899 1193 949; x_wconf 88' lang='lat' dir='ltr'>primus</span> <span class='ocrx_word' id='word_1_96' title='bbox 1225 913 1247 936; x_wconf 87' lang='lat' dir='ltr'>a</span> <span class='ocrx_word' id='word_1_97' title='bbox 1278 900 1463 948; x_wconf 85' lang='lat' dir='ltr'>patribus</span> <span class='ocrx_word' id='word_1_98' title='bbox 1496 899 1546 937; x_wconf 89' lang='lat' dir='ltr'>ad</span> 
     </span>
     <span class='ocr_line' id='line_1_12' title="bbox 104 966 1588 1018; baseline -0.002 -12"><span class='ocrx_word' id='word_1_99' title='bbox 104 969 259 1018; x_wconf 86' lang='lat' dir='ltr'>plebem</span> <span class='ocrx_word' id='word_1_100' title='bbox 291 967 512 1005; x_wconf 75' lang='lat' dir='ltr'>defecisset.</span> <span class='ocrx_word' id='word_1_101' title='bbox 559 967 691 1014; x_wconf 74' lang='lat' dir='ltr'>Quum</span> <span class='ocrx_word' id='word_1_102' title='bbox 723 967 810 1005; x_wconf 86' lang='lat' dir='ltr'>dies</span> <span class='ocrx_word' id='word_1_103' title='bbox 840 968 963 1015; x_wconf 85' lang='lat' dir='ltr'>venit,</span> <span class='ocrx_word' id='word_1_104' title='bbox 994 981 1081 1017; x_wconf 85' lang='lat' dir='ltr'>quae</span> <span class='ocrx_word' id='word_1_105' title='bbox 1113 972 1258 1017; x_wconf 86' lang='lat' dir='ltr'>praeter</span> <span class='ocrx_word' id='word_1_106' title='bbox 1290 971 1414 1005; x_wconf 76' lang='lat' dir='ltr'>coetus</span> <span class='ocrx_word' id='word_1_107' title='bbox 1445 968 1544 1004; x_wconf 90' lang='lat' dir='ltr'>mul·</span> <span class='ocrx_word' id='word_1_108' title='bbox 1563 966 1588 1003; x_wconf 80' lang='lat'>4</span> 
     </span>
     <span class='ocr_line' id='line_1_13' title="bbox 101 1036 1546 1086; baseline -0.001 -12"><span class='ocrx_word' id='word_1_109' title='bbox 101 1037 295 1074; x_wconf 74' lang='lat' dir='ltr'>titudinis</span> <span class='ocrx_word' id='word_1_110' title='bbox 327 1036 618 1086; x_wconf 77' lang='lat' dir='ltr'>seditiosasque</span> <span class='ocrx_word' id='word_1_111' title='bbox 635 1050 751 1074; x_wconf 80' lang='lat' dir='ltr'>voces</span> <span class='ocrx_word' id='word_1_112' title='bbox 784 1040 821 1073; x_wconf 89' lang='lat' dir='ltr'>et</span> <span class='ocrx_word' id='word_1_113' title='bbox 852 1036 1109 1085; x_wconf 84' lang='lat' dir='ltr'>largitionem</span> <span class='ocrx_word' id='word_1_114' title='bbox 1126 1040 1166 1074; x_wconf 92' lang='lat' dir='ltr'>et</span> <span class='ocrx_word' id='word_1_115' title='bbox 1195 1037 1317 1074; x_wconf 77' lang='lat' dir='ltr'>fallax</span> <span class='ocrx_word' id='word_1_116' title='bbox 1350 1036 1546 1074; x_wconf 88' lang='lat' dir='ltr'>indicium</span> 
     </span>
     <span class='ocr_line' id='line_1_14' title="bbox 104 1105 1545 1156; baseline -0.001 -13"><span class='ocrx_word' id='word_1_117' title='bbox 104 1105 345 1156; x_wconf 85' lang='lat' dir='ltr'>pertinentia</span> <span class='ocrx_word' id='word_1_118' title='bbox 376 1105 540 1155; x_wconf 88' lang='lat' dir='ltr'>proprie</span> <span class='ocrx_word' id='word_1_119' title='bbox 573 1105 624 1142; x_wconf 88' lang='lat' dir='ltr'>ad</span> <span class='ocrx_word' id='word_1_120' title='bbox 654 1105 770 1154; x_wconf 86' lang='lat' dir='ltr'>regni</span> <span class='ocrx_word' id='word_1_121' title='bbox 795 1106 945 1143; x_wconf 88' lang='lat' dir='ltr'>crimen</span> <span class='ocrx_word' id='word_1_122' title='bbox 976 1106 1025 1143; x_wconf 89' lang='lat' dir='ltr'>ab</span> <span class='ocrx_word' id='word_1_123' title='bbox 1058 1106 1357 1143; x_wconf 83' lang='lat' dir='ltr'>accusatoribus</span> <span class='ocrx_word' id='word_1_124' title='bbox 1389 1106 1545 1143; x_wconf 89' lang='lat' dir='ltr'>obiecta</span> 
     </span>
     <span class='ocr_line' id='line_1_15' title="bbox 103 1172 1584 1224; baseline -0.003 -11"><span class='ocrx_word' id='word_1_125' title='bbox 103 1176 185 1213; x_wconf 84' lang='lat' dir='ltr'>sint</span> <span class='ocrx_word' id='word_1_126' title='bbox 215 1189 294 1221; x_wconf 81' lang='lat' dir='ltr'>reo,</span> <span class='ocrx_word' id='word_1_127' title='bbox 326 1175 434 1224; x_wconf 85' lang='lat' dir='ltr'>apud</span> <span class='ocrx_word' id='word_1_128' title='bbox 465 1175 664 1212; x_wconf 88' lang='lat' dir='ltr'>neminem</span> <span class='ocrx_word' id='word_1_129' title='bbox 696 1178 898 1212; x_wconf 82' lang='lat' dir='ltr'>auctorem</span> <span class='ocrx_word' id='word_1_130' title='bbox 930 1175 1111 1221; x_wconf 81' lang='lat' dir='ltr'>invenio;</span> <span class='ocrx_word' id='word_1_131' title='bbox 1148 1188 1219 1212; x_wconf 86' lang='lat' dir='ltr'>nec</span> <span class='ocrx_word' id='word_1_132' title='bbox 1252 1175 1404 1221; x_wconf 82' lang='lat' dir='ltr'>dubito,</span> <span class='ocrx_word' id='word_1_133' title='bbox 1436 1173 1543 1211; x_wconf 87' lang='lat' dir='ltr'>haud</span> <span class='ocrx_word' id='word_1_134' title='bbox 1562 1172 1584 1209; x_wconf 85' lang='lat'>5</span> 
     </span>
     <span class='ocr_line' id='line_1_16' title="bbox 102 1243 1544 1295; baseline -0.001 -13"><span class='ocrx_word' id='word_1_135' title='bbox 102 1258 228 1295; x_wconf 80' lang='lat' dir='ltr'>parva</span> <span class='ocrx_word' id='word_1_136' title='bbox 257 1243 391 1288; x_wconf 85' lang='lat' dir='ltr'>fuisse,</span> <span class='ocrx_word' id='word_1_137' title='bbox 431 1257 553 1293; x_wconf 91' lang='lat' dir='ltr'>quum</span> <span class='ocrx_word' id='word_1_138' title='bbox 586 1243 805 1281; x_wconf 87' lang='lat' dir='ltr'>damnandi</span> <span class='ocrx_word' id='word_1_139' title='bbox 839 1257 948 1281; x_wconf 89' lang='lat' dir='ltr'>mora</span> <span class='ocrx_word' id='word_1_140' title='bbox 979 1244 1089 1293; x_wconf 90' lang='lat' dir='ltr'>plebi</span> <span class='ocrx_word' id='word_1_141' title='bbox 1120 1257 1200 1281; x_wconf 88' lang='lat' dir='ltr'>non</span> <span class='ocrx_word' id='word_1_142' title='bbox 1232 1244 1275 1280; x_wconf 88' lang='lat' dir='ltr'>in</span> <span class='ocrx_word' id='word_1_143' title='bbox 1306 1257 1437 1289; x_wconf 87' lang='lat' dir='ltr'>causa,</span> <span class='ocrx_word' id='word_1_144' title='bbox 1475 1243 1544 1280; x_wconf 89' lang='lat' dir='ltr'>sed</span> 
     </span>
    </p>

    <p class='ocr_par' dir='ltr' id='par_1_3' title="bbox 58 1311 1604 2668">
     <span class='ocr_line' id='line_1_17' title="bbox 58 1311 1544 1359; baseline -0.001 -8"><span class='ocrx_word' id='word_1_145' title='bbox 58 1326 61 1329; x_wconf 89' lang='lat'>·</span> <span class='ocrx_word' id='word_1_146' title='bbox 103 1313 146 1350; x_wconf 90' lang='lat' dir='ltr'>in</span> <span class='ocrx_word' id='word_1_147' title='bbox 176 1313 263 1351; x_wconf 90' lang='grc'><strong>1000</strong></span> <span class='ocrx_word' id='word_1_148' title='bbox 303 1312 437 1349; x_wconf 88' lang='lat' dir='ltr'>fuerit.</span> <span class='ocrx_word' id='word_1_149' title='bbox 497 1312 607 1349; x_wconf 84' lang='lat' dir='ltr'>Illud</span> <span class='ocrx_word' id='word_1_150' title='bbox 646 1311 865 1349; x_wconf 79' lang='lat' dir='ltr'>notandum</span> <span class='ocrx_word' id='word_1_151' title='bbox 895 1312 1067 1359; x_wconf 73' lang='lat' dir='ltr'>videtur,</span> <span class='ocrx_word' id='word_1_152' title='bbox 1104 1316 1149 1348; x_wconf 89' lang='lat' dir='ltr'>ut</span> <span class='ocrx_word' id='word_1_153' title='bbox 1186 1312 1316 1349; x_wconf 88' lang='lat' dir='ltr'>sciant</span> <span class='ocrx_word' id='word_1_154' title='bbox 1352 1312 1544 1358; x_wconf 82' lang='grc'><strong>11011111103,</strong></span> 
     </span>
     <span class='ocr_line' id='line_1_18' title="bbox 103 1380 1542 1431; baseline -0.001 -13"><span class='ocrx_word' id='word_1_155' title='bbox 103 1395 191 1431; x_wconf 87' lang='lat' dir='ltr'>quae</span> <span class='ocrx_word' id='word_1_156' title='bbox 224 1385 262 1419; x_wconf 89' lang='lat' dir='ltr'>et</span> <span class='ocrx_word' id='word_1_157' title='bbox 279 1385 428 1430; x_wconf 82' lang='lat' dir='ltr'>quanta</span> <span class='ocrx_word' id='word_1_158' title='bbox 454 1380 597 1418; x_wconf 86' lang='lat' dir='ltr'>decora</span> <span class='ocrx_word' id='word_1_159' title='bbox 622 1381 727 1418; x_wconf 80' lang='lat' dir='ltr'>foeda</span> <span class='ocrx_word' id='word_1_160' title='bbox 751 1381 953 1430; x_wconf 76' lang='lat' dir='ltr'>cupiditas</span> <span class='ocrx_word' id='word_1_161' title='bbox 978 1381 1092 1429; x_wconf 85' lang='lat' dir='ltr'>regni</span> <span class='ocrx_word' id='word_1_162' title='bbox 1117 1395 1196 1418; x_wconf 88' lang='lat' dir='ltr'>non</span> <span class='ocrx_word' id='word_1_163' title='bbox 1220 1381 1380 1429; x_wconf 80' lang='lat' dir='ltr'>ingrata</span> <span class='ocrx_word' id='word_1_164' title='bbox 1404 1381 1542 1426; x_wconf 72' lang='lat' dir='ltr'>solum,</span> 
     </span>
     <span class='ocr_line' id='line_1_19' title="bbox 102 1449 1582 1499; baseline -0.001 -12"><span class='ocrx_word' id='word_1_165' title='bbox 102 1450 171 1487; x_wconf 76' lang='lat' dir='ltr'>sed</span> <span class='ocrx_word' id='word_1_166' title='bbox 212 1450 344 1487; x_wconf 89' lang='lat' dir='ltr'>invisa</span> <span class='ocrx_word' id='word_1_167' title='bbox 385 1449 505 1487; x_wconf 85' lang='lat' dir='ltr'>etiam</span> <span class='ocrx_word' id='word_1_168' title='bbox 545 1449 789 1487; x_wconf 86' lang='lat' dir='ltr'>reddiderit:</span> <span class='ocrx_word' id='word_1_169' title='bbox 838 1450 1018 1487; x_wconf 89' lang='lat' dir='ltr'>homines</span> <span class='ocrx_word' id='word_1_170' title='bbox 1059 1463 1184 1499; x_wconf 89' lang='lat' dir='ltr'>prope</span> <span class='ocrx_word' id='word_1_171' title='bbox 1225 1449 1582 1499; x_wconf 63' lang='lat' dir='ltr'>quadringentos&amp;</span> 
     </span>
     <span class='ocr_line' id='line_1_20' title="bbox 101 1517 1544 1568; baseline -0.001 -13"><span class='ocrx_word' id='word_1_172' title='bbox 101 1518 337 1568; x_wconf 84' lang='lat' dir='ltr'>produxisse</span> <span class='ocrx_word' id='word_1_173' title='bbox 355 1517 516 1565; x_wconf 88' lang='lat' dir='ltr'>dicitur,</span> <span class='ocrx_word' id='word_1_174' title='bbox 542 1518 688 1567; x_wconf 90' lang='lat' dir='ltr'>quibus</span> <span class='ocrx_word' id='word_1_175' title='bbox 706 1519 791 1555; x_wconf 87' lang='lat' dir='ltr'>sine</span> <span class='ocrx_word' id='word_1_176' title='bbox 808 1520 941 1555; x_wconf 89' lang='lat' dir='ltr'>fenore</span> <span class='ocrx_word' id='word_1_177' title='bbox 959 1531 1152 1568; x_wconf 80' lang='lat' dir='ltr'>expensas</span> <span class='ocrx_word' id='word_1_178' title='bbox 1168 1518 1359 1568; x_wconf 80' lang='lat' dir='ltr'>pecunias</span> <span class='ocrx_word' id='word_1_179' title='bbox 1373 1517 1544 1564; x_wconf 88' lang='lat' dir='ltr'>tulisset,</span> 
     </span>
     <span class='ocr_line' id='line_1_21' title="bbox 101 1587 1583 1637; baseline -0.001 -13"><span class='ocrx_word' id='word_1_180' title='bbox 101 1599 270 1636; x_wconf 79' lang='lat' dir='ltr'>quorum</span> <span class='ocrx_word' id='word_1_181' title='bbox 293 1587 398 1624; x_wconf 87' lang='lat' dir='ltr'>bona</span> <span class='ocrx_word' id='word_1_182' title='bbox 420 1587 569 1633; x_wconf 81' lang='lat' dir='ltr'>venire,</span> <span class='ocrx_word' id='word_1_183' title='bbox 601 1601 699 1637; x_wconf 86' lang='lat' dir='ltr'>quos</span> <span class='ocrx_word' id='word_1_184' title='bbox 724 1587 816 1624; x_wconf 87' lang='lat' dir='ltr'>duci</span> <span class='ocrx_word' id='word_1_185' title='bbox 841 1588 1024 1625; x_wconf 88' lang='lat' dir='ltr'>addictos</span> <span class='ocrx_word' id='word_1_186' title='bbox 1055 1587 1344 1637; x_wconf 67' lang='lat' dir='ltr'>prohibuisset,</span> <span class='ocrx_word' id='word_1_187' title='bbox 1377 1587 1428 1624; x_wconf 87' lang='lat' dir='ltr'>ad</span> <span class='ocrx_word' id='word_1_188' title='bbox 1458 1587 1541 1623; x_wconf 88' lang='lat' dir='ltr'>haec</span> <span class='ocrx_word' id='word_1_189' title='bbox 1562 1589 1583 1623; x_wconf 79' lang='grc' dir='ltr'>ἰ’</span> 
     </span>
     <span class='ocr_line' id='line_1_22' title="bbox 101 1654 1542 1705; baseline 0.001 -14"><span class='ocrx_word' id='word_1_190' title='bbox 101 1654 245 1692; x_wconf 86' lang='lat' dir='ltr'>decora</span> <span class='ocrx_word' id='word_1_191' title='bbox 277 1668 434 1705; x_wconf 86' lang='lat' dir='ltr'>quoque</span> <span class='ocrx_word' id='word_1_192' title='bbox 457 1656 556 1693; x_wconf 88' lang='lat' dir='ltr'>belli</span> <span class='ocrx_word' id='word_1_193' title='bbox 581 1670 660 1694; x_wconf 89' lang='lat' dir='ltr'>non</span> <span class='ocrx_word' id='word_1_194' title='bbox 684 1670 1011 1694; x_wconf 84' lang='lat' dir='ltr'>commemorasse</span> <span class='ocrx_word' id='word_1_195' title='bbox 1033 1660 1201 1703; x_wconf 87' lang='lat' dir='ltr'>tantum,</span> <span class='ocrx_word' id='word_1_196' title='bbox 1233 1657 1302 1693; x_wconf 90' lang='lat' dir='ltr'>sed</span> <span class='ocrx_word' id='word_1_197' title='bbox 1326 1656 1542 1705; x_wconf 88' lang='lat' dir='ltr'>protulisse</span> 
     </span>
     <span class='ocr_line' id='line_1_23' title="bbox 99 1723 1541 1775; baseline 0.001 -14"><span class='ocrx_word' id='word_1_198' title='bbox 99 1723 220 1761; x_wconf 87' lang='lat' dir='ltr'>etiam</span> <span class='ocrx_word' id='word_1_199' title='bbox 238 1724 535 1774; x_wconf 73' lang='lat' dir='ltr'>conspicienda,</span> <span class='ocrx_word' id='word_1_200' title='bbox 566 1725 696 1775; x_wconf 84' lang='lat' dir='ltr'>spolia</span> <span class='ocrx_word' id='word_1_201' title='bbox 728 1726 904 1763; x_wconf 85' lang='lat' dir='ltr'>hostium</span> <span class='ocrx_word' id='word_1_202' title='bbox 932 1739 1122 1764; x_wconf 87' lang='lat' dir='ltr'>caesorum</span> <span class='ocrx_word' id='word_1_203' title='bbox 1147 1725 1197 1763; x_wconf 88' lang='lat' dir='ltr'>ad</span> <span class='ocrx_word' id='word_1_204' title='bbox 1220 1726 1405 1774; x_wconf 87' lang='lat' dir='ltr'>triginta,</span> <span class='ocrx_word' id='word_1_205' title='bbox 1437 1725 1541 1763; x_wconf 86' lang='lat' dir='ltr'>dona-</span> 
     </span>
     <span class='ocr_line' id='line_1_24' title="bbox 99 1792 1540 1844; baseline 0.001 -15"><span class='ocrx_word' id='word_1_206' title='bbox 99 1792 387 1842; x_wconf 81' lang='lat' dir='ltr'>imperatorum</span> <span class='ocrx_word' id='word_1_207' title='bbox 413 1793 463 1830; x_wconf 87' lang='lat' dir='ltr'>ad</span> <span class='ocrx_word' id='word_1_208' title='bbox 489 1794 770 1843; x_wconf 83' lang='lat' dir='ltr'>quadraginta,</span> <span class='ocrx_word' id='word_1_209' title='bbox 803 1794 845 1832; x_wconf 91' lang='grc'>111</span> <span class='ocrx_word' id='word_1_210' title='bbox 863 1795 1010 1844; x_wconf 87' lang='lat' dir='ltr'>quibus</span> <span class='ocrx_word' id='word_1_211' title='bbox 1041 1795 1220 1843; x_wconf 85' lang='lat' dir='ltr'>insignes</span> <span class='ocrx_word' id='word_1_212' title='bbox 1245 1795 1344 1832; x_wconf 86' lang='lat' dir='ltr'>duas</span> <span class='ocrx_word' id='word_1_213' title='bbox 1368 1794 1540 1831; x_wconf 86' lang='lat' dir='ltr'>murales</span> 
     </span>
     <span class='ocr_line' id='line_1_25' title="bbox 99 1861 1581 1912; baseline 0.001 -14"><span class='ocrx_word' id='word_1_214' title='bbox 99 1875 276 1907; x_wconf 86' lang='lat' dir='ltr'>coronas,</span> <span class='ocrx_word' id='word_1_215' title='bbox 308 1861 457 1899; x_wconf 80' lang='lat' dir='ltr'>civicas</span> <span class='ocrx_word' id='word_1_216' title='bbox 490 1866 596 1908; x_wconf 82' lang='grc' dir='ltr'><strong>001ος</strong></span> <span class='ocrx_word' id='word_1_217' title='bbox 628 1863 678 1900; x_wconf 86' lang='lat' dir='ltr'>ad</span> <span class='ocrx_word' id='word_1_218' title='bbox 710 1863 785 1900; x_wconf 89' lang='grc'><strong>1100</strong></span> <span class='ocrx_word' id='word_1_219' title='bbox 817 1868 993 1902; x_wconf 89' lang='lat' dir='ltr'>servatos</span> <span class='ocrx_word' id='word_1_220' title='bbox 1019 1878 1065 1901; x_wconf 84' lang='lat' dir='ltr'>ex</span> <span class='ocrx_word' id='word_1_221' title='bbox 1095 1864 1278 1901; x_wconf 83' lang='lat' dir='ltr'>hostibus</span> <span class='ocrx_word' id='word_1_222' title='bbox 1304 1864 1410 1901; x_wconf 84' lang='lat' dir='ltr'>cives</span> <span class='ocrx_word' id='word_1_223' title='bbox 1434 1863 1538 1912; x_wconf 79' lang='lat' dir='ltr'>[pro-</span> <span class='ocrx_word' id='word_1_224' title='bbox 1557 1863 1581 1900; x_wconf 77' lang='lat' dir='ltr'>S</span> 
     </span>
     <span class='ocr_line' id='line_1_26' title="bbox 99 1929 1537 1982; baseline 0 -14"><span class='ocrx_word' id='word_1_225' title='bbox 99 1930 240 1980; x_wconf 85' lang='lat' dir='ltr'>duxit]‚</span> <span class='ocrx_word' id='word_1_226' title='bbox 273 1930 378 1968; x_wconf 89' lang='lat' dir='ltr'>inter</span> <span class='ocrx_word' id='word_1_227' title='bbox 410 1944 508 1979; x_wconf 86' lang='lat' dir='ltr'>quos</span> <span class='ocrx_word' id='word_1_228' title='bbox 541 1930 582 1968; x_wconf 78' lang='lat' dir='ltr'>C.</span> <span class='ocrx_word' id='word_1_229' title='bbox 609 1929 829 1968; x_wconf 79' lang='lat' dir='ltr'>Servilium</span> <span class='ocrx_word' id='word_1_230' title='bbox 861 1933 1098 1981; x_wconf 74' lang='lat' dir='ltr'>magistrum</span> <span class='ocrx_word' id='word_1_231' title='bbox 1123 1932 1303 1982; x_wconf 88' lang='lat' dir='ltr'>equitum</span> <span class='ocrx_word' id='word_1_232' title='bbox 1335 1932 1537 1969; x_wconf 82' lang='lat' dir='ltr'>absentem</span> 
     </span>
     <span class='ocr_line' id='line_1_27' title="bbox 97 1999 1538 2051; baseline 0.002 -15"><span class='ocrx_word' id='word_1_233' title='bbox 97 1999 354 2043; x_wconf 83' lang='lat' dir='ltr'>nominatim;</span> <span class='ocrx_word' id='word_1_234' title='bbox 386 2003 423 2036; x_wconf 86' lang='lat' dir='ltr'>et</span> <span class='ocrx_word' id='word_1_235' title='bbox 456 2013 577 2048; x_wconf 85' lang='lat' dir='ltr'>quum</span> <span class='ocrx_word' id='word_1_236' title='bbox 609 2014 654 2037; x_wconf 90' lang='lat' dir='ltr'>ea</span> <span class='ocrx_word' id='word_1_237' title='bbox 687 2014 855 2049; x_wconf 82' lang='lat' dir='ltr'>quoque,</span> <span class='ocrx_word' id='word_1_238' title='bbox 894 2015 980 2050; x_wconf 78' lang='lat' dir='ltr'>quae</span> <span class='ocrx_word' id='word_1_239' title='bbox 1011 2001 1119 2039; x_wconf 85' lang='lat' dir='ltr'>bello</span> <span class='ocrx_word' id='word_1_240' title='bbox 1151 2004 1262 2049; x_wconf 85' lang='lat' dir='ltr'>gest-a</span> <span class='ocrx_word' id='word_1_241' title='bbox 1294 2005 1435 2048; x_wconf 88' lang='lat' dir='ltr'>essent,</span> <span class='ocrx_word' id='word_1_242' title='bbox 1465 2015 1538 2051; x_wconf 88' lang='lat' dir='ltr'>pro</span> 
     </span>
     <span class='ocr_line' id='line_1_28' title="bbox 96 2067 1538 2119; baseline 0.001 -15"><span class='ocrx_word' id='word_1_243' title='bbox 96 2067 262 2116; x_wconf 88' lang='lat' dir='ltr'>fastigio</span> <span class='ocrx_word' id='word_1_244' title='bbox 293 2081 425 2104; x_wconf 87' lang='lat' dir='ltr'>rerum</span> <span class='ocrx_word' id='word_1_245' title='bbox 451 2068 632 2105; x_wconf 86' lang='lat' dir='ltr'>oratione</span> <span class='ocrx_word' id='word_1_246' title='bbox 656 2070 776 2106; x_wconf 87' lang='lat' dir='ltr'>etiam</span> <span class='ocrx_word' id='word_1_247' title='bbox 800 2069 1025 2118; x_wconf 84' lang='lat' dir='ltr'>magnifica.</span> <span class='ocrx_word' id='word_1_248' title='bbox 1056 2070 1163 2107; x_wconf 86' lang='lat' dir='ltr'>facta</span> <span class='ocrx_word' id='word_1_249' title='bbox 1187 2069 1308 2107; x_wconf 88' lang='lat' dir='ltr'>dictis</span> <span class='ocrx_word' id='word_1_250' title='bbox 1332 2069 1538 2119; x_wconf 70' lang='lat' dir='ltr'>aequando,</span> 
     </span>
     <span class='ocr_line' id='line_1_29' title="bbox 96 2136 1536 2189; baseline 0.001 -16"><span class='ocrx_word' id='word_1_251' title='bbox 96 2140 365 2183; x_wconf 84' lang='lat' dir='ltr'>memorasset,</span> <span class='ocrx_word' id='word_1_252' title='bbox 396 2136 567 2174; x_wconf 75' lang='lat' dir='ltr'>nudasse</span> <span class='ocrx_word' id='word_1_253' title='bbox 599 2142 736 2187; x_wconf 84' lang='lat' dir='ltr'>pectus</span> <span class='ocrx_word' id='word_1_254' title='bbox 769 2137 925 2185; x_wconf 84' lang='lat' dir='ltr'>insigne</span> <span class='ocrx_word' id='word_1_255' title='bbox 949 2138 1207 2176; x_wconf 86' lang='lat' dir='ltr'>cicatricibus</span> <span class='ocrx_word' id='word_1_256' title='bbox 1229 2139 1338 2176; x_wconf 89' lang='lat' dir='ltr'>bello</span> <span class='ocrx_word' id='word_1_257' title='bbox 1361 2139 1536 2189; x_wconf 88' lang='lat' dir='ltr'>acceptis</span> 
     </span>
     <span class='ocr_line' id='line_1_30' title="bbox 97 2204 1577 2257; baseline 0.001 -15"><span class='ocrx_word' id='word_1_258' title='bbox 97 2208 136 2242; x_wconf 88' lang='lat' dir='ltr'>et</span> <span class='ocrx_word' id='word_1_259' title='bbox 165 2205 388 2243; x_wconf 90' lang='lat' dir='ltr'>identidem</span> <span class='ocrx_word' id='word_1_260' title='bbox 421 2204 667 2254; x_wconf 81' lang='lat' dir='ltr'>Capitolium</span> <span class='ocrx_word' id='word_1_261' title='bbox 699 2209 881 2255; x_wconf 80' lang='lat' dir='ltr'>spectans</span> <span class='ocrx_word' id='word_1_262' title='bbox 911 2207 1050 2244; x_wconf 83' lang='lat' dir='ltr'>Iovem</span> <span class='ocrx_word' id='word_1_263' title='bbox 1081 2206 1254 2257; x_wconf 87' lang='lat' dir='ltr'>deosque</span> <span class='ocrx_word' id='word_1_264' title='bbox 1286 2207 1386 2245; x_wconf 88' lang='lat' dir='ltr'>alios</span> <span class='ocrx_word' id='word_1_265' title='bbox 1419 2207 1534 2245; x_wconf 85' lang='lat' dir='ltr'>devo·</span> <span class='ocrx_word' id='word_1_266' title='bbox 1555 2208 1577 2243; x_wconf 84' lang='lat'>9</span> 
     </span>
     <span class='ocr_line' id='line_1_31' title="bbox 97 2274 1536 2326; baseline 0.001 -15"><span class='ocrx_word' id='word_1_267' title='bbox 97 2287 206 2312; x_wconf 87' lang='lat' dir='ltr'>casse</span> <span class='ocrx_word' id='word_1_268' title='bbox 237 2274 287 2312; x_wconf 90' lang='lat' dir='ltr'>ad</span> <span class='ocrx_word' id='word_1_269' title='bbox 318 2274 512 2311; x_wconf 78' lang='lat' dir='ltr'>auxilium</span> <span class='ocrx_word' id='word_1_270' title='bbox 553 2274 803 2312; x_wconf 84' lang='lat' dir='ltr'>fortunarum</span> <span class='ocrx_word' id='word_1_271' title='bbox 845 2289 1006 2313; x_wconf 88' lang='lat' dir='ltr'>suarum</span> <span class='ocrx_word' id='word_1_272' title='bbox 1047 2280 1310 2326; x_wconf 88' lang='lat' dir='ltr'>precatusque</span> <span class='ocrx_word' id='word_1_273' title='bbox 1342 2289 1436 2322; x_wconf 81' lang='lat' dir='ltr'>esse,</span> <span class='ocrx_word' id='word_1_274' title='bbox 1481 2279 1536 2322; x_wconf 75' lang='lat' dir='ltr'>ut,</span> 
     </span>
     <span class='ocr_line' id='line_1_32' title="bbox 96 2342 1534 2395; baseline 0.001 -15"><span class='ocrx_word' id='word_1_275' title='bbox 96 2355 215 2391; x_wconf 89' lang='lat' dir='ltr'>quam</span> <span class='ocrx_word' id='word_1_276' title='bbox 246 2346 417 2380; x_wconf 90' lang='lat' dir='ltr'>mentem</span> <span class='ocrx_word' id='word_1_277' title='bbox 450 2342 528 2380; x_wconf 88' lang='lat' dir='ltr'>sibi</span> <span class='ocrx_word' id='word_1_278' title='bbox 561 2342 834 2393; x_wconf 89' lang='lat' dir='ltr'>Capitolinam</span> <span class='ocrx_word' id='word_1_279' title='bbox 866 2358 995 2382; x_wconf 89' lang='lat' dir='ltr'>arcem</span> <span class='ocrx_word' id='word_1_280' title='bbox 1027 2345 1254 2395; x_wconf 84' lang='lat' dir='ltr'>protegenti</span> <span class='ocrx_word' id='word_1_281' title='bbox 1285 2345 1336 2383; x_wconf 87' lang='lat' dir='ltr'>ad</span> <span class='ocrx_word' id='word_1_282' title='bbox 1367 2345 1534 2382; x_wconf 89' lang='lat' dir='ltr'>salutem</span> 
     </span>
     <span class='ocr_line' id='line_1_33' title="bbox 95 2411 1535 2464; baseline 0.001 -16"><span class='ocrx_word' id='word_1_283' title='bbox 95 2411 238 2461; x_wconf 88' lang='lat' dir='ltr'>populi.</span> <span class='ocrx_word' id='word_1_284' title='bbox 268 2411 443 2449; x_wconf 82' lang='lat' dir='ltr'>Romani</span> <span class='ocrx_word' id='word_1_285' title='bbox 477 2411 691 2458; x_wconf 85' lang='lat' dir='ltr'>dedissent,</span> <span class='ocrx_word' id='word_1_286' title='bbox 723 2426 807 2450; x_wconf 88' lang='lat' dir='ltr'>eam</span> <span class='ocrx_word' id='word_1_287' title='bbox 838 2414 986 2464; x_wconf 89' lang='lat' dir='ltr'>populo</span> <span class='ocrx_word' id='word_1_288' title='bbox 1017 2413 1200 2451; x_wconf 85' lang='lat' dir='ltr'>Romano</span> <span class='ocrx_word' id='word_1_289' title='bbox 1233 2413 1275 2450; x_wconf 90' lang='lat' dir='ltr'>in</span> <span class='ocrx_word' id='word_1_290' title='bbox 1306 2427 1376 2451; x_wconf 89' lang='lat' dir='ltr'>suo</span> <span class='ocrx_word' id='word_1_291' title='bbox 1395 2412 1535 2450; x_wconf 81' lang='lat' dir='ltr'>discri-</span> 
     </span>
     <span class='ocr_line' id='line_1_34' title="bbox 96 2479 1533 2532; baseline 0.001 -16"><span class='ocrx_word' id='word_1_292' title='bbox 96 2479 202 2517; x_wconf 89' lang='lat' dir='ltr'>mine</span> <span class='ocrx_word' id='word_1_293' title='bbox 234 2479 387 2526; x_wconf 89' lang='lat' dir='ltr'>darent,</span> <span class='ocrx_word' id='word_1_294' title='bbox 427 2484 465 2517; x_wconf 88' lang='lat' dir='ltr'>et</span> <span class='ocrx_word' id='word_1_295' title='bbox 496 2494 628 2518; x_wconf 83' lang='lat' dir='ltr'>orasse</span> <span class='ocrx_word' id='word_1_296' title='bbox 666 2481 846 2529; x_wconf 86' lang='lat' dir='ltr'>singulos</span> <span class='ocrx_word' id='word_1_297' title='bbox 875 2482 1171 2532; x_wconf 85' lang='lat' dir='ltr'>universosque,</span> <span class='ocrx_word' id='word_1_298' title='bbox 1211 2486 1254 2519; x_wconf 84' lang='lat' dir='ltr'>ut</span> <span class='ocrx_word' id='word_1_299' title='bbox 1286 2481 1533 2531; x_wconf 88' lang='lat' dir='ltr'>Capitolium</span> 
     </span>
     <span class='ocr_line' id='line_1_35' title="bbox 97 2549 1534 2596; baseline 0.003 -13"><span class='ocrx_word' id='word_1_300' title='bbox 97 2550 215 2596; x_wconf 84' lang='lat' dir='ltr'>atque</span> <span class='ocrx_word' id='word_1_301' title='bbox 256 2562 385 2586; x_wconf 86' lang='lat' dir='ltr'>arcem</span> <span class='ocrx_word' id='word_1_302' title='bbox 426 2549 637 2589; x_wconf 76' lang='lat' dir='ltr'>intuentes,</span> <span class='ocrx_word' id='word_1_303' title='bbox 678 2553 722 2586; x_wconf 86' lang='lat' dir='ltr'>ut</span> <span class='ocrx_word' id='word_1_304' title='bbox 762 2551 813 2588; x_wconf 89' lang='lat' dir='ltr'>ad</span> <span class='ocrx_word' id='word_1_305' title='bbox 855 2551 949 2588; x_wconf 85' lang='lat' dir='ltr'>deos</span> <span class='ocrx_word' id='word_1_306' title='bbox 989 2551 1232 2589; x_wconf 87' lang='lat' dir='ltr'>immortales</span> <span class='ocrx_word' id='word_1_307' title='bbox 1272 2550 1376 2588; x_wconf 91' lang='lat' dir='ltr'>versi</span> <span class='ocrx_word' id='word_1_308' title='bbox 1415 2550 1463 2587; x_wconf 91' lang='lat' dir='ltr'>de</span> <span class='ocrx_word' id='word_1_309' title='bbox 1495 2564 1534 2587; x_wconf 87' lang='lat' dir='ltr'>se</span> 
     </span>
     <span class='ocr_line' id='line_1_36' title="bbox 98 2613 1604 2668; baseline 0.003 -17"><span class='ocrx_word' id='word_1_310' title='bbox 98 2613 333 2655; x_wconf 85' lang='lat' dir='ltr'>iudicarent.</span> <span class='ocrx_word' id='word_1_311' title='bbox 414 2618 464 2656; x_wconf 87' lang='lat' dir='ltr'>In</span> <span class='ocrx_word' id='word_1_312' title='bbox 510 2632 649 2668; x_wconf 90' lang='lat' dir='ltr'>campo</span> <span class='ocrx_word' id='word_1_313' title='bbox 694 2618 844 2657; x_wconf 83' lang='lat' dir='ltr'>Martio</span> <span class='ocrx_word' id='word_1_314' title='bbox 889 2633 1011 2668; x_wconf 90' lang='lat' dir='ltr'>quum</span> <span class='ocrx_word' id='word_1_315' title='bbox 1057 2619 1314 2656; x_wconf 87' lang='lat' dir='ltr'>centuriatim</span> <span class='ocrx_word' id='word_1_316' title='bbox 1361 2618 1532 2668; x_wconf 79' lang='lat' dir='ltr'>populus</span> <span class='ocrx_word' id='word_1_317' title='bbox 1554 2620 1604 2656; x_wconf 93' lang='lat' dir='ltr'>lO</span> 
     </span>
    </p>
   </div>
  </div>
 </body>
</html>
