1821 2928
357 209 439 246 208
522 220 525 222 ·
774 218 864 243 Liber
881 217 919 243 x.
956 217 1004 246 (A.
1023 226 1052 244 u.
1071 225 1097 244 c.
1116 219 1274 249 455—466.)

234 335 283 370 10
301 346 440 382 agrum
470 333 683 370 Etruscum
705 334 909 369 vastarent
931 332 1128 382 armisque
1150 333 1389 371 lacesserent
1413 334 1603 382 cultores;
1632 334 1735 372 mili-

297 405 453 439 taturos
481 405 614 438 tamen
645 414 698 448 se,
729 400 762 438 si
793 400 933 450 utique
956 400 1118 438 Etrusci
1140 401 1278 448 velint,
1309 402 1379 439 sed
1401 403 1513 440 nulla
1534 402 1613 440 alia
1635 415 1736 440 mer-

299 470 405 515 cede,
437 483 555 519 quam
586 473 631 505 ut
663 469 704 506 in
735 472 888 518 partem
920 469 1007 517 agri
1050 469 1300 519 accipiantur
1329 470 1570 520 tandemque
1600 470 1737 520 aliqua

233 539 279 574 ll
299 537 391 575 sede
421 541 530 574 certa
561 538 791 574 consistant.
836 537 969 574 Multa
1000 536 1048 573 de
1079 550 1123 574 eo
1155 538 1326 575 concilia
1355 539 1594 589 populorum
1616 538 1735 576 Etru-

299 606 371 643 riae
401 605 554 652 habita,
583 619 655 642 nec
685 605 823 655 perfici
854 606 1070 655 quicquam
1100 606 1242 655 potuit,
1272 619 1352 644 non
1381 610 1464 644 tam
1489 607 1585 656 quia
1609 606 1735 644 immi-

299 675 369 711 nui
400 687 558 723 agrmn,
606 687 723 723 quain
765 674 859 723 quia
896 674 1052 711 accolas
1094 674 1173 711 sibi
1206 675 1374 724 quisque
1406 674 1624 724 adiungere
1654 677 1736 712 tam

233 743 281 779 1⁶2
302 742 471 780 efferatae
502 743 632 791 gentis
662 742 841 779 homines
871 742 1071 779 horrebat.
1116 742 1182 779 Ita
1213 742 1367 780 dimissi
1393 741 1503 780 Galli
1528 743 1736 793 pecuniam

300 811 503 859 ingentem
534 811 618 848 sine
650 810 787 848 labore
818 823 863 847 ac
894 811 1073 860 periculo
1105 815 1262 861 partam
1292 811 1544 849 rettulerunt.
1597 811 1737 849 Romae

298 882 493 916 tenorem
523 879 696 928 praebuit
726 880 831 916 fama
855 877 1004 916 Gallici
1035 879 1231 916 tumultus
1264 879 1314 916 ad
1345 879 1494 916 bellum
1523 879 1737 916 Etruscum

300 946 467 993 adiecti;
507 960 551 984 eo
590 947 720 984 minus
762 949 995 985 cunctanter
1035 947 1163 984 foedus
1204 948 1328 985 ictum
1359 961 1448 984 cum
1477 947 1638 985 Picenti
1669 960 1737 998 po-

303 1015 398 1064 pulo
430 1018 498 1052 est.

167 1080 218 1125 11
415 1082 460 1120 Τ.
497 1083 651 1121 Manlio
689 1083 844 1121 consuli
880 1084 1092 1134 provincia
1129 1083 1295 1122 Etruria
1331 1086 1437 1120 sorte
1474 1083 1623 1130 evenit3
1669 1082 1739 1132 qui

299 1151 464 1188 vixdum
489 1151 690 1200 ingressus
712 1152 887 1189 hostium
909 1152 1018 1199 fines,
1043 1165 1164 1202 quum
1188 1154 1437 1189 exerceretur
1452 1151 1557 1188 inter
1573 1150 1739 1201 equites,

300 1219 349 1257 ab
390 1219 531 1269 rapido
573 1234 690 1257 cursu
728 1220 1033 1269 circumagendo
1076 1234 1175 1270 equo
1209 1220 1352 1258 effusus
1384 1219 1583 1269 extemplo
1613 1231 1738 1269 prope

260 1288 540 1337 2exspiravit;
585 1289 727 1325 tertius
765 1288 815 1325 ab
856 1302 900 1326 eo
943 1302 1034 1325 casu
1073 1289 1158 1326 dies
1196 1288 1288 1326 finis
1326 1288 1422 1325 vitae
1460 1287 1615 1325 consuli
1650 1286 1737 1324 fuit.

299 1356 386 1403 Quo
411 1356 523 1394 velut
546 1357 675 1393 omine
698 1357 796 1394 belli
821 1360 996 1406 accepto,
1020 1356 1114 1394 deos
1144 1370 1217 1407 pro
1251 1371 1291 1394 se
1321 1356 1563 1394 commisisse
1586 1355 1738 1393 bellum

260 1425 283 1461 3
300 1428 565 1462 memorantes
588 1425 752 1462 Etrusci
783 1425 978 1462 sustulere
1009 1426 1172 1463 animos.
1230 1425 1370 1462 Romae
1394 1437 1516 1474 quum
1539 1423 1738 1461 desiderio

297 1493 391 1539 viri,
431 1496 516 1529 tum
547 1493 872 1530 incommoditate
901 1494 1093 1542 temporis
1123 1493 1251 1531 tristis
1280 1494 1445 1530 nuntius
1475 1493 1572 1540 fuit3
1603 1494 1738 1542 patres

299 1561 349 1598 ab
381 1561 553 1599 iubendo
585 1561 782 1599 dictatore
814 1561 987 1598 consulis
1019 1561 1263 1610 subrogandi
1289 1562 1451 1599 comitia
1473 1575 1520 1598 ex
1542 1559 1739 1598 sententia

261 1628 527 1678 4principum
558 1629 699 1667 habita
731 1631 1018 1667 deterruerunt.
1064 1629 1119 1666 M.
1144 1629 1353 1667 Valerium
1378 1630 1579 1667 consulem
1605 1640 1738 1666 omnes

300 1698 506 1734 sententiae
539 1698 809 1747 centuriaeque
841 1698 993 1744 dixere,
1041 1712 1157 1747 quem
1196 1701 1356 1735 senatus
1388 1697 1626 1735 dictatorem
1655 1696 1737 1733 dici

301 1766 477 1803 iussurus
507 1766 656 1811 fuerat3
695 1769 781 1802 tum
813 1766 1011 1815 extemplo
1049 1766 1090 1802 in
1121 1765 1327 1803 Etruriam
1358 1765 1409 1803 ad
1440 1765 1617 1814 legiones
1647 1777 1737 1814 pro-

261 1831 425 1871 5ficisci
464 1833 590 1870 iussit.
656 1832 868 1871 Adventus
905 1834 990 1870 eius
1028 1834 1263 1883 compressit
1299 1833 1490 1871 Etruscos
1527 1833 1648 1879 adeo,
1693 1835 1739 1870 ut

298 1916 412 1940 nemo
443 1904 556 1939 extra
586 1901 833 1939 munimenta
864 1901 1000 1950 egredi
1033 1902 1208 1949 auderet,
1238 1902 1439 1951 timorque
1469 1902 1647 1952 ipsorum
1670 1901 1737 1939 ob-

261 1969 282 2004 6
302 1970 452 2008 sidioni
482 1969 626 2007 similis
657 1973 775 2016 esset;
806 1983 935 2019 neque
966 1969 1056 2007 illos
1087 1983 1213 2007 novus
1241 1970 1378 2007 consul
1402 1969 1605 2007 vastandis
1631 1969 1738 2018 agris

299 2039 540 2087 urendisque
566 2039 693 2085 tectis,
719 2051 841 2088 quum
867 2038 1014 2088 passim
1038 2051 1117 2075 non
1139 2038 1247 2075 villae
1264 2038 1402 2085 solum,
1426 2038 1494 2075 sed
1511 2038 1737 2088 frequentes

301 2119 458 2155 quoque
487 2106 567 2143 vici
598 2106 794 2144 incendiis
824 2107 1036 2153 fumarent,
1068 2106 1210 2143 elicere
1241 2105 1292 2143 ad
1324 2109 1522 2144 certamen
1552 2105 1695 2156 potuit.

264 2173 286 2208 7
418 2174 550 2221 Quum
580 2174 654 2211 hoc
685 2175 845 2223 segnius
875 2175 1027 2212 bellum
1057 2175 1246 2224 opinione
1277 2177 1396 2222 esset,
1436 2174 1600 2212 alterius
1630 2173 1738 2221 belli,

302 2240 408 2291 quod
438 2241 575 2278 multis
607 2242 647 2279 in
678 2243 804 2279 vicem
836 2242 1018 2279 cladibus
1057 2242 1166 2279 haud
1197 2243 1394 2280 immerito
1424 2241 1611 2280 terribile
1641 2244 1738 2288 erat,

299 2309 405 2346 fama
434 2308 674 2356 Picentium,
703 2324 896 2348 novorum
928 2311 1139 2357 sociorum,
1171 2310 1318 2348 indicio
1350 2312 1487 2347 exorta
1517 2312 1595 2347 est:
1627 2308 1736 2347 Sam-

300 2377 403 2414 nites
434 2391 544 2414 arma
575 2380 615 2414 et
643 2378 901 2416 rebellionem
933 2382 1130 2428 spectare,
1169 2392 1288 2428 seque
1325 2377 1376 2416 ab
1417 2378 1468 2415 iis
1500 2377 1738 2416 sollicitatos

260 2445 285 2481 8
304 2459 397 2482 esse.
456 2445 694 2483 Picentibus
725 2447 866 2494 gratiae
896 2450 1011 2494 actae,
1051 2450 1090 2484 et
1119 2460 1264 2496 magna
1294 2459 1386 2496 pars
1417 2459 1522 2483 curae
1551 2444 1737 2495 patribus

264 2514 285 2548 9
304 2514 352 2550 ab
377 2513 544 2551 Etruria
567 2514 607 2550 in
635 2513 833 2552 Samnites
855 2529 969 2553 versa
993 2518 1062 2552 est.
1109 2515 1263 2552 Caritas
1287 2515 1408 2552 etiam
1437 2526 1603 2551 annonae
1627 2512 1736 2550 solli-

303 2581 422 2618 citam
454 2582 658 2620 civitatem
688 2582 840 2629 habuit,
871 2587 1110 2632 ventumque
1141 2583 1192 2620 ad
1229 2582 1376 2632 inopiae
1407 2581 1591 2618 ultimum
1621 2581 1735 2628 foret,

301 2652 346 2685 ut
376 2650 579 2698 scripsere,
611 2650 755 2699 quibus
787 2650 942 2687 aedilem
973 2652 1095 2688 fuisse
1119 2664 1164 2688 eo
1188 2663 1292 2687 anno
1317 2648 1488 2686 Fabium
1514 2649 1736 2686 Maximum
