1821 2928
262 128 345 166 298
716 124 828 160 Liber
852 124 898 159 V.
948 126 1006 168 (A.
1033 136 1068 160 u.
1095 136 1125 159 c.
1149 126 1243 170 364.)

221 254 243 288 7
263 267 308 291 ac
338 253 564 303 propinqua
593 253 678 290 foro
711 252 798 290 loca
827 252 1058 301 conglobati
1089 252 1294 304 redibant3
1340 253 1411 290 ubi
1443 266 1520 300 eos,
1565 252 1695 304 plebis

264 324 440 362 aedificiis
473 324 679 370 obseratis,
719 324 951 374 patentibus
984 325 1100 362 atriis
1129 325 1370 375 principum,
1414 325 1541 362 maior
1569 338 1696 376 prope

222 397 247 434 8
267 397 465 434 cunctatio
505 397 665 434 tenebat
697 400 835 445 aperta
865 409 984 445 quam
1015 397 1150 433 clausa
1179 397 1415 444 invadendi3
1461 397 1560 435 adeo
1590 397 1698 436 haud

266 482 376 506 secus
408 482 526 518 quam
558 467 831 505 venerabundi
863 468 1122 505 intuebantur
1152 469 1192 505 in
1224 468 1368 506 aedium
1399 468 1609 507 vestibulis
1640 482 1698 507 se·

267 540 405 577 dentes
437 540 555 585 viros,
585 543 732 589 praeter
757 544 938 578 ornatum
963 539 1222 590 habitumque
1239 540 1410 579 humano
1427 541 1700 590 augustiorem

266 612 473 649 maiestate
505 612 635 658 etiam,
667 625 785 662 quam
815 612 949 649 vultus
981 612 1239 661 gravitasque
1271 613 1350 649 oris
1375 625 1458 662 prae
1475 626 1515 650 se
1532 612 1699 660 ferebat,

226 686 248 720 9
268 683 495 720 simillimos
535 683 605 721 dis.
664 683 733 721 Ad
774 696 839 721 eos
870 684 979 720 velut
1009 684 1222 721 simulacra
1251 685 1356 722 versi
1387 697 1508 734 quum
1539 686 1703 731 starent,

266 755 320 792 M.
341 755 543 805 Papirius,
573 769 675 792 unus
708 769 756 792 ex
787 756 848 802 iis,
881 756 1027 792 dicitur
1046 754 1166 793 Gallo
1196 756 1362 794 barbam
1393 770 1515 802 suam,
1547 759 1592 793 ut
1615 758 1702 793 tum

266 827 448 864 omnibus
480 827 675 877 promissa
706 830 802 874 erat,
833 828 1099 877 permulcenti
1131 829 1307 878 scipione
1332 828 1506 866 eburneo
1524 828 1564 864 in
1582 831 1704 877 caput

267 899 422 937 incusso
453 900 552 936 iram
585 900 765 945 movisse,
798 904 916 949 atque
948 900 998 936 ab
1031 913 1076 936 eo
1103 900 1265 937 initium
1291 900 1410 938 caedis
1427 904 1568 946 ortum,
1599 904 1700 938 cete-

202 972 251 1008 10
270 984 334 1008 ros
367 972 408 1007 in
439 971 599 1008 sedibus
631 972 712 1009 suis
742 972 979 1018 trucidatos,
1026 976 1116 1021 post
1153 972 1382 1022 principum
1424 971 1569 1009 caedem
1599 971 1705 1008 nulli

269 1042 412 1080 deinde
454 1043 682 1080 mortalium
723 1043 846 1093 parci,
890 1043 1012 1093 diripi
1044 1047 1160 1088 tecta,
1202 1043 1404 1081 exhaustis
1436 1043 1550 1080 iniici
1581 1043 1706 1091 ignes.

140 1111 198 1158 42
388 1114 584 1162 Ceterum,
616 1129 685 1152 seu
716 1129 794 1153 non
820 1116 1002 1153 omnibus
1028 1116 1190 1153 delendi
1207 1116 1348 1153 urbem
1364 1115 1492 1153 libido
1511 1118 1606 1162 erat,
1636 1127 1706 1154 seu

269 1187 325 1224 ita
355 1187 561 1237 placuerat
592 1187 845 1237 principibus
878 1187 1098 1233 Gallorum,
1139 1191 1177 1225 et
1209 1188 1403 1225 ostentari
1435 1187 1616 1236 quaedam
1647 1187 1706 1224 in·

271 1259 410 1296 cendia
440 1260 606 1297 terroris
631 1273 758 1306 causa,
793 1260 825 1296 si
849 1260 1037 1309 compelli
1055 1260 1103 1296 ad
1122 1259 1367 1297 deditionem
1384 1260 1551 1296 caritate
1567 1258 1708 1296 sedum

230 1332 431 1370 2suarum
463 1331 613 1369 obsessi
643 1335 816 1381 possent,
862 1335 902 1368 et
940 1345 1018 1368 non
1051 1332 1182 1369 omnia
1214 1331 1460 1368 concremari
1490 1334 1606 1378 tecta,
1651 1334 1707 1378 ut,

271 1403 536 1452 quodcunque
568 1408 791 1454 superesset
821 1403 946 1450 urbis,
979 1404 1019 1440 id
1049 1404 1196 1454 pignus
1225 1403 1275 1441 ad
1301 1402 1519 1440 flectendos
1534 1402 1709 1440 hostium

270 1475 425 1512 animos
470 1475 675 1523 haberent,
721 1489 972 1525 nequaquam
1018 1475 1187 1526 perinde
1232 1479 1351 1525 atque
1390 1475 1432 1512 in
1463 1478 1580 1524 capta
1609 1473 1710 1512 urbe

211 1548 253 1583 ·3
272 1547 401 1596 prima
433 1547 496 1584 die
528 1551 595 1584 aut
627 1547 775 1596 passim
806 1552 875 1585 aut
906 1548 986 1585 late
1017 1551 1185 1597 vagatus
1218 1551 1277 1585 est
1301 1547 1417 1596 ignis.
1464 1546 1637 1584 Romani
1661 1559 1710 1584 ex

271 1632 361 1656 arce
393 1619 550 1668 plenam
582 1618 756 1656 hostium
787 1619 926 1656 urbem
959 1623 1166 1656 cernentes
1196 1632 1400 1669 vagosque
1425 1632 1497 1668 per
1521 1618 1608 1656 vias
1625 1619 1706 1656 om*-

269 1703 338 1727 nes
386 1704 534 1736 cursus,
583 1704 704 1740 quum
745 1691 825 1728 alia
866 1694 985 1739 atque
1017 1691 1098 1728 alia
1128 1695 1242 1740 parte
1273 1705 1376 1728 nova
1406 1691 1544 1740 aliqua
1574 1689 1709 1728 clades

271 1766 465 1808 oreretur,
497 1777 575 1800 non
606 1763 804 1800 mentibus
835 1763 961 1800 solum
994 1762 1210 1812 consipere,
1243 1762 1312 1800 sed
1343 1776 1391 1799 ne
1422 1762 1587 1800 auribus
1618 1761 1709 1812 qui·

227 1834 253 1870 4
273 1833 361 1871 dem
392 1838 512 1884 atque
545 1835 672 1872 oculis
704 1835 799 1872 satis
832 1838 1014 1871 constare
1040 1837 1237 1884 poterant.
1282 1834 1532 1884 Quocunque
1557 1834 1709 1871 clamor

271 1905 456 1952 hostium,
495 1907 705 1944 mulierum
737 1919 1028 1956 puerorumque
1058 1907 1252 1956 ploratus,
1290 1906 1442 1944 sonitus
1472 1906 1639 1944 flammae
1669 1908 1711 1943 et

271 1977 407 2026 fragor
438 1979 640 2016 ruentium
663 1982 861 2016 tectorum
877 1978 1098 2026 avertisset,
1130 1981 1321 2028 paventes
1338 1978 1389 2016 ad
1407 1978 1541 2016 omnia
1556 1977 1710 2016 animos

272 2062 420 2099 oraque
452 2053 490 2086 et
522 2050 658 2088 oculos
688 2051 915 2097 flectebant,
955 2051 1066 2087 velut
1106 2050 1157 2088 ad
1194 2051 1468 2100 spectaculum
1498 2063 1521 2087 a
1550 2049 1711 2087 fortuna

270 2121 394 2170 positi
427 2121 647 2159 occidentis
677 2123 819 2172 patriae
850 2136 922 2160 nec
953 2123 1077 2159 ullius
1107 2136 1240 2160 rerum
1271 2135 1429 2159 suarum
1453 2121 1584 2158 relicti
1607 2133 1708 2170 prae-

231 2193 254 2230 5
273 2196 454 2243 terquam
487 2207 696 2243 corporum
727 2194 918 2240 vindices,
950 2198 1062 2231 tanto
1094 2198 1185 2231 ante
1210 2194 1311 2231 alios
1338 2192 1554 2230 miserandi
1571 2191 1708 2241 magis,

272 2265 340 2314 qui
371 2279 543 2314 unquam
577 2266 725 2303 obsessi
756 2270 858 2313 sunt,
889 2266 996 2315 quod
1028 2265 1236 2303 interclusi
1266 2279 1289 2303 a
1314 2266 1444 2315 patria
1469 2263 1706 2302 obsideban-

232 2339 351 2383 6tur,
397 2337 527 2374 omnia
573 2351 644 2375 sua
689 2342 892 2374 cernentes
932 2338 973 2375 in
1013 2337 1188 2375 hostium
1218 2339 1426 2387 potestate.
1487 2335 1569 2375 Nec
1599 2339 1708 2372 tran-

270 2399 448 2458 quillior
469 2423 546 2447 nox
578 2409 681 2446 diem
711 2414 793 2446 tam
816 2409 919 2446 foede
946 2413 1078 2446 actum
1095 2409 1269 2459 excepit3
1302 2409 1372 2445 lux
1390 2407 1534 2445 deinde
1550 2409 1707 2445 noctem

270 2480 451 2530 inquieta
481 2481 659 2518 insecuta
690 2483 760 2526 est,
807 2493 878 2518 nec
915 2481 1043 2517 ullum
1074 2483 1160 2518 erat
1189 2484 1356 2530 tempus,
1403 2479 1509 2529 quod
1540 2492 1564 2516 a
1593 2490 1706 2516 novae

232 2554 255 2589 7
274 2564 429 2601 semper
469 2553 596 2590 cladis
633 2552 803 2590 alicuius
835 2552 1064 2601 spectaculo
1095 2555 1278 2589 cessaret.
1339 2550 1453 2590 Nihil
1482 2553 1614 2586 tamen
1645 2551 1708 2586 tot

271 2623 426 2661 onerati
457 2627 576 2674 atque
607 2623 740 2671 obruti
772 2623 884 2660 malis
915 2623 1113 2660 flexerunt
1137 2623 1301 2670 animos,
1331 2621 1441 2671 quin,
1473 2620 1549 2658 etsi.
1572 2619 1707 2658 omnia.
