1821 2928
362 138 387 173 8
595 149 598 152 ⁴
806 149 893 174 Liber
911 149 962 174 VI.
1000 149 1047 179 (A.
1067 157 1091 175 c.
1112 157 1138 175 u.
1158 152 1230 179 aes)

306 263 459 309 animis,
498 275 637 311 parere
669 265 787 312 atque
819 264 1015 313 imperare
1046 264 1157 302 iuxta
1189 268 1349 314 paratos
1380 266 1618 315 laudemque
1648 280 1737 305 con-

306 330 474 367 ferentes
507 331 638 379 potius
671 331 711 368 in
742 332 915 369 medium
947 346 1063 382 quam
1091 347 1136 370 ex
1161 333 1357 370 communi
1380 333 1430 370 ad
1453 347 1494 371 se
1523 335 1738 372 trahentes.

419 399 582 437 Iustitio
614 399 765 437 indicto
790 400 1018 450 dilectuque
1048 401 1196 448 habito,
1227 401 1375 438 Furius
1406 415 1452 439 ac
1469 401 1657 440 Valerius
1688 403 1739 441 ad

307 467 506 505 Satricum
536 467 717 516 profecti,
748 481 826 517 quo
857 483 936 506 non
967 468 1204 506 Volscorum
1235 469 1351 507 modo
1383 469 1627 508 iuventutem
1652 470 1737 508 An-

304 536 422 573 tiates
449 549 494 573 ex
517 549 620 573 nova
644 536 780 574 subole
807 537 958 585 lectam,
990 536 1058 574 sed
1077 537 1276 586 ingentem
1291 537 1527 576 Latinorum
1544 538 1737 577 Hernico-

305 617 470 653 rumque
501 602 587 643 νέφη.
621 605 871 642 conciverant
900 618 945 641 ex
971 605 1238 652 integerrimis
1266 604 1421 642 diutina
1448 619 1543 656 pace
1568 607 1739 656 populis.

304 672 448 722 Itaque
465 686 590 710 novus
607 673 732 710 hostis
749 672 875 710 veteri
891 672 1102 710 adiunctus
1115 674 1323 710 commovit
1340 674 1491 712 animos
1508 674 1649 711 militis
1658 674 1737 712 Ro-

264 741 286 775 2
306 741 423 777 mani.
456 741 572 787 Quod
591 741 659 778 ubi
677 742 799 778 aciem
817 742 895 778 iam
912 741 1125 778 instruenti
1143 741 1310 778 Camillo
1329 743 1578 780 centuriones
1594 756 1738 780 renun—

305 808 517 846 tiaverunt.
547 809 729 846 turbatas
760 809 931 846 militum
960 813 1110 847 mentes
1141 822 1234 856 esse,
1266 810 1439 858 segniter
1471 823 1580 848 arma
1611 814 1739 860 capta,

307 876 684 925 cunctabundosque
711 881 748 913 et
773 877 1001 914 restitantes
1028 890 1204 925 egressos
1229 878 1368 914 castris
1385 891 1479 923 esse,
1511 878 1608 927 quin
1623 891 1739 916 voces

306 958 462 994 quoque
494 945 668 989 auditas,
710 959 795 982 cum
828 946 1003 983 centenis
1043 946 1224 983 hostibus
1263 945 1442 993 singulos
1481 949 1740 995 pugnaturos,

306 1017 341 1049 et
360 1026 463 1061 aegre
495 1013 683 1050 inermem
704 1017 857 1050 tantam
880 1014 1188 1059 multitudinem,
1219 1014 1365 1051 nedum
1389 1017 1591 1061 armatam,
1623 1014 1738 1051 susti-

266 1081 288 1115 3
307 1081 392 1117 neri
423 1094 548 1129 posse.
579 1081 619 1117 in
643 1095 786 1130 equum
818 1082 943 1118 insilit
975 1086 1013 1119 et
1044 1085 1134 1119 ante
1166 1082 1290 1130 signa,
1322 1082 1509 1119 obversus
1541 1082 1581 1118 in
1605 1081 1739 1127 aciem,

305 1149 463 1186 ordines
480 1148 786 1198 interequitans:
815 1150 938 1197 ,Quae
962 1150 1141 1197 tristitia,
1163 1150 1321 1196 milites,
1345 1151 1438 1195 haec,
1466 1163 1553 1199 quae
1577 1150 1740 1188 insolita

306 1217 505 1253 cunctatio
538 1217 622 1254 est?
681 1218 849 1255 Hostem
881 1233 929 1255 an
961 1232 1022 1255 me
1053 1232 1102 1255 an
1132 1232 1202 1255 vos
1234 1218 1457 1266 ignoratis?
1508 1218 1649 1256 Hostis
1680 1221 1739 1255 est

306 1285 402 1333 quid
434 1285 544 1322 aliud
576 1299 693 1333 quam
724 1291 917 1336 perpetua
948 1287 1113 1323 materia
1130 1286 1291 1323 virtutis
1323 1286 1539 1334 gloriaeque
1568 1286 1740 1323 vestrae?

265 1351 390 1390 4Vos
421 1358 557 1390 contra
589 1367 649 1391 me
682 1354 790 1400 duce,
822 1358 866 1391 ut
896 1355 1076 1392 Falerios
1094 1354 1294 1403 Veiosque
1326 1357 1462 1403 captos
1489 1358 1527 1391 et
1554 1354 1595 1391 in
1622 1357 1739 1403 capta

304 1420 435 1470 patria
453 1419 661 1458 Gallorum
678 1422 854 1470 legiones
871 1436 990 1460 caesas
1004 1427 1168 1468 taceam,
1185 1422 1301 1459 modo
1318 1421 1540 1470 trigeminae
1555 1421 1734 1460 victoriae

302 1489 501 1537 triplicem
540 1490 784 1539 triumphum
825 1505 871 1528 ex
910 1491 972 1528 his
1012 1491 1109 1539 ipsis
1150 1490 1308 1527 Volscis
1349 1493 1387 1527 et
1426 1490 1572 1539 AEquis
1612 1494 1652 1527 et
1691 1504 1738 1528 ex

268 1554 290 1589 5
308 1557 470 1593 Etruria
503 1558 650 1605 egistis.
710 1558 778 1595 An
795 1572 866 1605 me,
899 1559 1005 1607 quod
1029 1572 1108 1596 non
1125 1558 1297 1596 dictator
1312 1558 1436 1603 vobis,
1467 1558 1535 1596 sed
1551 1559 1738 1596 tribunus

304 1625 460 1672 signum
507 1625 610 1666 dedi,
656 1638 734 1661 non
780 1626 996 1674 agnoscitis
1041 1626 1208 1663 ducem?
1266 1626 1404 1674 Neque
1450 1639 1522 1674 ego
1567 1626 1737 1663 maxima

304 1692 471 1741 imperia
503 1693 542 1728 in
567 1706 634 1729 vos
660 1693 853 1739 desidero,
885 1698 922 1730 et
953 1708 1022 1731 vos
1054 1694 1095 1730 in
1126 1707 1185 1730 me
1217 1694 1318 1730 nihil
1342 1697 1486 1742 praeter
1516 1707 1576 1730 me
1607 1693 1737 1742 ipsum

306 1760 451 1797 intueri
469 1761 595 1803 decet;
627 1774 754 1809 neque
780 1762 882 1798 enim
901 1762 1101 1799 dictatura
1128 1761 1226 1797 mihi
1252 1775 1427 1809 unquam
1453 1761 1604 1798 animos
1630 1760 1736 1807 fecit,

266 1826 287 1861 6
306 1833 349 1865 ut
379 1843 427 1865 ne
466 1828 647 1865 exsilium
679 1829 838 1877 quidem
875 1830 1035 1866 ademit.
1095 1829 1224 1866 Iidem
1261 1829 1385 1877 igitur
1423 1842 1556 1866 omnes
1593 1842 1738 1875 sumus,

306 1901 341 1934 et
374 1910 493 1945 quum
526 1897 660 1933 eadem
693 1898 824 1935 omnia
850 1898 890 1934 in
913 1898 986 1934 hoc
1011 1898 1160 1934 bellum
1183 1897 1401 1943 afferamus,
1433 1909 1520 1946 quae
1544 1897 1585 1934 in
1601 1896 1738 1946 priora

305 1965 520 2006 attulimus,
551 1966 718 2001 eundem
750 1970 932 2002 eventum
963 1966 1060 2002 belli
1092 1968 1370 2014 exspectemus.
1416 1963 1544 2002 Simul
1575 1977 1737 2002 concur-

305 2032 448 2077 reritis,
481 2033 587 2080 quod
605 2033 772 2082 quisque
797 2033 939 2070 didicit
971 2047 1014 2070 ac
1048 2032 1261 2078 consuevit,
1291 2031 1428 2069 faciet:
1458 2046 1529 2070 vos
1558 2031 1738 2077 vincetis,

310 2100 369 2136 illi
399 2099 588 2147 fugient.··
638 2100 747 2137 Dato
773 2101 915 2138 deinde
946 2101 1059 2149 signo
1092 2114 1138 2137 ex
1161 2112 1261 2148 equo
1286 2099 1422 2136 desilit
1446 2103 1485 2137 et
1514 2099 1737 2149 proximum

306 2167 539 2216 signiferum
580 2181 698 2204 manu
737 2172 939 2218 arreptum
979 2182 1111 2205 secum
1151 2169 1192 2204 in
1232 2167 1385 2204 hostem
1424 2166 1542 2216 rapit,
1591 2166 1738 2214 „Infer,

264 2233 286 2268 ἱ)
306 2235 441 2271 ΙΠὶΙθεδέ
463 2235 683 2281 clamitans,
716 2265 732 2281 ,.
742 2236 908 2284 signum.
918 2240 934 2256 *²
983 2236 1102 2282 Quod
1125 2235 1194 2272 ubi
1211 2235 1346 2272 videre
1369 2234 1499 2284 ipsum
1515 2233 1738 2280 Camillum,

305 2303 382 2339 iam
406 2302 456 2339 ad
479 2315 640 2338 munera
665 2303 842 2352 corporis
859 2307 1015 2340 senecta
1040 2303 1272 2348 invalidum,
1302 2302 1513 2339 vadentem
1538 2302 1579 2339 in
1594 2302 1738 2347 hostes,

304 2373 543 2419 procurrunt
582 2370 732 2417 pariter
764 2384 897 2408 omnes
929 2370 1098 2407 clamore
1130 2370 1298 2416 sublato,
1339 2368 1539 2418 „Sequere
1570 2369 1737 2418 impera-

266 2438 454 2474 3torem·‘
500 2451 571 2486 pro
612 2452 651 2474 se
693 2438 860 2486 quisque
901 2438 1128 2474 clamantes.
1186 2437 1384 2475 Emissum
1424 2436 1541 2474 etiam
1581 2436 1738 2484 signum

307 2504 467 2542 Camilli
507 2505 615 2542 iussu
656 2504 696 2541 in
736 2505 908 2542 hostium
948 2505 1072 2542 aciem
1112 2505 1261 2550 ferunt,
1308 2505 1429 2553 idque
1469 2507 1514 2540 ut
1542 2507 1738 2553 repetere-

267 2572 383 2618 4tur,
425 2573 643 2609 concitatos
685 2572 982 2620 antesignanos3
1023 2572 1079 2609 ibi
1120 2573 1291 2621 primum
1330 2572 1487 2621 pulsum
1518 2570 1738 2617 Antiatem,
