1821 2928
552 93 669 129 Liber
694 94 741 130 V.
789 96 851 139 (A.
879 94 944 130 ch.
969 96 1064 140 403.)
1445 99 1525 139 261

81 222 244 262 ferendo
269 223 378 261 bello
406 222 571 270 adimus,
601 235 696 260 num
724 223 910 262 oblivisci
935 237 1006 262 nos
1029 223 1114 262 haec
1139 228 1220 262 tam
1249 224 1391 262 crebra
1407 225 1526 263 Etru-

80 295 154 334 riae
185 295 355 334 concilia
379 295 428 334 de
461 295 670 334 mittendis
686 295 814 334 Veios
841 296 1005 334 auxiliis
1030 296 1272 347 patiuntur?
1333 297 1392 336 Ut
1422 311 1525 336 nune
1545 298 1568 335 9

81 381 144 406 res
175 381 216 406 se
247 367 381 416 habet,
410 368 506 406 irati
536 371 640 415 sunt,
678 369 861 416 oderunt,
902 372 1051 417 negant
1082 369 1293 416 missuros;
1334 373 1528 420 quantum

83 440 126 478 in
156 440 238 478 illis
271 445 342 488 est,
374 453 517 491 capere
534 440 658 479 Veios
689 441 795 478 licet.
859 440 959 488 Quis
992 444 1062 488 est,
1094 441 1164 491 qui
1191 442 1400 492 spondeat,
1435 455 1528 480 eun-

81 512 183 561 dem,
214 513 248 551 si
279 512 461 551 differtur
492 513 658 560 bellum,
691 513 866 551 animum
893 516 1031 564 postea
1057 514 1153 561 fore,
1184 527 1319 564 quum,
1352 515 1387 552 si
1412 515 1522 552 laxa·
1545 515 1597 553 10

82 588 258 624 mentum
291 585 460 632 dederis,
493 584 620 624 maior
646 585 977 636 frequentiorque
1003 586 1152 636 legatio
1181 587 1286 624 itura
1312 588 1375 634 sit,
1408 601 1528 637 quum

82 657 135 705 id,
177 658 286 709 quod
325 672 431 696 nunc
470 658 635 696 offendit
673 658 879 705 Etruscos,
917 671 989 695 rex
1027 663 1183 697 creatus
1217 659 1342 706 Veiis,
1383 661 1530 698 mutari

83 731 216 782 spatio
246 731 488 782 interposito
520 732 649 782 possit
679 731 745 768 vel
779 744 971 768 consensu
1002 731 1196 778 civitatis,
1238 735 1283 769 ut
1316 746 1360 769 eo
1393 746 1528 770 recon-

82 803 222 842 cilient
247 804 424 842 Etruriae
452 804 618 850 animos,
649 804 715 841 vel
740 804 867 854 ipsius
892 804 1101 841 voluntate
1125 805 1244 854 regis,
1278 805 1348 855 qui
1372 805 1531 842 obstare

82 889 248 926 regnum
288 890 402 914 suum
443 877 566 914 saluti
597 876 744 914 civium
785 875 918 914 nolit?
972 874 1131 922 Videte,
1172 880 1271 928 quot
1300 891 1375 924 res,
1408 890 1527 927 quam
1551 878 1596 914 11

85 949 250 986 inutiles
291 952 511 999 sequantur
542 949 654 986 illam
687 949 793 986 viam
827 948 996 995 consilii,
1034 949 1189 987 iactura
1221 963 1385 1000 operum
1417 952 1530 987 tanto

83 1021 223 1059 labore
265 1022 471 1069 factorum,
509 1021 682 1059 vastatio
715 1021 925 1059 imminens
954 1020 1096 1058 finium
1129 1025 1371 1069 nostrorum,
1410 1022 1530 1059 Etru-

83 1107 194 1132 scum
240 1093 393 1132 bellum
431 1108 505 1144 pro
544 1093 716 1132 Veiente
756 1094 1014 1133 concitatum.
1075 1094 1174 1132 Haec
1213 1099 1317 1141 sunt,
1362 1094 1600 1140 tribuni‚12

85 1166 253 1204 consilia
269 1170 415 1213 vestra,
445 1180 525 1204 non
550 1166 712 1204 hercule
741 1166 956 1204 dissimilia
983 1181 1027 1205 ac
1052 1168 1086 1205 si
1105 1168 1194 1217 quis
1227 1180 1346 1216 aegro,
1378 1167 1448 1217 qui
1467 1180 1534 1204 cu-

84 1239 166 1277 rari
212 1253 252 1277 se
298 1239 460 1277 fortiter
500 1253 641 1289 passus
689 1239 889 1289 extemplo
937 1240 1216 1278 convalescere
1263 1240 1404 1289 possit,
1453 1239 1533 1277 cibi

83 1311 215 1360 grat-ia
245 1311 457 1362 praesentis
489 1315 559 1349 aut
589 1311 765 1362 potionis
804 1311 1068 1362 longinquum
1101 1316 1139 1350 et
1171 1312 1341 1350 forsitan
1375 1311 1532 1350 insana-

82 1384 211 1421 bilem
257 1384 439 1421 morbum
485 1383 644 1422 efficiat.
720 1382 787 1430 Si,
833 1384 1128 1432 mediusfidius,
1174 1385 1226 1423 ad
1265 1384 1342 1422 hoc
1387 1384 1533 1422 bellum
1629 1380 1657 1428 6

86 1456 188 1494 nihil
205 1457 438 1506 pertineret,
456 1456 506 1494 ad
524 1456 782 1506 disciplinam
799 1459 906 1494 certe
922 1456 1077 1494 militiae
1094 1457 1311 1507 plurimum
1330 1457 1535 1505 intererat,

84 1529 310 1566 insuescere
351 1528 524 1566 militem
564 1531 746 1566 nostrum
787 1542 867 1567 non
906 1529 1034 1567 solum
1065 1535 1206 1579 parata
1236 1530 1407 1567 victoria
1437 1529 1530 1576 frui,

85 1600 167 1647 sed,
206 1600 240 1638 si
283 1601 402 1638 etiam
441 1614 505 1638 res
546 1601 694 1639 lentior
733 1601 796 1649 sit,
835 1602 919 1652 pati
949 1602 1116 1639 taedium
1149 1605 1186 1639 et
1218 1602 1401 1652 quamvis
1432 1602 1573 1640 serae2

86 1673 172 1724 spei
198 1673 348 1711 exitum
376 1676 610 1723 exspectare
642 1677 692 1720 et,
724 1673 759 1711 si
782 1687 862 1711 non
889 1674 941 1712 sit
967 1678 1105 1712 aestate
1133 1674 1353 1725 perfectum
1371 1673 1534 1721 bellum,

87 1745 260 1783 hiemem
286 1745 470 1796 opperiri
495 1758 580 1792 nec,
613 1745 901 1787 sicutaestivas
931 1759 1034 1794 aves,
1065 1747 1203 1784 statim
1221 1750 1412 1784 autumno
1428 1750 1536 1784 tecta

85 1831 132 1856 ac
161 1830 363 1856 recessum
391 1817 709 1867 circumspicere.
730 1821 736 1827 ’
770 1817 946 1857 Obsecro
971 1833 1052 1865 vos,
1091 1819 1267 1857 venandi
1285 1819 1463 1856 studium
1489 1832 1532 1856 ac
1552 1819 1575 1856 3

88 1889 277 1940 voluptas
315 1890 496 1928 homines
535 1903 607 1940 per
645 1891 756 1929 nives
795 1904 840 1928 ac
871 1891 1037 1941 pruinas
1070 1891 1111 1928 in
1144 1895 1298 1929 montes
1331 1891 1533 1941 silvasque

88 1962 216 2012 rapit;
259 1962 357 1999 belli
389 1962 696 2000 necessitatibus
728 1976 814 2000 eam
853 1964 1091 2013 patientiam
1122 1977 1202 2001 non
1241 1963 1535 2010 adhibebimus,

88 2047 206 2084 quam
238 2034 303 2072 vel
333 2034 445 2072 lusus
476 2047 521 2072 ac
547 2034 734 2084 voluptas
761 2035 907 2073 elicere
939 2034 1068 2072 solet?
1114 2035 1284 2073 Adeone
1309 2035 1535 2074 effeminata
1553 2036 1579 2073 4

87 2119 256 2157 corpora
281 2106 454 2144 militum
479 2109 708 2144 nostrorum
736 2120 821 2144 esse
848 2111 1047 2157 putamus,
1078 2107 1177 2146 adeo
1204 2108 1344 2146 molles
1370 2108 1535 2154 animos,

89 2182 136 2216 ut
166 2179 339 2216 hiemem
370 2192 490 2216 unam
523 2178 668 2216 durare
701 2179 741 2216 in
774 2181 928 2226 castris,
961 2180 1096 2218 abesse
1119 2180 1169 2218 ab
1195 2180 1311 2217 domo
1338 2193 1419 2218 non
1447 2193 1536 2230 pos-

93 2250 205 2288 sint?
240 2255 299 2298 ut,
329 2255 521 2301 tanquam
558 2252 702 2290 navale
732 2252 883 2290 bellum
915 2253 1223 2302 tempestatibus
1256 2253 1465 2303 captandis
1497 2255 1537 2290 et

92 2322 342 2361 observando
374 2326 554 2373 tempore
585 2323 680 2361 anni
711 2328 866 2373 gerant,
896 2338 976 2362 non
1008 2328 1140 2372 aestus,
1171 2339 1250 2363 non
1275 2325 1429 2374 frigora
1452 2325 1536 2374 pati

87 2395 275 2445 possint?
321 2395 572 2433 Erubescant
594 2396 786 2446 profecto,
815 2397 850 2434 si
878 2397 967 2446 quis
985 2397 1040 2435 eis
1065 2396 1151 2434 haec
1169 2397 1347 2442 obiiciat,
1373 2400 1531 2434 conten·
1553 2396 1576 2433 5

91 2465 280 2517 dantque,
312 2471 351 2505 et
377 2467 522 2505 animis
549 2470 588 2505 et
611 2468 849 2518 corporibus
865 2469 949 2506 suis
965 2469 1124 2507 virilem
1141 2469 1377 2520 patientiam
1397 2469 1538 2514 inesse,

91 2541 131 2576 et
169 2552 210 2577 se
249 2539 362 2577 iuxta
413 2539 543 2577 hieme
584 2543 704 2590 atque
743 2544 880 2579 aestate
911 2542 1020 2580 bella
1051 2554 1192 2591 gerere
1222 2554 1350 2591 posse,
1391 2553 1462 2577 nec
1494 2553 1535 2578 se

92 2611 362 2660 patrocinium
392 2612 575 2650 mollitiae
609 2612 846 2663 inertiaeque
877 2613 1087 2651 mandasse
1117 2613 1306 2658 tribunis,
1339 2615 1377 2649 et
1402 2611 1537 2649 memi-

89 2683 209 2730 nisse,
252 2684 355 2722 hanc
402 2684 531 2734 ipsam
572 2687 812 2735 potestatem
854 2699 932 2724 non
972 2686 1015 2723 in
1055 2684 1198 2722 umbra
1239 2698 1310 2722 nec
1350 2685 1391 2722 in
1421 2684 1537 2724 tectis
