1821 2928
379 189 457 224 110
771 197 859 221 Liber
875 196 960 220 vm.
999 195 1045 223 (Α.
1066 203 1093 221 u.
1114 203 1138 221 c.
1159 198 1315 227 415-41s.)

318 312 367 348 ab
400 315 539 348 senatu
556 310 747 347 AEmilius
778 309 982 347 seditiosis
1006 309 1282 348 tribunatibus
1306 312 1475 350 similem
1500 312 1645 351 deinde
1662 327 1752 353 con-

251 381 294 416 11
318 378 489 416 sulatum
520 379 653 426 gessit.
727 377 828 415 Nam
870 391 1007 426 neque,
1053 377 1185 426 quoad
1231 379 1307 416 fuit
1354 381 1501 427 consul,
1546 382 1752 420 criminari

317 447 423 496 apud
440 446 630 496 populum
647 450 780 495 patres
804 445 970 491 destitit,
1001 445 1156 493 collega
1181 445 1489 498 haudquaquam
1507 448 1753 497 adversante,

250 515 298 551 12
318 515 412 563 quia
442 519 480 552 et
511 515 594 564 ipse
627 515 675 551 de
706 513 821 563 plebe
853 516 939 550 erat
970 513 1194 562 (materiam
1226 516 1357 551 autem
1389 515 1597 565 praebebat
1617 518 1751 555 crimi-

316 581 435 619 nibus
466 595 561 631 ager
593 582 635 619 in
652 582 800 619 Latino
818 581 1069 629 Falernoque
1101 593 1196 628 agro
1227 582 1402 631 maligne
1420 584 1554 633 plebei
1571 585 1752 637 divisus),

317 654 356 686 et
378 653 589 699 postquam
607 653 776 695 senatus,
808 649 922 686 finire
940 648 1151 697 imperium
1169 650 1402 688 consulibus
1420 652 1595 701 cupienS,
1627 653 1750 693 dicta-

250 719 443 755 lsstorem
473 718 662 755 adversus
692 718 931 755 rebellantes
947 716 1115 752 Latinos
1148 717 1228 753 dici
1246 717 1372 764 iussit,
1403 719 1608 768 AEmilius,
1640 722 1751 760 ouius

317 789 401 822 tum
433 786 558 823 fasces
590 789 714 832 erant,
747 785 939 832 collegam
971 784 1207 821 dictatorem
1240 785 1363 832 dixit;
1404 787 1453 823 ab
1485 801 1529 825 eo
1562 790 1752 838 magister

248 854 297 889 14
318 853 497 902 equitum
528 853 668 890 Iunius
699 852 850 889 Brutus
896 851 1037 888 dietus.
1111 851 1331 891 Dictatura
1360 855 1567 903 popularis
1598 861 1638 894 et
1666 871 1751 895 ora-

313 921 494 959 tionibus
527 921 567 957 in
599 924 732 970 patres
765 919 992 957 criminosis
1023 919 1111 966 fuit,
1157 923 1196 956 et
1227 921 1333 970 quod
1364 925 1446 959 tres
1476 922 1583 971 leges
1614 937 1749 962 secun-

316 989 500 1026 dissimas
530 988 672 1037 plebei,
705 989 891 1025 adversas
923 987 1132 1025 nobilitati
1163 988 1269 1035 tulit,
1299 1001 1430 1035 unam,
1461 993 1507 1027 ut
1535 991 1751 1040 plebiscita

247 1056 297 1093 15
316 1069 449 1093 omnes
481 1056 663 1103 Quirites
692 1059 884 1102 tenerent,
916 1056 1093 1102 alteram,
1124 1059 1168 1092 ut
1192 1056 1335 1104 legum,
1367 1069 1454 1106 quae
1472 1059 1645 1097 comitiis
1663 1073 1750 1099 cen-

313 1124 476 1162 turiatis
493 1125 703 1170 ferrentur,
727 1128 818 1161 ante
836 1124 981 1160 initum
999 1124 1230 1172 suffragium
1246 1128 1381 1174 patres
1398 1129 1579 1164 auctores
1595 1127 1749 1175 fierent3

247 1192 295 1227 16
313 1192 488 1239 tertiam,
519 1196 564 1228 ut
594 1192 696 1230 alter
726 1192 864 1241 utique
896 1205 942 1229 ex
973 1191 1099 1241 plebe,
1145 1205 1231 1228 cum
1264 1205 1320 1239 e0,
1351 1196 1396 1229 ut
1426 1197 1637 1245 utrumque
1666 1197 1749 1246 ple-

249 1260 297 1296 17
317 1259 449 1297 beium
495 1260 582 1297 fieri
628 1260 779 1305 liceret,
824 1273 963 1297 censor
1008 1263 1218 1297 crearetur.
1291 1259 1392 1297 Plus
1430 1274 1474 1299 eo
1506 1276 1609 1300 anno
1641 1263 1748 1301 domi

314 1332 521 1377 acceptum
554 1328 680 1365 cladis
711 1328 760 1365 ab
793 1327 1022 1365 consulibus
1054 1341 1098 1364 ac
1131 1327 1339 1375 dictatore,
1370 1341 1488 1377 quam
1515 1343 1561 1367 ex
1577 1331 1750 1370 victoria

315 1408 448 1432 eorum
502 1395 741 1444 bellicisque
795 1395 912 1432 rebus
965 1395 1062 1432 foris
1117 1398 1276 1432 auctum
1332 1396 1562 1446 imperium,
1615 1402 1749 1450 patres

317 1464 543 1501 credebant.

189 1526 244 1573 13
432 1532 552 1568 Anno
580 1529 818 1580 insequenti,
849 1530 893 1567 L.
920 1530 1045 1567 Furio
1063 1529 1246 1577 Camillo,
1278 1530 1484 1569 C.Maeni0
1510 1534 1751 1582 consulibus,

109 1586 293 1645 ζζζξξζζζξζ
315 1611 391 1647 quo
424 1598 659 1645 insignitius
691 1598 833 1636 omissa
865 1612 927 1634 res
960 1598 1147 1643 AEmilio,
1193 1599 1411 1648 superioris
1456 1600 1551 1637 anni
1582 1602 1749 1648 consuli,

316 1667 636 1716 exprobraretur,
667 1666 822 1703 Pedum
854 1666 976 1703 armis
992 1666 1170 1714 virisque
1196 1669 1233 1702 et
1258 1667 1364 1702 omni
1380 1667 1420 1703 vi
1443 1669 1750 1717 expugnandum

315 1747 359 1771 ac
393 1734 605 1771 delendum
636 1737 794 1771 senatus
826 1733 969 1779 fremit,
1002 1733 1210 1782 coactique
1242 1734 1335 1770 novi
1367 1735 1548 1772 consules
1565 1736 1749 1774 omnibus

274 1803 297 1838 2
317 1815 402 1839 eam
433 1815 515 1838 rem
542 1802 729 1851 praeverti
755 1800 1074 1851 proficiscuntur.
1134 1801 1220 1838 Iam
1245 1800 1295 1840 ‘in
1314 1802 1434 1839 Latio
1458 1803 1490 1839 is
1515 1806 1640 1841 status
1665 1809 1751 1842 erat

315 1882 458 1916 rerum,
488 1873 533 1906 ut
563 1883 689 1919 neque
712 1869 861 1906 bellum
892 1882 1018 1917 neque
1041 1882 1177 1918 pacem
1209 1870 1293 1919 pati
1317 1874 1494 1919 possent:
1526 1870 1576 1908 ad
1600 1872 1747 1910 bellum

316 1950 410 1986 opes
442 1937 620 1983 deerant,
652 1950 789 1986 pacem
820 1936 870 1974 ob
903 1936 989 1984 agri
1017 1936 1191 1986 adempti
1219 1938 1395 1975 dolorem
1421 1939 1750 1987 aspernabantur.

278 2005 300 2041 3
317 2004 467 2041 Mediis
499 2005 680 2042 consiliis
711 2004 895 2041 standum
925 2004 1150 2051 videbatur,
1180 2009 1225 2042 ut
1251 2005 1413 2055 oppidis
1430 2019 1469 2043 se
1484 2007 1676 2054 tenerent,
1700 2021 1750 2045 ne

317 2072 524 2109 lacessitus
554 2072 758 2110 Romanus
790 2085 948 2109 causam
977 2072 1073 2110 belli
1105 2073 1281 2119 haberet,
1322 2076 1371 2120 et,
1402 2073 1435 2110 si
1466 2073 1577 2111 euius
1607 2075 1748 2124 oppidi

317 2139 477 2177 obsidio
508 2140 692 2177 nuntiata
724 2143 836 2186 esset,
865 2140 1044 2188 undique
1076 2153 1122 2177 ex
1154 2140 1339 2178 omnibus
1369 2140 1528 2190 populis
1554 2142 1749 2179 auxilium

279 2207 489 2245 4obsessis
520 2208 700 2245 ferretur.
775 2208 914 2257 Neque
943 2211 1076 2245 tamen
1106 2208 1186 2245 nisi
1217 2208 1431 2246 admodum
1461 2222 1484 2245 a
1513 2209 1651 2258 paucis
1680 2223 1749 2259 po-

317 2275 424 2325 pulis
454 2275 610 2313 Pedani
642 2275 771 2313 adiuti
802 2279 903 2312 sunt.
991 2275 1180 2313 Tiburtes
1211 2275 1540 2325 Praenestinique,
1580 2289 1749 2326 quorum

279 2344 302 2380 5
320 2356 413 2391 ager
443 2343 608 2392 propior
638 2346 733 2388 erat,
764 2342 918 2379 Pedum
947 2357 1179 2392 pervenere3
1217 2344 1409 2381 Aricinos
1437 2343 1750 2394 Lanuvinosque

317 2414 357 2447 et
387 2409 630 2457 Veliternos,
660 2410 899 2447 Antiatibus
929 2410 1089 2449 Volscis
1121 2424 1161 2448 se
1191 2412 1490 2460 coniungentes,
1520 2411 1571 2449 ad
1586 2411 1748 2449 Asturae

279 2477 463 2515 Gflumen
479 2477 650 2515 Maenius
682 2478 898 2527 improviso
931 2479 1095 2516 adortus
1125 2478 1240 2516 fudit.
1301 2478 1494 2516 Camillus
1525 2478 1576 2515 ad
1593 2478 1748 2516 Pedum

318 2559 406 2582 cum
462 2545 724 2591 Tiburtibus,
769 2546 940 2582 maxime
1003 2546 1140 2583 valido
1186 2547 1380 2592 exercitu,
1431 2546 1581 2584 maiore
1634 2546 1748 2594 mole,

283 2615 303 2649 7
322 2626 549 2662 quanquam
581 2626 690 2662 aeque
722 2626 913 2662 prospero
937 2618 1090 2661 eventu,
1121 2617 1284 2663 pugnat.
1329 2613 1562 2650 Tumultum
1577 2614 1748 2651 maxime
