1821 2928
362 164 439 201 122
751 173 840 198 Liber
858 173 943 198 vm.
981 173 1028 201 (A.
1048 181 1076 198 u.
1096 180 1120 199 c.
1139 175 1297 203 μετ-428.)

303 301 421 337 quum
454 287 590 324 consul
621 287 753 324 oriens
777 286 825 324 de
851 291 965 324 nocte
989 287 1149 324 silentio
1167 288 1319 326 diceret
1335 288 1582 336 dictatorem,
1611 301 1739 339 neque

302 359 351 396 ab
397 359 556 397 consule
603 354 787 404 cuiquam
831 354 994 403 publice
1031 355 1269 404 privatimve
1309 357 1356 394 de
1397 369 1442 393 ea
1472 369 1514 394 re
1545 356 1739 406 scriptum

236 425 398 473 16ρ55ρ,
443 440 515 464 nec
560 436 799 474 quemquam
840 423 1070 460 mortalium
1111 427 1275 470 exstare,
1321 423 1390 473 qui
1421 437 1460 461 se
1490 423 1639 462 vidisse
1670 428 1739 462 aut

302 495 458 533 audisse
490 494 590 544 quid
608 493 728 538 dicat,
759 491 865 540 quod
897 491 1118 540 auspicium
1149 490 1370 536 dirimeret,
1409 504 1537 540 neque
1568 505 1739 541 augures

302 563 483 600 divinare
499 561 637 598 Bomae
669 559 848 597 sedentes
879 559 1069 608 potuisse,
1100 559 1197 608 quid
1228 558 1270 595 in
1300 558 1439 595 castris
1471 559 1624 596 consuli
1647 559 1740 596 vitii

302 631 536 669 obvenisset.
598 627 672 665 Cui
705 641 783 664 non
815 640 1019 676 apparere,
1051 626 1158 676 quod
1188 626 1371 676 plebeius
1396 626 1569 664 dictator
1600 627 1664 673 sit,
1696 626 1739 663 id

236 697 285 731 17
302 699 445 736 vitium
477 696 697 745 auguribus
721 695 881 732 visum?
911 695 1009 732 Haec
1033 695 1193 744 aliaque
1217 695 1266 732 ab
1281 694 1458 731 tribunis
1474 694 1740 744 nequicquam

304 767 468 811 iactata3
501 764 663 802 tandein
695 763 745 800 ad
778 763 1050 811 interregnum
1080 776 1143 800 res
1159 762 1291 809 rediit,
1323 762 1540 812 dilatisque
1571 762 1651 800 alia
1683 765 1739 800 at-

305 849 380 883 que
413 833 492 871 alia
524 833 571 869 de
604 844 725 868 causa
757 830 942 877 comitiis,
975 834 1139 880 quartus
1171 830 1346 868 decimus
1377 831 1534 868 demum
1566 830 1742 868 interrex

95 898 212 958 ἓξὲξ·
228 898 286 957 ἓξὲξ
306 903 351 940 L.
383 901 572 938 AEmilius
603 899 783 937 consules
815 901 921 935 creat
945 898 986 935 C.
1003 898 1228 945 Poetelium,
1259 899 1304 935 L.
1321 898 1536 948 Papirium
1550 898 1740 947 Mugilla-

301 984 414 1015 numf,
447 969 658 1006 Cursorem
690 968 732 1004 in
763 967 856 1004 aliis
888 966 1099 1004 annalibus
1131 967 1302 1004 invenio.

169 1030 227 1076 24
414 1037 565 1074 Eodem
597 1048 700 1072 anno
731 1035 1032 1072 Alexandream
1064 1035 1105 1071 in
1134 1034 1312 1084 AEgypto
1358 1033 1562 1084 proditum
1603 1033 1739 1071 condi-

299 1110 401 1152 tam,
446 1103 803 1151 Alexandrumque
835 1102 953 1152 Epiri
995 1116 1128 1151 regem
1166 1102 1215 1139 ab
1260 1102 1394 1139 exsule
1425 1102 1587 1139 Lucano
1620 1102 1739 1139 inter-

260 1170 282 1205 2
302 1175 449 1212 fectum
494 1176 619 1209 sortes
650 1170 852 1207 Dodonaei
892 1171 1002 1208 Iovis
1035 1173 1178 1207 eventu
1209 1169 1438 1207 affirmasse.
1512 1168 1659 1207 Accito
1690 1168 1740 1206 ab

301 1241 533 1280 Tarentinis
564 1240 605 1276 in
636 1238 801 1276 ltaliam
840 1238 933 1276 data
972 1237 1098 1275 dictio
1139 1240 1244 1283 erat,
1282 1240 1440 1274 caveret
1470 1236 1741 1274 Acherusiam

303 1323 445 1359 aquam
477 1307 801 1355 Pandosiamque
841 1307 997 1352 urbem3
1043 1305 1101 1342 ibi
1138 1305 1231 1342 fatis
1269 1305 1352 1342 eius
1388 1305 1602 1342 terminum
1640 1304 1740 1342 dari.

261 1373 284 1409 3
302 1378 441 1426 quue
473 1376 584 1413 ocius
613 1375 837 1412 transmisit
868 1375 909 1411 in
940 1374 1122 1420 Italiam,
1168 1376 1212 1409 ut
1252 1386 1370 1422 quam
1400 1373 1569 1410 maxime
1600 1371 1740 1422 procul

302 1446 457 1483 abesset
491 1443 590 1480 urbe
617 1442 819 1480 Pandosia
856 1443 897 1479 in
922 1442 1048 1492 Epiro
1076 1446 1114 1478 et
1137 1440 1366 1478 Acheronte
1392 1440 1518 1488 amni,
1550 1453 1668 1490 quem
1693 1453 1741 1476 ex

300 1512 519 1550 Molosside
550 1511 735 1548 fluentem
774 1511 815 1547 in
855 1514 997 1558 stagna
1029 1509 1185 1546 inferna
1217 1508 1365 1558 accipit
1394 1508 1658 1559 Thesprotius
1688 1507 1739 1546 si-

261 1576 387 1617 4nus.
448 1579 633 1616 Ceterum
663 1582 707 1615 ut
738 1579 860 1615 ferme
891 1576 1081 1626 fugiendo
1113 1577 1155 1613 in
1184 1576 1316 1614 media
1346 1576 1428 1614 fata
1445 1577 1587 1623 ruitur,
1619 1588 1740 1626 quum

300 1661 403 1697 saepe
435 1647 615 1683 Bruttias
647 1646 909 1694 Lucanasque
940 1645 1117 1693 legiones
1147 1645 1329 1691 fudisset,
1369 1644 1619 1691 Heracleam,
1663 1642 1739 1681 Ta-

300 1715 549 1752 rentinorum
581 1714 788 1760 coloniam,
836 1712 1091 1750 Consentiam
1130 1726 1178 1749 ex
1207 1711 1401 1758 Lucanis,
1449 1710 1739 1761 Sipontumque

302 1783 556 1820 Bruttiorum
587 1794 631 1818 ac
663 1781 870 1827 Terinam,
909 1780 1008 1818 alias
1039 1779 1131 1817 inde
1161 1779 1454 1829 Messapiorum
1484 1793 1529 1817 ac
1559 1779 1739 1816 Lucano-

303 1865 391 1888 rum
424 1850 593 1899 cepisset
624 1848 755 1895 urbes,
787 1851 825 1885 et
854 1851 1054 1885 trecentas
1084 1847 1260 1884 familias
1289 1847 1466 1884 illustres
1495 1847 1538 1884 in
1560 1847 1740 1896 Epirum,

264 1914 287 1951 5
306 1932 403 1968 quas
436 1917 619 1955 obsidum
641 1930 805 1953 numero
828 1917 1003 1962 haberet,
1034 1915 1218 1962 misisset,
1248 1915 1356 1952 haud
1379 1915 1519 1964 procul
1535 1914 1739 1952 Pandosia

302 1987 410 2032 urbe,
442 1985 672 2021 imminente
689 1984 863 2021 Lucanis
894 1997 939 2021 ac
962 1983 1136 2021 Bruttiis
1166 1982 1323 2030 finibus,
1352 1986 1433 2020 tres
1462 1982 1636 2020 tumulos
1667 1981 1738 2020 ali-

303 2056 494 2103 quantum
527 2053 631 2089 inter
663 2065 703 2089 se
734 2051 927 2089 distantes
959 2051 1117 2097 insedit,
1163 2064 1211 2088 ex
1243 2050 1389 2100 quibus
1421 2050 1667 2088 incursiones
1696 2050 1738 2087 in

263 2120 285 2154 6
304 2133 457 2158 omnem
489 2123 641 2168 partem
673 2119 760 2168 agri
789 2119 949 2156 hostilis
979 2119 1144 2164 faceret3
1177 2121 1215 2155 et
1246 2118 1438 2156 ducentos
1467 2119 1588 2156 ferme
1610 2117 1738 2155 Luca-

302 2201 442 2226 norum
475 2187 628 2227 exsules
660 2187 766 2224 circa
797 2200 837 2224 se
868 2199 941 2236 pro
971 2186 1064 2223 fidis
1102 2185 1294 2232 habebat,
1339 2188 1384 2222 ut
1424 2185 1615 2234 pleraque
1653 2184 1738 2222 eius

303 2254 461 2304 generis
494 2254 656 2302 ingenia
687 2258 788 2301 sunt,
827 2267 916 2291 cum
947 2254 1106 2291 fortuna
1136 2252 1369 2290 mutabilem
1399 2255 1579 2301 gerentes
1609 2251 1738 2289 fidem.

264 2322 457 2360 TImbres
490 2321 669 2359 continui
702 2321 851 2370 campis
882 2321 1066 2358 omnibus
1104 2320 1310 2358 inundatis
1341 2334 1462 2370 quum
1493 2319 1736 2357 interclusis·

303 2394 390 2428 sent
419 2390 621 2427 trifariam
653 2389 868 2425 exercitum
899 2403 922 2426 a
953 2392 1089 2426 mutuo
1122 2389 1227 2426 inter
1258 2402 1298 2426 se
1329 2388 1492 2435 auxilio,
1530 2388 1608 2426 duo
1638 2399 1736 2437 prae-

304 2458 417 2504 sidia,
449 2470 536 2506 quae
568 2456 652 2494 sine
683 2469 775 2504 rege
807 2459 930 2502 erant,
962 2456 1180 2505 improviso
1211 2456 1387 2493 hostium
1403 2456 1577 2493 adventu
1602 2455 1736 2504 oppri-

303 2528 484 2571 muntur;
517 2524 736 2573 deletisque
767 2523 835 2570 eis,
866 2524 917 2560 ad
948 2524 1075 2573 ipsius
1107 2523 1355 2561 obsidionem
1386 2536 1518 2561 omnes
1543 2522 1736 2559 conversi.

262 2592 286 2628 8
304 2591 404 2629 Inde
436 2593 485 2629 ab
502 2591 676 2630 Lucanis
700 2590 904 2628 exsulibus
928 2590 978 2628 ad
1003 2604 1092 2628 suos
1116 2591 1248 2628 nuntii
1273 2591 1383 2628 missi
1407 2592 1509 2636 sunt,
1539 2591 1736 2638 pactoque
