1821 2928
356 215 439 252 218
825 224 915 250 Liber
933 224 970 249 X.
990 223 1038 254 (A.
1058 231 1086 249 u.
1106 231 1131 249 ο.
1150 223 1223 253 458.)

234 340 283 377 12
302 339 561 388 significate.“
625 338 729 376 Tum
758 352 852 376 vero
882 341 1018 376 tantus
1049 341 1109 376 est
1139 339 1287 376 clamor
1318 342 1488 386 exortus,
1524 341 1571 377 ut
1602 339 1736 382 hostes

300 421 319 445 e
351 409 490 445 castris
522 408 682 445 exciret.
742 407 881 445 Armis
919 407 1091 457 arreptis
1132 407 1172 444 in
1210 407 1335 445 aciem
1367 392 1637 445 descendunt]
1681 407 1736 445 Et,

233 477 282 514 13
301 476 542 513 Volumnius
573 477 690 525 signa
722 489 862 514 canere
893 488 937 512 ac
967 475 1118 513 vexilla
1149 474 1282 512 efferri
1313 475 1452 514 castris
1482 475 1616 523 iussit;
1647 474 1734 525 Ap-

297 544 407 593 pium
439 543 698 582 addubitasse
728 544 873 591 ferunt,
904 547 1141 590 cernentem,
1173 557 1242 580 seu
1272 547 1474 593 pugnante
1505 557 1574 582 seu
1599 543 1734 594 quieto

298 625 338 649 se
369 611 454 649 fore
487 612 648 660 collegae
679 613 906 658 victoriam3
953 611 1099 649 deinde
1135 612 1320 659 veritum,
1365 625 1414 649 ne
1455 625 1535 649 suae
1576 625 1735 662 quoque

296 680 474 729 legiones
507 679 767 718 Volumnium
799 683 1070 730 sequerentur,
1111 684 1149 717 et
1186 680 1316 729 ipsum
1345 680 1620 728 flagitantibus
1652 680 1755 728 suis,

231 748 283 785 14
298 749 456 797 signum
497 748 663 786 dedisse.
724 748 791 786 Ab
833 752 974 786 neutra
1013 752 1127 798 parte
1165 748 1262 785 satis
1303 748 1506 786 commode
1546 747 1735 786 instructi

296 817 475 864 fuerunt;
506 830 597 854 nam
629 820 668 854 et
699 815 940 854 Samnitium
972 817 1050 854 dux
1083 815 1238 854 Gellius
1269 816 1467 866 Egnatius
1497 816 1734 866 pabulatum

301 898 386 921 cum
426 884 658 923 cohortibus
697 885 837 934 paucis
876 885 988 932 ierat,
1033 898 1182 934 suoque
1224 885 1377 934 impetu
1420 885 1548 934 magis
1587 885 1735 922 milites

234 952 284 989 15
303 967 421 1002 quam
453 953 688 1002 cuiusquam
721 953 842 990 ductu
881 956 951 990 aut
981 953 1151 1002 imperio
1182 966 1359 1002 pugnam
1390 954 1658 1002 capessebant,
1697 955 1737 990 et

297 1020 471 1059 Romani
502 1022 697 1058 exercitus
727 1035 800 1058 nec
830 1022 983 1070 pariter
1015 1022 1130 1059 ambo
1164 1021 1274 1058 ducti
1305 1034 1376 1058 nec
1415 1021 1513 1058 satis
1542 1021 1736 1071 temporis

230 1089 280 1126 16
299 1088 349 1126 ad
369 1089 645 1126 instruendum
663 1089 751 1126 fuit.
797 1089 918 1126 Prius
941 1089 1145 1126 concurrit
1160 1088 1411 1135 Volumnius,
1437 1103 1556 1140 quam
1571 1088 1735 1140 Appius

298 1157 347 1193 ad
379 1157 533 1194 hostem
563 1157 807 1207 perveniret;
845 1157 982 1207 itaque
1012 1158 1142 1194 fronte
1173 1157 1362 1206 inaequali
1393 1171 1629 1195 concursum
1659 1160 1736 1205 est;

299 1227 338 1261 et
361 1226 472 1262 velut
500 1229 606 1263 sorte
631 1225 804 1275 quadam
827 1229 1005 1264 mutante
1029 1228 1204 1263 assuetos
1223 1225 1326 1262 inter
1346 1238 1386 1262 se
1402 1225 1546 1273 hostes,
1570 1226 1735 1263 Etrusci

297 1292 530 1341 Volumnio,
577 1292 787 1341 Samnites,
831 1308 1047 1344 parumper
1087 1294 1274 1340 cunctati,
1321 1293 1416 1342 quia
1461 1293 1542 1330 dux
1586 1294 1736 1341 aberat,

230 1362 280 1398 17
298 1361 437 1412 Appio
463 1375 680 1399 occurrere.
729 1362 894 1399 Dicitur
917 1362 1079 1412 Appius
1105 1362 1145 1399 in
1169 1361 1299 1399 medio
1324 1374 1467 1411 pugnae
1491 1361 1736 1408 discrimine,

298 1430 355 1467 ita
393 1434 438 1466 ut
469 1430 573 1468 inter
603 1431 735 1480 prima
766 1431 879 1480 signa
910 1430 1096 1468 manibus
1128 1430 1180 1467 ad
1212 1430 1351 1467 caelum
1382 1429 1549 1467 sublatis
1581 1429 1734 1479 conspi-

298 1501 464 1545 ceretur,
496 1498 553 1536 ita
584 1503 769 1549 precatus
802 1513 901 1537 esse:
937 1499 1142 1546 „Bellona,
1175 1498 1208 1536 si
1240 1497 1362 1535 hodie
1385 1498 1500 1535 nobis
1522 1497 1735 1536 victoriam

232 1566 283 1602 18
302 1567 400 1613 duis,
448 1570 509 1604 ast
554 1581 626 1615 ego
672 1567 752 1604 tibi
792 1567 985 1617 templum
1025 1569 1186 1605 voveo.“
1256 1565 1355 1621 Haec
1392 1568 1589 1615 precatus,
1624 1565 1737 1603 velut

299 1634 515 1681 instigante
547 1635 631 1681 dea,
665 1638 701 1672 et
734 1636 818 1685 ipse
850 1636 1009 1684 collegae
1043 1639 1081 1672 et
1112 1634 1308 1672 exercitus
1338 1634 1529 1671 virtutem
1560 1633 1736 1683 aequavit

300 1701 423 1737 (lucis.
470 1699 529 1739 Et
549 1700 676 1741 duces
703 1703 963 1752 imperatoria
990 1717 1109 1752 opera
1137 1705 1405 1751 exsequuntur
1431 1706 1470 1740 et
1494 1702 1658 1752 milites,
1685 1716 1736 1740 ne

233 1770 282 1805 19
301 1769 350 1806 ab
375 1769 501 1806 altera
525 1774 637 1819 parte
662 1771 774 1820 prius
797 1772 969 1808 victoria
993 1770 1175 1820 incipiat,
1204 1770 1453 1807 annituntur.
1511 1770 1621 1819 Ergo
1647 1770 1734 1807 fun-

300 1837 401 1874 dunt
418 1838 638 1887 fugantque
655 1838 798 1886 hostes,
824 1839 1013 1876 maiorem
1037 1838 1181 1876 molem
1204 1837 1313 1875 haud
1336 1838 1454 1875 facile
1479 1838 1733 1885 sustinentes,

299 1918 416 1954 quam
456 1919 543 1942 cum
583 1920 660 1956 qua
698 1921 837 1945 manus
877 1920 1082 1944 conserere
1120 1905 1268 1943 assueti
1304 1906 1474 1943 fuerant.
1540 1905 1734 1955 Urgendo

227 1975 282 2011 20
300 1972 483 2010 cedentes
536 1974 861 2025 insequendoque
913 1974 1055 2012 effusos
1101 1973 1329 2023 compulere
1377 1973 1428 2011 ad
1475 1976 1622 2021 castra3
1673 1974 1736 2012 ibi

296 2041 525 2078 interventu
551 2041 675 2080 Gellii
699 2043 1000 2092 cohortiumque
1023 2041 1277 2080 Sabellarum
1301 2042 1505 2091 paulisper
1528 2041 1735 2080 recruduit

297 2122 442 2158 pugna.
502 2110 561 2147 Iis
588 2125 745 2161 quoque
772 2125 861 2148 mox
886 2111 995 2158 susis,
1023 2110 1101 2148 iam
1127 2124 1149 2147 a
1173 2110 1400 2147 victoribus
1429 2113 1559 2147 castra
1582 2123 1732 2160 oppug-

228 2177 278 2213 21
300 2177 516 2223 nabantur3
564 2181 602 2214 et
647 2193 767 2228 quum
808 2178 1048 2216 Volumnius
1095 2178 1180 2227 ipse
1225 2181 1352 2227 portae
1397 2178 1511 2227 signa
1556 2178 1734 2227 inferret,

298 2245 460 2294 Appius
502 2245 710 2283 Bellonam
750 2247 954 2284 victricem
994 2245 1211 2283 identidem
1253 2246 1459 2283 celebrans
1499 2245 1735 2284 accenderet

229 2313 280 2349 22
299 2312 469 2349 militum
501 2313 665 2360 animos,
707 2328 777 2364 per
814 2314 976 2360 vallum,
1015 2327 1085 2363 per
1124 2314 1249 2352 fossas
1289 2314 1532 2363 irruperunt.
1593 2313 1734 2351 Castra

299 2384 415 2429 capta
447 2380 699 2430 direptaque3
740 2381 877 2431 praeda
909 2382 1050 2429 ingens
1080 2384 1196 2431 parta
1227 2384 1266 2417 et
1295 2380 1418 2417 militi
1451 2394 1634 2419 concessa
1664 2384 1733 2419 est.

298 2446 457 2497 Septem
489 2448 618 2486 millia
649 2448 868 2497 octingenti
900 2449 1074 2485 hostium
1099 2448 1231 2495 occisi,
1262 2448 1340 2485 duo
1365 2449 1491 2486 millia
1514 2451 1554 2485 et
1577 2452 1733 2486 centum

297 2516 442 2564 viginti
476 2516 595 2565 capti.

180 2579 239 2626 20
412 2584 522 2621 Dum
553 2584 668 2622 ambo
702 2583 880 2621 consules
913 2583 1118 2632 omnisque
1148 2582 1330 2620 Romana
1358 2583 1418 2619 vis
1449 2582 1491 2619 in
1517 2582 1732 2619 Etruscum

299 2651 450 2688 bellum
482 2651 608 2700 magis
630 2651 818 2697 inclinat,
858 2650 899 2687 in
938 2649 1100 2687 Samnio
1141 2650 1235 2687 novi
1280 2650 1476 2687 exercitus
1514 2649 1642 2687 exorti
1681 2649 1734 2687 ad
1786 2655 1794 2692 ῥ
