1821 2928
301 125 378 161 128
781 120 894 156 Liber
920 120 994 155 111.
1021 123 1080 164 (A.
1107 133 1142 155 11.
1169 134 1198 156 0.
1224 121 1316 164 290.)

298 260 374 298 quo
406 248 550 298 cupide
581 248 717 286 oblato
758 248 873 297 (adeo
919 249 1103 287 civitates
1144 263 1197 287 eae
1228 254 1420 300 perpetuo
1453 249 1493 287 in
1524 250 1725 289 Romanos

258 320 391 358 3odio
423 320 651 370 certavere),
684 320 833 358 bellum
866 334 1017 358 summa
1047 321 1086 359 vi
1117 321 1347 371 parabatur.
1403 320 1590 359 Sentiunt
1620 322 1725 360 Her-

297 393 374 429 nici
415 396 453 429 et
493 392 719 441 praedicunt
749 392 951 439 Romanis,
991 393 1232 431 Ecetranum
1273 392 1324 430 ad
1355 393 1508 443 AEquos
1540 393 1721 433 descisse.

297 466 493 513 Suspecta
524 467 562 501 et
593 464 748 502 colonia
779 464 945 502 Antium
980 466 1065 510 fuit,
1106 465 1213 514 quod
1251 478 1394 514 magna
1431 465 1490 502 vis
1521 465 1724 503 hominum

298 535 399 585 inde,
421 549 542 585 quum
568 535 759 585 oppidum
791 541 949 586 captum
981 540 1096 585 esset,
1125 537 1369 585 confugisset
1390 535 1441 573 ad
1468 536 1640 587 AEquos;
1670 537 1725 575 is·

255 609 278 643 4
298 621 373 657 que
406 608 520 645 miles
551 621 622 657 per
654 608 801 645 bellum
835 608 1049 658 AEquicum
1081 609 1143 645 vel
1161 608 1378 646 acerrimus
1401 608 1724 658 fuit;compulsis

297 679 442 717 deinde
476 680 514 716 in
549 680 696 729 oppida
727 680 885 730 AEquis,
919 693 964 716 ea
995 680 1211 717 multitudo
1244 680 1400 729 dilapsa
1417 693 1538 730 quum
1555 680 1724 718 Antium

297 751 480 800 redisset,
513 764 583 788 sua
613 755 754 800 sponte
784 752 860 788 iam
895 751 1038 788 infidos
1063 752 1224 789 colonos
1251 752 1443 789 Romanis
1466 751 1725 789 abalienavit.

252 821 277 858 5
296 822 475 860 Necdum
508 828 661 860 matura
691 837 732 860 re
765 837 884 873 quum
917 823 1176 860 defectionem
1208 823 1341 872 parari
1380 823 1553 861 delatum
1585 823 1634 861 ad
1665 835 1724 861 se-

297 900 431 933 natum
464 899 576 941 esset,
608 895 744 932 datum
777 896 979 944 negotium
1011 899 1070 932 est
1101 896 1343 944 consulibus,
1384 899 1439 942 ut,
1470 895 1724 945 principibus

255 970 278 1005 6
297 967 464 1004 coloniae
494 966 661 1004 Romam
694 968 846 1017 excitis,
880 971 1115 1016 quaererent,
1143 967 1243 1017 quid
1267 967 1327 1004 rei
1344 970 1457 1004 esset.
1498 966 1577 1014 Qui
1603 980 1724 1017 quum

297 1040 401 1076 haud
433 1043 596 1087 gravate
626 1040 837 1085 venissent,
866 1039 1085 1077 introducti
1109 1053 1131 1077 a
1157 1040 1388 1077 consulibus
1405 1038 1455 1077 ad
1471 1043 1650 1076 senatum
1666 1040 1725 1077 ita

297 1111 588 1160 responderunt
614 1110 663 1148 ad
690 1111 946 1159 interrogata,
973 1115 1017 1148 ut
1041 1112 1167 1160 magis
1184 1111 1369 1161 suspecti,
1387 1124 1506 1161 quam
1524 1115 1725 1158 venerant,

257 1184 278 1221 7
300 1183 611 1221 dimitterentur.
659 1182 816 1219 Bellum
844 1184 937 1220 inde
959 1182 1065 1219 haud
1092 1183 1258 1220 dubium
1277 1183 1426 1221 haberi.
1465 1181 1532 1232 Sp.
1566 1182 1726 1230 Furius,

297 1255 504 1292 consulum
536 1254 648 1300 alter,
675 1255 739 1292 cui
765 1268 811 1292 ea
834 1255 1041 1306 provincia
1065 1260 1261 1301 evenerat,
1277 1255 1479 1305 profectus
1496 1254 1537 1291 in
1555 1254 1723 1304 AEquos,

299 1326 566 1363 Hernicorum
585 1327 625 1362 in
643 1340 739 1375 agro
768 1327 1095 1377 populabundum
1120 1327 1272 1364 hostem
1297 1327 1461 1373 invenit,
1483 1327 1725 1375 ignarusque

297 1398 582 1445 multitudinis,
601 1400 694 1447 quia
717 1412 910 1449 nusquam
935 1399 1122 1436 universa
1139 1401 1347 1448 conspecta
1368 1398 1508 1444 fuerat,
1532 1398 1723 1448 imparem

254 1470 422 1520 Scopiis
462 1471 677 1507 exercitum
715 1474 863 1508 temere
903 1484 1047 1520 pugnae
1089 1471 1294 1507 commisit.
1355 1469 1491 1506 Primo
1531 1482 1725 1507 concursu

297 1543 431 1591 pulsus
463 1556 503 1579 se
536 1543 643 1580 intra
674 1546 806 1580 castra
837 1543 999 1592 recepit.
1056 1542 1195 1591 Neque
1226 1543 1259 1579 is
1290 1542 1382 1579 finis
1426 1542 1596 1592 periculi
1626 1541 1722 1587 fuit;

296 1627 464 1663 namque
497 1617 537 1650 et
567 1614 748 1663 proxima
778 1618 892 1652 nocte
925 1618 963 1651 et
994 1618 1153 1663 postero
1185 1614 1249 1651 die
1279 1617 1393 1651 tanta
1422 1613 1462 1650 vi
1488 1616 1619 1651 castra
1634 1615 1726 1650 sunt

295 1686 555 1723 circumsessa
586 1689 704 1734 atque
735 1689 978 1735 oppugnata,
1011 1689 1056 1722 ut
1082 1698 1130 1722 ne
1147 1685 1314 1722 nuntius
1331 1685 1489 1734 quidem
1506 1685 1599 1722 iude
1617 1683 1723 1722 mitti

252 1757 274 1793 9
295 1758 463 1795 Romam
495 1760 641 1807 posset.
705 1757 874 1794 Hernici
906 1761 946 1794 et
976 1758 1078 1795 male
1104 1760 1323 1806 pugnatum
1341 1760 1379 1794 et
1395 1756 1594 1794 consulem
1612 1769 1723 1794 exer-

296 1830 497 1879 citumque
528 1828 704 1866 obsideri
735 1829 1033 1875 nuntiaverunt,
1061 1832 1295 1878 tantumque
1312 1832 1504 1866 terrorem
1521 1828 1723 1866 incussere

296 1901 489 1950 patribus,
521 1905 577 1950 ut,
611 1913 698 1950 quae
731 1902 857 1938 forma
888 1904 1046 1938 senatus
1079 1901 1249 1937 consulti
1281 1901 1434 1938 ultimae
1476 1913 1629 1950 semper
1659 1913 1724 1937 ne-

296 1972 493 2009 cessitatis
524 1972 663 2010 habita
691 1976 760 2018 est,
778 1972 998 2018 Postumio,
1032 1972 1150 2009 alteri
1183 1973 1400 2021 consulum,
1427 1972 1630 2021 negotium
1655 1971 1723 2008 da-

230 2043 279 2079 10
297 2047 422 2091 retur,
453 2044 620 2091 videret,
649 2057 696 2081 ne
721 2045 820 2093 quid
844 2058 906 2082 res
932 2044 1093 2093 publica
1116 2044 1344 2081 detrimenti
1369 2047 1539 2094 caperet.
1584 2043 1723 2093 Ipsum

297 2115 495 2151 consulem
538 2115 676 2153 Romae
718 2129 874 2153 manere
917 2117 968 2154 ad
999 2116 1306 2154 conscribendos
1337 2129 1483 2163 omnes,
1513 2115 1583 2164 qui
1613 2127 1723 2152 arma

296 2187 398 2222 terre
428 2191 599 2235 possent,
633 2188 824 2237 optimum
850 2189 981 2226 visum
1006 2193 1083 2235 est3
1117 2201 1188 2237 pro
1221 2187 1382 2225 consule
1413 2186 1458 2224 Τ.
1490 2186 1721 2233 Quinctium

227 2258 275 2294 11
297 2257 472 2295 subsidio
504 2259 644 2296 castris
676 2273 762 2296 cum
788 2260 929 2297 sociali
952 2261 1127 2297 exercitu
1154 2260 1281 2309 mitti3
1313 2259 1364 2297 ad
1381 2271 1467 2296 eum
1484 2257 1721 2308 explendum

297 2328 433 2366 Latini
451 2329 700 2379 Hernicique
724 2335 762 2367 et
786 2332 944 2368 colonia
970 2331 1142 2368 Antium
1168 2331 1261 2369 dare
1285 2331 1474 2378 Quinctio
1506 2328 1721 2367 subitarios

211 2399 237 2444 5
298 2400 448 2438 milites
480 2398 559 2452 (ita
588 2404 671 2438 tum
704 2403 910 2451 repentina
942 2403 1097 2440 auxilia
1127 2400 1404 2454 appellabant)
1432 2402 1544 2440 iussi.
1599 2400 1721 2438 Multi

296 2485 368 2521 per
398 2485 463 2509 eos
494 2472 578 2509 dies
609 2475 738 2509 motus
770 2473 965 2522 multique
995 2474 1167 2523 impetus
1197 2474 1291 2511 hinc
1322 2477 1442 2523 atque
1476 2472 1590 2510 illinc
1612 2471 1723 2519 facti,

296 2544 401 2593 quia,
435 2546 647 2593 superante
679 2543 947 2590 multitudine,
978 2545 1108 2582 hostes
1139 2558 1303 2594 carpere
1327 2543 1586 2581 multifariam
1616 2543 1720 2581 vires

255 2616 277 2650 2
296 2614 508 2660 Romanas,
540 2619 586 2652 ut
615 2628 693 2653 non
723 2614 957 2652 suffecturas
988 2615 1037 2651 ad
1068 2617 1212 2662 omnia,
1251 2615 1429 2665 aggressi
1460 2618 1569 2661 sunt3
1601 2614 1718 2652 simul

296 2689 426 2723 eastra
457 2685 805 2735 oppugnabantur,
845 2685 959 2723 simul
1000 2699 1093 2735 pars
1131 2686 1327 2724 exercitus
1357 2685 1407 2722 ad
1445 2685 1719 2735 populandum
