1821 2928
210 130 262 167 10
843 123 958 158 Liber
981 124 1008 158 Ι.

208 257 247 291 et
271 253 328 291 ita
352 253 540 290 habuisse
559 252 762 299 Etruscos,
786 251 893 301 quod
911 265 959 290 ex
977 250 1186 289 duodecim
1203 251 1364 302 populis
1382 252 1647 291 communiter

209 330 342 363 creato
375 339 469 375 rege
501 324 681 373 singulos
712 323 861 372 singuli
891 324 1031 373 populi
1062 323 1224 360 lictores
1256 322 1457 364 dederint.

167 399 193 436 4
326 397 542 435 Crescebat
565 395 725 433 interim
749 395 844 432 urbs
868 394 1159 432 munitionibus
1184 394 1265 432 alia
1281 397 1401 444 atque
1425 396 1506 433 alia
1525 408 1645 446 appe·

210 469 331 506 tendo
356 469 457 517 loca,
484 481 606 517 quum
630 468 672 505 in
698 481 808 518 spem
835 467 962 516 magis
986 467 1129 503 futurae
1154 466 1427 504 multitudinis
1452 480 1570 516 quam
1597 467 1648 506 ad

168 538 192 575 5
209 541 262 590 id,
290 540 395 590 quod
420 543 504 577 tum
530 539 735 578 hominum
754 542 850 585 erat,
875 538 1089 576 munirent.
1133 537 1306 585 Deinde,
1337 551 1387 575 ne
1405 551 1508 576 vana
1534 538 1648 576 urbis

211 612 448 662 magnitudo
481 615 596 658 esset,
628 611 851 648 alliciendae
883 609 1153 648 multitudinis
1171 623 1299 657 causa,
1329 613 1464 648 vetere
1481 609 1649 649 consilio

212 684 467 722 condentium
497 684 631 732 urbes,
664 683 734 733 qui
766 683 975 720 obscuram
992 685 1110 731 atque
1134 681 1326 719 humilem
1352 681 1572 720 conciendo
1599 681 1650 719 ad

211 769 251 794 se
283 755 584 793 multitudinem
616 758 750 792 natam
768 768 787 791 e
812 757 921 791 terra.
947 753 1023 790 sibi
1048 753 1202 804 prolem
1230 753 1563 803 ementiebantur,
1591 753 1649 791 lo·

215 841 314 875 cum,
339 828 407 877 qui
431 840 537 864 nunc
561 830 707 876 saeptus
731 825 1068 863 descendentibus
1092 825 1198 863 inter
1215 825 1312 863 duos
1330 826 1442 864 lucos
1463 828 1534 876 est,
1562 839 1649 874 asy-

170 899 192 936 6
211 899 294 936 lum
326 899 467 948 aperit.
513 899 572 936 Eo
606 912 654 936 ex
685 897 868 935 finitimis
899 897 1060 947 populis
1090 898 1209 935 turba
1240 898 1368 935 omnis
1401 898 1485 935 sine
1510 896 1651 935 discri-

215 970 336 1019 mine,
377 970 480 1008 liber
512 984 561 1007 an
593 983 732 1008 servus
765 973 878 1016 esset,
916 970 1034 1007 avida
1065 982 1259 1007 novarum
1290 982 1423 1007 rerum
1454 968 1652 1019 perfugit;

172 1046 194 1081 7
214 1041 337 1092 idque
368 1042 541 1092 primum
573 1043 624 1079 ad
656 1045 824 1091 coeptam
857 1040 1175 1089 magnitudinem
1204 1041 1361 1079 roboris
1384 1040 1472 1078 fuit.
1519 1040 1651 1088 Quum

213 1115 293 1152 iam
331 1114 480 1151 virium
517 1114 625 1151 haud
657 1113 878 1163 paeniteret,
920 1113 1129 1150 consilium
1163 1112 1306 1150 deinde
1336 1112 1491 1151 viribus
1521 1115 1651 1162 parat.

215 1185 384 1223 Centum
431 1189 538 1224 creat
584 1188 797 1231 senatores,
843 1185 925 1222 sive
972 1185 1066 1235 quia
1112 1185 1145 1222 is
1191 1198 1378 1222 numerus
1423 1184 1520 1222 satis
1557 1187 1654 1232 erat,

215 1257 297 1294 sive
326 1258 421 1307 quia
446 1258 522 1295 soli
547 1261 704 1295 centum
730 1260 855 1303 erant,
882 1256 951 1306 qui
979 1257 1105 1294 creari
1128 1259 1264 1306 patres
1288 1260 1462 1307 possent.
1509 1255 1653 1294 Patres

216 1332 323 1366 certe
355 1329 404 1366 ab
436 1329 598 1376 honore,
628 1328 869 1378 patriciique
900 1328 1114 1377 progenies
1146 1341 1281 1366 eorum
1313 1328 1493 1378 apellati.

334 1404 419 1441 Iam
443 1414 506 1438 res
522 1400 706 1438 Romana
729 1399 828 1437 adeo
846 1403 932 1437 erat
947 1399 1093 1446 valida,
1119 1403 1164 1436 ut
1196 1400 1361 1438 cuilibet
1390 1399 1652 1438 finitimarum

217 1475 422 1513 civitatum
456 1473 563 1510 bello
591 1486 664 1522 par
691 1475 814 1518 esset;
846 1472 914 1509 sed
938 1471 1106 1522 penuria
1131 1471 1343 1509 mulierum
1369 1472 1541 1510 hominis
1558 1475 1652 1510 aeta-

213 1550 294 1585 tem
328 1546 521 1583 duratura
553 1543 788 1594 magnitudo
820 1548 915 1590 erat,
962 1544 1112 1593 quippe
1144 1543 1290 1593 quibus
1320 1557 1393 1581 nec
1424 1544 1532 1582 domi
1562 1557 1653 1595 spes

173 1617 342 1669 2prolis
387 1630 459 1655 nec
507 1629 595 1653 cum
626 1615 806 1653 finitimis
839 1615 1037 1653 connubia
1069 1619 1209 1654 essent.
1271 1615 1373 1652 Tum
1404 1629 1452 1653 ex
1483 1615 1652 1654 consilio

213 1693 372 1741 patrum
388 1688 584 1726 Romulus
616 1688 768 1737 legatos
801 1687 906 1725 circa
937 1687 1088 1724 vicinas
1115 1690 1253 1736 gentes
1281 1686 1401 1736 misit,
1435 1687 1506 1736 qui
1529 1687 1651 1725 socie-

174 1764 197 1801 3
214 1766 337 1800 tatem
370 1760 694 1809 connubiumque
725 1772 827 1797 novo
850 1758 998 1809 populo
1022 1762 1226 1808 peterent:
1259 1758 1377 1796 urbes
1403 1771 1572 1808 quoque,
1606 1763 1653 1797 ut

215 1837 360 1880 cetera,
391 1847 439 1870 ex
472 1831 608 1869 infimo
640 1831 771 1877 nasci;
812 1830 916 1877 dein,
964 1843 1061 1880 quas
1093 1844 1164 1868 sua
1193 1831 1322 1868 virtus
1355 1844 1399 1868 ac
1432 1830 1473 1868 di
1505 1830 1652 1878 iuvent,

171 1908 378 1954 4magnas
411 1917 506 1954 opes
537 1903 615 1940 sibi
648 1915 914 1952 magnumque
945 1915 1087 1940 nomen
1118 1903 1267 1948 facere;
1299 1902 1394 1940 satis
1425 1902 1540 1952 scire,
1573 1902 1651 1940 ori-

212 1977 298 2026 gini
326 1976 519 2013 Romanae
567 1979 604 2012 et
651 1975 746 2012 deos
792 1974 951 2012 affuisse
997 1977 1036 2011 et
1074 1986 1152 2010 non
1185 1973 1412 2011 defuturam
1442 1974 1652 2021 virtutem3

212 2048 381 2098 proinde
407 2061 456 2084 ne
483 2050 748 2096 gravarentur
773 2046 952 2084 homines
980 2059 1067 2083 cum
1095 2046 1325 2083 hominibus
1348 2046 1583 2095 sanguinem
1607 2059 1653 2083 ac

173 2123 338 2169 5genus
369 2119 546 2157 miscere.
606 2118 812 2168 Nusquam
860 2118 1032 2167 benigne
1079 2118 1227 2167 legatio
1259 2117 1399 2156 audita
1429 2122 1508 2165 est3
1553 2117 1651 2155 adeo

213 2192 331 2229 simul
363 2191 616 2241 spernebant,
658 2191 778 2228 simul
815 2194 969 2228 tantam
1001 2191 1042 2228 in
1073 2188 1204 2226 medio
1237 2192 1477 2227 crescentem
1508 2188 1654 2227 molem

212 2263 290 2300 sibi
323 2276 366 2300 ac
399 2263 573 2312 posteris
605 2262 688 2300 suis
713 2263 956 2300 metuebant.
1003 2262 1044 2300 A
1067 2261 1272 2311 plerisque
1298 2260 1568 2310 rogitantibus
1594 2260 1653 2297 di-

212 2334 336 2381 missi,
368 2334 523 2383 eequod
548 2334 706 2371 feminis
735 2347 892 2384 quoque
918 2334 1068 2383 asylum
1094 2333 1363 2383 aperuissent3
1394 2333 1434 2370 id
1455 2332 1560 2369 enim
1586 2331 1651 2369 de-

173 2406 195 2443 6
214 2420 321 2444 mum
354 2419 514 2455 compar
546 2405 788 2443 connubium
812 2406 909 2445 fore.
956 2405 1083 2454 AEgre
1107 2405 1149 2442 id
1164 2405 1346 2443 Romana
1371 2405 1497 2454 pubes
1521 2416 1652 2453 passa,

212 2481 252 2515 et
281 2477 390 2515 haud
415 2477 535 2514 dubie
560 2477 610 2514 ad
634 2477 715 2514 vim
743 2482 922 2527 spectare
945 2491 1006 2515 res
1035 2477 1166 2527 coepit.
1215 2476 1290 2514 Cui
1316 2479 1474 2525 tempus
1503 2475 1651 2512 locum-

212 2563 289 2600 que
320 2553 457 2599 aptum
489 2552 534 2586 ut
566 2548 680 2586 daret
696 2548 905 2595 Romulus,
936 2549 1216 2597 aegritudinem
1247 2547 1371 2585 animi
1396 2545 1652 2584 dissimulans

211 2621 328 2659 ludos
355 2635 401 2659 ex
426 2620 628 2658 industria
645 2623 762 2670 parat
778 2619 966 2669 Neptuno
986 2620 1160 2669 equestri
1177 2619 1409 2664 sollemnes3
1436 2616 1652 2655 Consualia

172 2694 339 2731 7vocat.
398 2692 532 2730 Indici
564 2691 709 2730 deinde
739 2691 920 2729 finitimis
948 2691 1225 2741 spectaculum
1256 2689 1388 2735 iubet;
1420 2690 1652 2739 quantoque
