1821 2928
302 116 383 154 240
681 112 794 148 Liber
819 112 886 149 [V.
937 115 998 157 (A.
1022 126 1059 148 u.
1086 125 1112 148 c.
1140 115 1349 157 336-338.)

303 253 389 290 spes
434 253 534 277 vana
574 240 828 290 expugnandi
867 243 996 278 castra
1027 253 1071 277 eo
1102 241 1300 287 traxisset,
1340 241 1548 290 repentino
1580 241 1734 291 impetu

302 311 524 362 AEquorum
563 325 634 361 per
672 312 852 361 supinam
891 311 1034 349 vallem
1065 312 1145 349 fusi
1177 315 1280 358 sunt,
1318 312 1512 362 multique
1543 312 1585 349 in
1615 312 1734 350 ruina

262 383 284 419 6
303 383 451 421 maiore
491 396 608 433 quam
646 383 740 431 fuga
771 383 951 433 oppressi
982 383 1306 433 obtruncatique3
1353 386 1561 434 castraque
1591 397 1638 422 eo
1669 383 1733 422 die

303 467 405 503 aegre
437 458 605 504 retenta,
652 458 810 504 postero
845 455 920 501 die,
965 455 1226 502 circumfusis,
1258 455 1335 493 iam
1367 468 1510 505 magna.
1540 468 1588 493 ex
1618 458 1734 505 parte

302 526 494 572 hostibus,
526 539 597 576 per
628 539 804 564 aversam
835 530 991 576 portam
1022 527 1117 576 fuga
1146 526 1257 576 turpi
1288 526 1536 565 deseruntur.
1596 526 1734 565 Duces

303 598 518 647 legatique,
545 601 583 636 et
599 598 705 648 quod
725 598 831 636 circa
848 598 964 647 signa
980 598 1134 636 roboris
1155 597 1203 636 de
1219 597 1395 636 exercitu
1412 597 1500 646 fuit,
1517 598 1733 637 Tusculum

264 672 284 707 7
303 670 471 719 petiere3
502 670 627 719 palati
657 670 728 707 alii
758 683 830 720 per
861 682 976 718 agros
1006 669 1154 720 passim
1178 670 1314 708 multis
1331 670 1541 709 itineribus
1557 671 1732 720 maioris,

263 743 287 780 8
305 754 422 791 quam
454 744 618 792 accepta
649 745 745 788 erat,
776 741 901 779 cladis
930 742 1062 780 nuntii
1080 741 1247 779 Romam
1266 742 1566 780 contenderunt.
1597 741 1734 780 Minus

301 813 585 863 trepidationis
630 813 718 859 fuit,
763 814 871 863 quod
918 817 1080 852 eventus
1110 813 1247 851 timori
1276 814 1479 852 hominum
1510 826 1734 863 congruens

303 884 444 930 fuerat,
475 888 513 922 et
544 885 650 934 quod
682 885 873 931 subsidia,
904 898 992 934 quae
1023 885 1268 935 respicerent
1297 886 1337 923 in
1369 899 1411 922 re
1434 885 1603 935 trepida,
1634 898 1734 935 prae·

264 958 285 994 9
304 960 445 1006 parata
462 961 575 994 erant
591 957 639 994 ab
656 957 818 994 tribuno
836 957 1019 994 militum.
1066 956 1262 1007 Iussuque
1281 957 1458 994 eiusdem
1473 969 1546 1007 per
1560 957 1734 994 minores

302 1029 558 1077 magistratus
589 1027 725 1065 sedato
754 1028 794 1065 in
824 1029 923 1065 urbe
939 1028 1126 1075 tumultu,
1158 1029 1425 1078 speculatores
1440 1018 1610 1079 propere
1625 1028 1735 1066 missi

304 1100 550 1145 nuntiavere,
600 1099 765 1137 Tusculi
797 1100 916 1137 duces
949 1100 1251 1150 exercitumque
1283 1114 1376 1147 esse,
1419 1099 1573 1138 hostem
1605 1104 1736 1138 castra

237 1172 391 1212 101000
416 1185 494 1209 non
519 1171 699 1209 movisse.
746 1171 809 1219 Et,
837 1172 943 1221 quod
960 1172 1176 1222 plurimum
1194 1172 1415 1209 animorum
1431 1172 1537 1219 fecit,
1562 1171 1736 1210 dictator

303 1257 349 1280 ex
394 1247 553 1281 senatus
600 1243 781 1281 consulto
813 1243 943 1281 dictus
975 1243 1022 1291 Q.
1056 1242 1253 1281 Servilius
1284 1243 1459 1290 Priscus,
1503 1245 1576 1291 vir,
1621 1244 1734 1282 cuius

303 1315 596 1365 providentiam
634 1315 674 1352 in
713 1327 756 1352 re
796 1315 959 1365 publica
989 1328 1110 1365 quum
1141 1315 1277 1353 multis
1308 1315 1399 1353 aliis
1428 1315 1734 1365 tempestatibus

303 1392 393 1424 ante
439 1391 603 1437 experta
648 1387 789 1425 civitas
830 1392 925 1433 erat,
970 1390 1055 1424 tum
1087 1379 1230 1424 eventu
1261 1386 1346 1424 eius
1377 1386 1483 1433 belli,
1527 1386 1634 1436 quod
1664 1388 1735 1425 uni

304 1463 502 1497 certamen
532 1458 787 1496 tribunorum
819 1462 1044 1509 suspectum
1075 1462 1166 1496 ante
1197 1471 1280 1496 rem
1303 1458 1406 1496 male
1423 1461 1575 1508 gestam
1590 1458 1732 1497 fuerat.

238 1533 281 1569 11
303 1530 502 1580 Magistro
535 1530 712 1580 equitum
744 1534 888 1577 creato,
920 1544 942 1568 a
973 1543 1049 1580 quo
1081 1531 1166 1580 ipse
1191 1530 1354 1568 tribuno
1372 1530 1544 1568 militum
1562 1530 1734 1569 dictator

301 1607 386 1640 erat
418 1603 561 1648 dictus,
591 1601 674 1639 filio
706 1615 776 1639 suo
807 1604 870 1649 (ut
898 1602 1099 1640 tradidere
1130 1602 1312 1652 quidam;
1344 1615 1435 1640 nam
1465 1601 1536 1639 alii
1558 1601 1733 1640 Ahalam

235 1677 282 1712 12
303 1673 511 1711 Servilium
545 1673 778 1723 magistrum
811 1673 989 1723 equitum
1022 1687 1066 1710 eo
1098 1686 1201 1711 anno
1231 1674 1352 1711 fuisse
1384 1673 1594 1722 scribunt),
1629 1686 1733 1712 novo

300 1745 478 1783 exercitu
510 1745 711 1794 profectus
743 1745 793 1782 ad
825 1745 984 1791 bellum,
1025 1745 1174 1790 accitis,
1205 1745 1274 1794 qui
1305 1744 1470 1782 Tusculi
1501 1748 1626 1791 erant,
1655 1744 1733 1782 duo

300 1817 427 1854 millia
458 1829 643 1866 passuum
675 1817 725 1853 ab
757 1816 871 1854 hoste
903 1817 1034 1854 locum
1066 1817 1208 1854 castris
1239 1816 1354 1866 cepit.

173 1886 227 1933 47
415 1887 650 1926 Transierat
681 1902 729 1926 ex
760 1902 802 1926 re
832 1889 932 1926 bene
963 1891 1076 1937 gesta
1106 1888 1296 1938 superbia
1325 1887 1652 1937 negligentiaque
1683 1887 1733 1926 ad

260 1961 282 1997 2
301 1959 468 2009 AEquos,
499 1973 586 2010 quae
620 1961 657 1997 in
675 1960 867 1998 Romanis
899 1959 1067 1998 ducibus
1094 1960 1234 1997 fuerat.
1280 1959 1425 2010 Itaque
1450 1959 1579 2009 primo
1595 1959 1733 1997 statim

299 2032 439 2080 proelio
472 2045 592 2081 quum
625 2032 797 2070 dictator
828 2032 1010 2082 equitatu
1041 2032 1215 2069 immisso
1250 2031 1533 2080 antesignanos
1557 2030 1731 2068 hostium

298 2103 510 2149 turbasset,
528 2103 731 2151 legionum
748 2104 840 2141 inde
859 2104 975 2153 signa
992 2103 1134 2141 inferri
1152 2115 1319 2153 propere
1332 2102 1464 2149 iussit,
1481 2102 1732 2151 signiferum-

260 2174 282 2211 3
301 2187 376 2223 que
409 2187 456 2211 ex
488 2175 568 2211 suis
599 2188 721 2212 unum
752 2180 1002 2213 cunctantem
1035 2174 1192 2213 occidit.
1237 2174 1390 2212 Tantus
1415 2174 1535 2211 ardor
1551 2173 1601 2212 ad
1617 2173 1731 2210 dimi-

300 2245 466 2283 candum
484 2245 571 2291 fuit,
598 2250 640 2282 ut
657 2247 847 2296 impetum
865 2247 989 2296 AEqui
1005 2260 1085 2284 non
1101 2246 1287 2293 tulerint;
1312 2245 1492 2295 victique
1509 2245 1593 2282 acie
1610 2257 1731 2294 quum

299 2317 393 2365 fuga.
409 2316 531 2353 effusa
547 2317 740 2366 petissent
767 2322 907 2364 castra,
934 2319 1094 2356 brevior
1118 2322 1294 2368 tempore
1312 2321 1351 2355 et
1369 2316 1584 2355 certamine
1600 2315 1732 2353 minor

259 2389 283 2425 4
301 2393 518 2426 castrorum
545 2389 790 2437 oppugnatio
808 2390 894 2436 fuit,
919 2403 1036 2439 quam
1053 2389 1237 2439 proelium
1253 2389 1394 2426 fuerat.
1440 2387 1580 2438 Captis
1597 2387 1729 2436 direp-

299 2460 430 2509 tisque
448 2459 600 2505 castris,
626 2472 745 2509 quum
762 2461 938 2509 praedam
956 2460 1129 2499 dictator
1145 2460 1264 2498 militi
1291 2459 1561 2506 concessisset,
1587 2457 1729 2496 secuti·

301 2543 375 2580 que
406 2531 622 2579 fugientem
654 2543 700 2567 ex
731 2531 871 2568 castris
902 2531 1055 2569 hostem
1083 2532 1237 2582 equites
1254 2530 1562 2576 renuntiassent,
1595 2542 1728 2567 omnes

300 2602 520 2639 Lavicanos
557 2602 694 2648 victos,
732 2614 915 2651 magnam
953 2606 1106 2652 partem
1137 2603 1361 2652 AEquorum
1390 2601 1562 2639 Lavicos
1594 2600 1728 2638 confu-

260 2673 283 2710 5
303 2674 418 2723 gisse,
462 2677 621 2722 postero
668 2673 733 2711 die
765 2673 815 2711 ad
846 2673 1015 2711 Lavicos
1055 2673 1196 2711 ductus
1228 2673 1425 2711 exercitus
1457 2672 1728 2723 oppidumque
