1821 2928
556 179 646 204 Liber
664 178 733 204 vn.
767 178 815 209 (A.
835 177 886 203 oh.
905 177 1060 206 seo-358.)
1423 165 1474 203 59

96 295 282 342 ostendit,
310 294 462 333 duabus
487 294 614 344 portis
641 294 791 343 egressi
808 293 987 332 consules
1011 292 1199 342 utrinque
1221 291 1344 329 aciem
1363 291 1530 329 subeun-

94 364 196 402 tium
227 364 303 401 iam
335 376 467 401 muros
505 363 814 412 aggrediuntur,
852 361 1136 413 apparuitque,
1168 359 1374 398 occasione
1405 359 1572 409 magis4

96 446 213 483 quam
243 431 392 470 virtute
423 432 546 469 fretos
576 431 749 477 venisse;
788 431 887 468 adeo
919 431 987 467 vix
1023 430 1195 480 primum
1227 429 1420 479 impetum
1450 427 1530 466 Ro-

95 514 301 539 manorum
332 500 566 537 sustinuere.
638 499 746 546 Quin
786 500 906 537 etiam
944 499 1048 536 bono
1086 497 1209 535 fuisse
1240 497 1434 535 Romanis
1464 495 1532 534 ad·

94 572 255 607 ventum
285 581 420 606 eorum
459 568 687 616 constabat,
732 568 1004 617 orientemque
1042 566 1119 603 iam
1159 565 1398 604 seditionem
1429 565 1532 603 inter

94 641 228 688 patres
259 640 297 675 et
326 637 483 687 plebem
514 640 621 674 metu
650 639 733 674 tam
763 635 983 687 propinqui
1013 634 1112 672 belli
1143 647 1417 684 compressam.

208 705 331 744 Alius
363 705 557 743 adventus
586 705 760 743 hostium
790 704 869 742 fuit
898 703 1105 754 †proximo
1136 703 1242 741 bello
1275 703 1381 752 agris
1413 715 1530 752 quam
1550 702 1572 737 5

92 774 318 812 terribilior
348 774 451 811 urbi.
518 773 806 824 Populabundi
837 772 1148 822 Tarquinienses
1188 771 1287 809 fines
1317 771 1532 816 Romanos,
1550 774 1572 807 6

95 842 266 880 maxime
290 855 367 892 qua
391 856 439 880 ex
455 846 570 892 parte
587 842 793 880 Etruriam
817 841 1013 887 adiacent,
1036 853 1311 891 peragravere,
1334 839 1532 889 rebusque

94 911 358 961 nequicquam
388 911 589 960 repetitis,
621 911 715 948 novi
746 911 927 948 consules
958 910 1008 947 iis
1032 909 1074 948 C.
1096 909 1248 947 Fabius
1280 912 1319 946 et
1345 908 1387 946 C.
1409 907 1532 945 Plau·
1553 896 1736 956 Ῐξιξζζὲξζ

92 979 173 1016 tius
211 979 323 1016 iussu
362 979 504 1029 populi
543 979 692 1016 bellum
731 979 933 1026 indixere3
978 978 1189 1028 Fabioque
1229 992 1274 1016 ea
1312 975 1532 1027 provincia,

93 1046 258 1085 Plautio
288 1046 460 1085 Hernici
498 1061 672 1086 evenere.
749 1046 897 1085 Gallici
935 1061 1092 1098 quoque
1129 1046 1228 1085 belli
1267 1047 1372 1084 fama
1402 1045 1529 1082 incre·
1548 1047 1568 1080 7

93 1115 320 1161 brescebat3
357 1115 426 1153 sed
457 1115 562 1153 inter
592 1117 738 1154 multos
768 1119 940 1154 terrores
978 1116 1124 1153 solatio
1155 1115 1231 1152 fuit
1260 1128 1339 1165 pax
1370 1112 1530 1151 Latinis

94 1183 326 1234 petentibus
350 1183 445 1221 data
477 1187 515 1222 et
541 1198 683 1234 magna
698 1185 759 1222 vis
775 1184 948 1222 militum
972 1185 1020 1222 ab
1046 1184 1094 1222 iis
1119 1198 1166 1221 ex
1193 1182 1340 1220 foedere
1362 1184 1530 1226 vetusto,

93 1252 202 1302 quod
225 1252 360 1289 multis
385 1252 682 1292 intermiserant
706 1254 834 1300 annis,
858 1257 1031 1303 accepta.
1076 1252 1164 1300 Quo
1195 1250 1384 1302 praesidio
1409 1262 1530 1300 quum
1548 1251 1572 1285 8

52 1335 56 1338 ⁴
92 1320 194 1359 fulta
214 1334 277 1358 res
294 1320 475 1359 Romana
501 1325 612 1369 esset,
642 1322 771 1360 levius
797 1322 883 1368 fuit,
915 1322 1023 1372 quod
1046 1319 1187 1358 Gallos
1210 1334 1302 1358 mox
1324 1319 1530 1356 Praeneste

87 1389 244 1427 venisse
292 1393 410 1439 atque
460 1390 553 1428 inde
601 1391 707 1428 circa
747 1391 903 1428 Pedum
951 1389 1176 1427 consedisse
1227 1387 1407 1427 auditum
1458 1389 1528 1424 est.

88 1457 339 1495 Dictatorem
371 1457 453 1495 dici
486 1458 528 1496 C.
561 1457 787 1509 Sulpicium
827 1459 998 1509 placuit;
1038 1458 1176 1496 consul
1213 1457 1264 1495 ad
1294 1456 1337 1494 id
1379 1455 1567 1493 accitus&

91 1525 132 1563 C.
148 1525 337 1563 Plautius
368 1525 488 1573 dixin
520 1527 712 1576 magister
744 1528 923 1578 equitum
955 1527 1144 1564 dictatori
1175 1525 1335 1563 additus
1365 1524 1421 1561 M.
1447 1523 1527 1561 Va·

89 1593 222 1631 lerius.
267 1593 325 1631 Hi
355 1595 501 1633 robora
524 1596 696 1633 militum
728 1610 776 1633 ex
803 1595 958 1633 duobus
983 1595 1259 1634 consularibus
1285 1592 1527 1632 exercitibus

88 1662 212 1700 electa
235 1662 424 1700 adversus
441 1661 586 1704 Gallos,
609 1663 820 1702 duxerunt.
882 1664 1049 1703 Lentius
1073 1665 1115 1702 id
1141 1664 1348 1714 aliquanto
1365 1661 1526 1706 bellum,
1549 1661 1595 1696 10

89 1744 207 1781 quam
238 1731 346 1780 parti
368 1732 528 1782 utrique
553 1733 750 1783 placebat,
779 1733 868 1771 fuit.
929 1733 1059 1781 Quum
1083 1733 1213 1783 primo
1239 1730 1349 1769 Galli
1371 1732 1527 1768 tantum

90 1799 199 1837 avidi
238 1800 466 1837 certaminis
503 1800 692 1848 fuissent,
734 1801 879 1840 deinde
908 1802 1113 1841 Romanus
1149 1801 1260 1839 miles
1296 1798 1447 1837 ruendo
1486 1797 1528 1835 in

91 1880 201 1905 arma
232 1881 278 1905 ac
304 1868 604 1907 dimicationem
627 1870 874 1920 aliquantum
900 1870 1098 1909 Gallicam
1129 1870 1317 1907 ferociam
1339 1867 1527 1912 vinceret,

91 1935 281 1973 dictatori
311 1936 546 1986 neutiquam
577 1938 780 1987 placebat,
813 1940 971 1989 quando
1004 1939 1115 1976 nulla
1147 1942 1305 1988 cogeret
1334 1950 1416 1983 res,
1448 1935 1525 1972 for-
1547 1935 1588 1971 11

86 2010 195 2042 tunae
219 2017 259 2042 se
283 2005 529 2042 committere
546 2005 735 2045 adversus
765 2007 930 2054 hostem,
961 2021 1077 2057 quem
1107 2010 1264 2057 tempus
1287 2004 1526 2043 deteriorem

90 2073 131 2110 in
156 2072 240 2110 dies
271 2072 338 2124 [et]
364 2073 463 2110 locis
489 2074 630 2112 alienis
655 2075 805 2113 faceret
830 2076 915 2113 sine
938 2079 1161 2126 praeparato
1185 2077 1417 2120 commeatu,
1441 2072 1525 2110 sine

86 2141 199 2179 firmo
232 2141 477 2179 munimento
510 2146 740 2190 morantem,
773 2143 823 2181 ad
849 2144 922 2182 hoc
949 2144 998 2182 iis
1029 2143 1267 2194 corporibus
1290 2142 1524 2190 animisque,

88 2222 255 2259 quorum
287 2209 413 2247 omnis
446 2210 487 2247 in
520 2210 669 2260 impetu
693 2211 752 2249 vis
784 2216 895 2259 esset,
926 2226 1049 2262 parva
1081 2213 1218 2251 eadem
1250 2213 1523 2261 languesceret

86 2291 208 2316 mora.
280 2277 358 2315 His
402 2278 580 2315 consiliis
627 2278 802 2317 dictator
846 2279 996 2318 bellum
1032 2281 1236 2328 trahebat,
1283 2291 1523 2330 gravemque
1545 2279 1590 2314 12

87 2345 271 2383 edixerat
293 2359 458 2395 paenam,
491 2347 525 2384 si
550 2347 641 2397 quis
666 2347 815 2386 iniussu
841 2349 883 2386 in
904 2349 1058 2387 hostem
1084 2353 1311 2400 pugnasset.
1370 2346 1523 2383 Milites

87 2426 190 2463 aegre
233 2413 274 2451 id
312 2415 510 2465 patientes
548 2416 675 2466 primo
715 2416 755 2453 in
793 2417 1030 2456 stationibus
1068 2418 1300 2467 vigiliisque
1343 2416 1446 2453 inter
1483 2427 1524 2451 se

87 2481 323 2520 dictatorem
355 2484 603 2522 sermonibus
636 2497 815 2534 carpere,
857 2485 1057 2524 interdum
1097 2489 1230 2536 patres
1262 2483 1523 2523 communiter

89 2549 306 2601 increpare,
338 2551 444 2601 quod
468 2565 546 2590 non
571 2553 777 2591 iussissent
808 2567 880 2604 per
901 2555 1082 2593 consules
1113 2555 1200 2604 geri
1224 2553 1390 2592 bellum:
1423 2551 1520 2589 elec-
1542 2552 1590 2587 113

85 2621 170 2655 tum
207 2632 290 2657 esse
327 2619 516 2658 eximium
563 2620 860 2671 imperatorem,
905 2623 1064 2661 unicum
1103 2623 1260 2669 ducem,
1307 2621 1376 2672 qui
1420 2619 1522 2658 nihil
