1821 2928
186 1327 246 1377 40

319 133 403 171 296
765 128 880 164 Liber
905 128 952 164 V.
999 130 1063 174 (A.
1087 141 1124 164 u.
1150 141 1181 166 0.
1205 131 1301 174 364.)

317 257 500 306 sequenti
533 257 597 294 die
629 256 774 293 similis
807 256 880 304 illi,
921 269 1008 306 quae
1047 257 1096 294 ad
1128 257 1266 295 Aliam
1297 261 1377 295 tam
1407 257 1552 308 pavide
1582 257 1756 307 fugerat,

278 329 302 365 9
322 329 460 367 civitas
491 328 576 365 fuit.
635 328 737 366 Nam
770 341 890 378 quum
923 328 1082 366 defendi
1111 330 1250 367 urbem
1281 342 1395 379 posse
1424 333 1505 367 tam
1536 343 1660 380 parva
1688 343 1752 368 re-

317 401 414 438 licta
445 413 563 437 manu
595 413 684 450 spes
716 400 828 438 nulla
854 403 966 446 esset,
996 400 1159 450 placuit,
1191 414 1279 438 011111
1298 401 1531 451 coniugibus
1548 415 1594 439 ac
1610 401 1754 439 liberis

319 472 564 509 iuventutem
596 472 812 508 militarem
844 475 1086 522 senatusque
1115 472 1238 510 robur
1269 473 1308 510 in
1341 486 1470 510 arcem
1488 471 1752 523 Capitolium-

250 543 396 594 loque
439 543 664 589 concedere,
710 543 907 593 armisque
949 547 988 581 et
1027 544 1225 582 frumento
1271 544 1429 590 collato,
1462 557 1510 581 ex
1539 544 1626 582 loco
1658 544 1754 582 inde

317 615 470 652 munito
525 615 619 652 deos
671 615 953 665 hominesque·
981 619 1021 653 et
1064 615 1287 653 Romanum
1332 629 1475 654 nomen
1521 615 1750 663 defendere;

252 687 271 724 1
283 687 301 724 1
323 686 554 737 [flaminem]
573 687 877 737 sacerdotesque
896 691 936 724 et
945 686 1131 725 Vestales
1149 700 1259 725 sacra
1275 688 1437 738 publica
1454 701 1477 726 a
1493 687 1610 735 caede,
1627 688 1676 725 ab
1693 687 1754 725 in-

318 758 467 801 cendiis
497 759 638 808 procul
671 759 838 805 auferre,
869 772 941 796 nec
973 763 1065 797 ante
1096 759 1226 797 deseri
1257 760 1408 797 cultum
1426 759 1601 806 deorum,
1632 773 1752 809 quam

250 829 399 868 1211011
431 834 693 879 superessent,
734 831 804 880 qui
844 831 1029 869 colerent.
1090 830 1135 869 Si
1173 844 1243 868 arx
1274 830 1608 882 Capitoliumque,
1641 831 1755 869 sedes

319 901 493 947 deorum,
525 902 557 938 si
588 905 760 949 senatus,
792 906 912 952 caput
941 902 1096 952 publici
1114 903 1282 950 consilii,
1313 903 1346 940 si
1362 903 1550 940 militaris
1567 903 1753 941 iuventus

318 974 561 1024 superfuerit
592 974 814 1011 imminenti
846 974 973 1011 ruinae
1004 974 1128 1021 urbis,
1159 975 1316 1012 facilem
1334 974 1527 1012 iacturam
1548 987 1634 1012 esse
1650 974 1752 1012 seni-

252 1046 303 1083 13
322 1058 435 1083 orum
481 1046 630 1082 relictae
678 1046 718 1082 in
764 1046 863 1083 urbe
907 1047 1046 1096 utique
1088 1047 1276 1096 periturae
1315 1046 1457 1085 turbae.
1519 1046 1573 1083 Et
1602 1059 1681 1096 quo
1711 1045 1754 1084 id

319 1117 494 1167 aequiore
526 1118 656 1155 animo
689 1117 736 1155 de
767 1118 885 1167 plebe
927 1118 1144 1155 multitudo
1175 1119 1309 1164 ferret,
1343 1131 1456 1155 senes
1486 1118 1755 1167 triumphales

319 1189 626 1239 consularesque
658 1189 775 1226 simul
808 1202 848 1226 se
880 1202 966 1226 011111
1007 1189 1088 1227 illis
1127 1190 1259 1239 palam
1292 1190 1424 1227 dicere
1456 1189 1650 1239 obituros,
1680 1202 1755 1227 1100

319 1260 381 1298 1110
413 1261 658 1310 corporibus,
692 1261 838 1310 quibus
869 1274 947 1298 non
981 1274 1089 1299 arma
1113 1262 1227 1308 ferre,
1257 1275 1337 1299 non
1352 1262 1457 1299 tueri
1473 1261 1644 1311 patriam
1661 1275 1755 1311 pos-

320 1336 417 1379 sent,
463 1336 695 1370 oneraturos
741 1333 915 1382 inopiam
962 1337 1216 1371 armatorum.
1291 1333 1390 1371 Haec
1436 1334 1541 1370 inter
1578 1333 1754 1370 seniores

320 1405 440 1442 morti
471 1405 691 1442 destinatos
724 1405 871 1442 iactata
901 1405 1057 1444 solatia..
1105 1405 1244 1443 Versae
1276 1405 1368 1442 inde
1386 1405 1686 1443 adhortationes
1702 1405 1754 1443 ad

320 1489 461 1525 agmen
494 1477 692 1522 iuvenum,
732 1490 829 1526 quos
872 1477 914 1513 in
947 1476 1191 1527 Capitolium
1234 1480 1354 1528 atque
1386 1477 1427 1515 in
1457 1491 1588 1515 arcem
1620 1472 1758 1527 prose·

320 1548 559 1598 quebantur,
593 1549 912 1586 commendantes
942 1549 1083 1587 virtuti
1115 1562 1251 1586 eorum
1282 1550 1536 1599 iuventaeque
1556 1549 1668 1587 urbis
1684 1562 1760 1600 per

318 1621 517 1656 trecentos
549 1621 755 1669 sexaginta
787 1634 909 1658 annos
941 1620 1124 1658 omnibus
1155 1621 1270 1658 bellis
1286 1621 1476 1667 victricis,
1509 1633 1759 1671 quaeounque

281 1691 479 1740 ‘Zreliqua
527 1696 628 1728 esset
672 1693 842 1729 fortuna.
932 1692 1287 1741 Digredientibus,
1333 1693 1401 1742 qui
1445 1706 1553 1742 spem
1600 1705 1754 1730 omnem

320 1767 439 1812 atque
486 1777 599 1812 opem
646 1776 777 1800 secum
823 1763 1015 1810 ferebant,
1057 1765 1105 1802 ab
1154 1764 1218 1812 iis,
1267 1764 1335 1813 qui
1377 1767 1502 1814 captae
1533 1763 1644 1800 urbis
1674 1777 1753 1802 non

281 1835 304 1870 3
323 1847 527 1883 superesse
558 1838 781 1872 statuerant
811 1835 948 1881 exitio,
981 1849 1102 1885 quum
1135 1836 1220 1885 ipsa
1251 1850 1315 1873 res
1346 1836 1576 1885 speciesque
1593 1835 1754 1873 misera-

323 1906 412 1942 bilis
445 1910 541 1953 erat,
571 1909 654 1943 tum
687 1907 896 1944 muliebris
926 1907 1042 1945 fletus
1060 1911 1099 1945 et
1115 1908 1367 1945 concursatio
1385 1908 1536 1945 incerta
1551 1921 1656 1944 nunc
1672 1907 1756 1954 hos,

319 1990 422 2014 nunc
454 1978 545 2015 illos
578 1979 827 2028 sequentium
859 1979 1202 2029 rogitantiumque
1233 1980 1339 2017 viros
1370 1982 1575 2029 natosque,
1617 1978 1683 2016 cui
1713 1991 1759 2016 se

320 2049 400 2086 fato
434 2049 584 2095 darent,
615 2050 728 2095 nihil,
762 2050 868 2100 quod
900 2051 1063 2088 humani
1080 2054 1305 2101 superesset
1320 2051 1426 2098 mali,
1456 2050 1750 2100 relinquebant.

280 2121 304 2157 4
323 2120 472 2169 Magna
504 2135 596 2170 pars
626 2126 757 2159 tamen
789 2136 925 2160 earum
957 2123 995 2159 in
1029 2136 1158 2160 arcem
1190 2136 1281 2160 suos
1313 2125 1533 2172 persecutae
1549 2125 1651 2168 sunt,
1682 2133 1757 2158 1100

320 2191 556 2242 prohibente
587 2193 670 2231 ullo
702 2207 774 2231 nec
805 2197 983 2239 vocante,
1017 2194 1122 2244 quia,
1154 2193 1259 2244 quod
1291 2194 1390 2231 utile
1423 2193 1593 2231 obsessis
1617 2191 1758 2230 admi·

320 2263 518 2300 nuendam
564 2265 766 2302 imbellem
806 2266 1121 2311 multitudinem,
1160 2266 1203 2303 id
1244 2279 1382 2315 parum
1413 2264 1628 2303 humanum
1659 2267 1756 2302 erat.

282 2335 305 2371 5
323 2334 420 2374 Alia
450 2336 619 2373 maxime
650 2337 778 2386 plebis
807 2337 939 2383 turba,
970 2351 1088 2387 quam
1118 2350 1190 2374 nec
1222 2350 1362 2387 capere
1391 2339 1473 2374 tam
1490 2336 1658 2385 exiguus
1674 2335 1759 2373 col--

320 2407 370 2444 lis
402 2421 473 2444 nec
505 2408 611 2445 alere
643 2408 684 2444 in
715 2411 827 2445 tanta
859 2409 996 2458 inopia
1025 2409 1212 2447 frumenti
1243 2411 1413 2458 poterat,
1445 2421 1493 2445 ex
1517 2408 1616 2445 urbe
1633 2406 1756 2448 effusa

283 2479 305 2514 6
324 2479 433 2516 velut
464 2479 621 2527 agmine
652 2479 727 2516 iam
760 2493 838 2516 uno
868 2481 988 2529 petiit
1016 2480 1254 2518 Ianiculum.
1301 2479 1402 2517 Inde
1433 2482 1534 2530 parsv
1551 2492 1622 2528 per
1637 2490 1758 2527 agros

322 2549 481 2599 dilapsi,
512 2564 603 2600 pars
633 2550 754 2588 urbes
786 2554 928 2600 petunt
958 2551 1161 2598 finitimas,
1203 2552 1286 2589 sine
1316 2551 1399 2588 ullo
1430 2551 1529 2588 duce
1559 2552 1630 2588 aut
1661 2562 1758 2587 con-

321 2634 448 2668 sensu,
482 2635 591 2659 suam
623 2623 790 2672 quisque
821 2635 940 2671 spem,
973 2635 1043 2659 sua
1069 2623 1245 2669 consilia,
1278 2621 1552 2660 communibus
1569 2620 1758 2670 deplora-

281 2693 304 2728 7
323 2693 385 2739 tis,
417 2698 640 2744 sequentes.
687 2693 854 2731 Flamen
886 2693 1045 2731 interim
1077 2693 1297 2741 Quirinalis
1326 2692 1582 2742 virginesque
1609 2691 1757 2730 Vesta-
