1821 2928
577 174 667 199 Liber
685 174 754 200 vn.
792 175 839 204 (A.
860 175 911 201 cn.
931 177 1001 203 343.)
1403 165 1455 202 87

77 292 118 326 et
149 289 255 327 omni
287 289 435 327 honore
465 289 671 327 tribunum
703 291 856 328 consuli
889 290 1152 340 aequantibus.
1213 289 1298 328 Ubi
1331 290 1381 327 ad
1414 302 1512 339 prae-
1532 291 1554 325 9

77 357 224 395 torium
256 362 418 396 ventum
459 362 527 406 est,
569 359 706 397 consul
747 359 912 397 classico
953 359 1004 397 ad
1045 359 1271 397 contionem
1313 362 1515 405 convocat,

78 439 270 476 orsusque
300 428 461 465 meritas
492 427 613 465 Decii
647 428 795 473 laudes,
827 428 1040 465 interfante
1073 428 1159 477 ipso
1191 427 1320 465 Decio
1353 427 1514 464 distulit

78 495 321 542 contionem,
363 497 433 547 qui
474 500 613 534 auctor
654 496 786 534 onmia
827 496 1105 546 posthabendi,
1147 496 1239 533 dum
1271 496 1426 534 occasio
1470 495 1512 533 in
1534 496 1583 532 10

79 564 262 602 manibus
294 569 406 611 esset,
437 565 616 615 perpulit
649 565 861 612 consulem,
892 569 935 602 ut
953 566 1085 602 hostes
1102 568 1141 602 et
1157 568 1350 603 nocturno
1368 578 1515 614 pavore

78 633 273 671 attonitos
304 638 342 671 et
374 634 479 671 circa
511 634 653 672 collem
693 634 930 672 castellatim
962 634 1180 683 dissipatos
1212 634 1513 683 aggrederetur:

80 700 240 739 credere
272 702 403 749 etiam,
444 703 602 752 aliquos
634 703 684 740 ad
717 717 757 740 se
798 703 1042 752 sequendum
1074 703 1236 740 emissos
1268 716 1339 752 per
1370 702 1514 739 saltum

77 770 229 817 vagari.
274 770 398 808 Iussae
423 771 598 820 legiones
621 785 730 809 arma
754 785 907 821 capere,
939 784 1184 821 egressaeque
1209 771 1360 818 castris,
1392 784 1513 820 quum
1534 770 1580 806 11

77 851 150 888 per
181 839 452 889 exploratores
493 841 628 878 notior
668 841 747 878 iam
778 841 904 878 saltus
936 844 1048 887 esset,
1088 841 1155 878 via
1196 840 1422 890 patentiore
1463 839 1513 876 ad

78 907 232 945 hostem
263 907 483 954 ducuntur;
525 923 640 959 quem
682 910 885 947 incautum
927 909 1145 959 improviso
1187 908 1350 955 adortae,
1392 922 1513 958 quum
1536 908 1583 944 12

76 976 205 1026 palati
237 977 387 1026 passim
411 976 653 1015 Samnitium
684 978 845 1024 milites,
876 978 1058 1028 plerique
1091 978 1280 1023 inermes,
1311 990 1381 1014 nec
1409 977 1514 1014 coire

80 1044 122 1081 in
152 1058 274 1082 unum
306 1059 376 1083 nec
408 1060 517 1084 arma
548 1060 691 1097 capere
721 1061 792 1084 nec
822 1047 1002 1096 recipere
1034 1046 1141 1083 intra
1172 1046 1323 1083 vallum
1354 1059 1394 1083 se
1426 1059 1514 1095 pos-

77 1117 176 1161 sent,
214 1118 423 1164 paventem
463 1115 635 1165 primum
668 1116 710 1153 in
741 1119 870 1152 castra
903 1115 1158 1165 compellunt,
1199 1114 1345 1151 deinde
1386 1117 1515 1151 castra

78 1181 177 1231 ipsa,
222 1182 398 1221 turbatis
443 1184 696 1231 stationibus,
742 1184 916 1233 capiunt.
976 1183 1185 1221 Perfertur
1225 1183 1332 1220 circa
1374 1182 1514 1220 collem
1536 1183 1584 1220 13

78 1250 227 1289 clamor
272 1251 464 1303 fugatque
510 1267 557 1290 ex
602 1253 684 1290 suis
730 1266 926 1302 quemque
972 1252 1188 1302 praesidiis.
1262 1252 1326 1289 Ita
1372 1265 1515 1300 magna

32 1348 35 1351 «
75 1332 169 1368 pars
215 1321 370 1359 absenti
424 1322 530 1360 hosti
576 1322 711 1367 cessit;
766 1335 864 1371 quos
920 1321 1025 1358 intra
1070 1322 1220 1358 vallum
1267 1325 1401 1370 egerat
1447 1334 1514 1370 pa-

77 1401 150 1425 vor
195 1389 321 1437 (fuere
367 1395 498 1428 autem
539 1391 589 1429 ad
634 1391 804 1439 triginta
849 1390 1005 1439 millia),
1051 1404 1184 1428 omnes
1231 1390 1339 1436 caesi3
1386 1394 1516 1427 castra

79 1457 251 1507 direpta.

194 1526 259 1564 Ita
290 1528 408 1566 rebus
439 1529 574 1577 gestis,
606 1529 753 1575 consul,
785 1528 980 1566 advocata
998 1528 1193 1574 contione,
1224 1527 1270 1565 P.
1287 1527 1406 1566 Decii
1438 1541 1517 1564 non
1593 1522 1649 1570 37

81 1598 230 1644 coeptas
261 1597 390 1635 solum
407 1601 510 1644 ante,
542 1598 610 1635 sed
635 1598 854 1635 cumulatas
885 1611 988 1635 nova
1004 1597 1155 1634 virtute
1186 1596 1324 1634 laudes
1346 1596 1517 1646 peragit,

79 1666 119 1699 et
159 1667 304 1713 praeter
345 1666 542 1703 militaria
583 1666 664 1704 alia
695 1666 800 1703 dona
831 1680 951 1704 aurea
992 1679 1137 1704 corona
1169 1679 1257 1702 eum
1289 1668 1327 1702 et
1358 1668 1515 1702 centum

80 1730 210 1769 bubus
253 1733 476 1784 eximioque
517 1749 595 1773 uno
637 1735 730 1774 albo
780 1735 912 1785 opimo
960 1735 1111 1773 aurat-is
1157 1733 1344 1772 cornibus
1383 1734 1516 1771 donat.

77 1799 246 1848 Milites,
292 1803 361 1852 qui
401 1804 443 1840 in
474 1804 664 1854 praesidio
695 1804 814 1842 simul
846 1804 1016 1850 fuerant,
1062 1803 1214 1853 duplici
1244 1803 1441 1841 frumento
1474 1802 1554 1839 in2

79 1874 327 1918 perpetuum,
359 1872 399 1909 in
416 1873 629 1922 praesentia
645 1873 814 1921 singulis
839 1872 968 1909 bubus
991 1872 1178 1921 binisque
1201 1872 1349 1909 tunicis
1368 1871 1518 1909 donati.

79 1935 307 1977 Secundum
339 1941 512 1979 consulis
545 1942 801 1980 donationem
839 1942 1015 1990 legiones
1056 1940 1301 1989 gramineam
1332 1953 1517 1978 coronam

82 2007 332 2055 obsidialem,
364 2009 535 2048 clamore
567 2010 715 2048 donum
731 2010 1013 2060 approbantes,
1044 2009 1172 2047 Decio
1204 2009 1430 2058 imponunt3
1463 2009 1517 2047 al-

79 2078 166 2114 tera
198 2091 356 2125 corona,
387 2079 564 2117 eiusdem
596 2080 760 2117 honoris
791 2079 922 2124 index,
955 2093 977 2116 a
1007 2078 1195 2128 praesidio
1227 2091 1297 2116 suo
1329 2078 1517 2128 imposita

82 2147 150 2181 est.
210 2145 288 2183 His
320 2147 530 2186 decoratus
568 2148 794 2197 insignibus
835 2148 975 2185 bovem
1007 2146 1194 2184 eximium
1224 2146 1350 2184 Marti
1381 2147 1516 2185 immo-
1535 2146 1558 2184 3

80 2214 193 2261 lavit,
235 2219 392 2253 centum
423 2217 544 2254 boves
584 2217 783 2254 militibus
816 2216 920 2253 dono
953 2215 1077 2261 dedit,
1117 2215 1186 2265 qui
1217 2229 1349 2252 secum
1382 2215 1422 2252 in
1454 2229 1516 2253 ex-

81 2283 286 2334 peditione
318 2285 487 2323 fuerant.
546 2286 696 2324 Iisdem
727 2284 926 2322 militibus
964 2284 1140 2333 legiones
1173 2283 1299 2322 libras
1330 2284 1448 2321 farris
1480 2287 1518 2321 et

82 2353 277 2391 sextarios
316 2354 402 2392 vini
447 2355 722 2399 contulerunt;
769 2353 980 2403 omniaque
1017 2367 1062 2391 ea
1108 2353 1263 2402 ingenti
1309 2352 1518 2390 alacritate

82 2435 153 2472 per
199 2422 409 2461 clamorem
454 2423 680 2470 militarem,
734 2422 906 2460 indicem
952 2422 1127 2460 omnium
1173 2435 1364 2467 assensus,
1409 2433 1518 2470 gere-

84 2489 242 2528 bantur.

199 2560 338 2599 Tertia
368 2573 504 2610 pugna
535 2559 586 2598 ad
617 2559 846 2598 Suessulam
885 2559 1094 2598 commissa
1126 2562 1201 2604 est,
1240 2571 1318 2607 qua
1357 2556 1559 2605 fugatus4

85 2641 108 2666 a
138 2629 192 2666 M.
224 2629 388 2668 Valerio
432 2627 674 2667 Samnitium
715 2628 926 2674 exercitus,
969 2627 1076 2666 omni
1116 2626 1262 2664 robore
1304 2624 1520 2663 iuventutis
