1821 2928
296 124 378 163 304
737 121 856 156 Liber
879 120 930 155 V.
979 122 1040 166 (A.
1066 133 1104 157 u.
1129 131 1159 155 c.
1183 121 1278 165 364.)

246 249 271 285 2
291 249 509 287 exercitum
540 248 724 297 urgebat,
758 246 899 286 Gallos
937 248 1172 298 pestilentia
1212 248 1354 295 etiam,
1396 261 1516 298 quum
1551 249 1638 286 loco
1669 249 1727 286 ia·

294 325 405 358 cente
437 320 540 356 inter
571 319 744 356 tumulos
775 323 905 357 castra
929 320 1133 370 habentes,
1165 323 1249 357 tum
1275 320 1325 357 ab
1354 319 1549 357 incendiis
1573 319 1727 358 torrido

275 395 333 429 ‘et
363 392 522 441 vaporis
553 391 670 440 pleno
711 391 983 441 cineremque,
1028 404 1108 428 non
1153 391 1357 441 pulverem
1403 391 1520 428 modo
1565 391 1728 438 ferente,

254 464 278 501 3
297 477 417 514 quum
450 463 549 513 quid
575 462 684 499 venti
708 466 856 500 motum
882 466 996 500 esset.
1045 462 1222 509 Quorum
1250 463 1606 502 intolerantissima
1631 475 1729 511 gens

293 535 531 584 humerique
563 548 607 572 ac
638 535 779 583 frigori
819 538 977 572 assueta
1016 547 1138 584 quum
1178 538 1278 571 aestu
1320 538 1359 571 et
1395 547 1544 583 angore
1584 537 1729 572 vexata

294 607 470 655 vulgatis
500 606 612 644 velut
644 606 685 643 in
716 619 840 655 pecua
872 606 1020 643 morbis
1051 609 1290 652 moreretur,
1337 607 1415 643 iam
1457 605 1622 655 pigritia
1651 606 1731 644 sin-

295 679 410 728 gulos
441 677 660 728 sepeliendi
691 678 914 727 promiscue
953 682 1158 715 acervatos
1197 678 1375 716 cumulos
1406 678 1610 716 hominum
1641 690 1730 714 ure—

294 751 403 798 bant,
435 750 721 798 bustorumque
753 749 847 786 inde
879 749 1126 787 Gallicorum
1166 750 1323 787 nomine
1363 749 1559 798 insignem
1599 749 1731 787 locum

254 822 438 859 4fecere.
492 820 666 858 Indutiae
692 821 836 858 deinde
861 834 947 858 cum
972 822 1166 859 Romanis
1197 821 1310 859 factae
1343 825 1382 858 et
1413 821 1614 871 colloquia
1644 833 1731 870 per-

296 894 420 931 missu
451 893 735 942 imperatorum
767 893 926 939 habita3
964 894 1004 930 in
1037 893 1184 943 quibus
1216 906 1337 943 quum
1369 892 1591 930 identidem
1623 891 1733 929 Galli

296 965 435 1002 famem
454 965 672 1001 obiicerent
689 978 812 1014 eaque
830 965 1068 1002 necessitate
1086 965 1136 1002 ad
1154 965 1399 1003 deditionem
1415 967 1617 1013 vocarent,
1634 963 1731 1001 dici-

296 1042 361 1074 tur
377 1036 602 1076 avertendae
619 1038 704 1074 eius
722 1036 923 1086 opinionis
941 1050 1057 1074 causa
1069 1037 1206 1074 multis
1220 1037 1316 1074 locis
1333 1037 1447 1087 panis
1466 1036 1514 1073 de
1524 1035 1732 1085 Capitolio

256 1110 280 1147 5
300 1110 469 1147 iactatus
496 1122 581 1145 esse
608 1109 648 1145 in
674 1109 850 1146 hostium
868 1109 1069 1146 stationes.
1119 1108 1199 1146 Sed
1223 1110 1300 1146 iam
1327 1121 1456 1158 neque
1485 1106 1734 1144 dissimulari

298 1193 424 1230 neque
451 1181 547 1217 ferri
569 1181 678 1218 ultra
702 1181 825 1218 fames
842 1184 1010 1230 poterat.
1055 1181 1200 1230 Itaque
1226 1180 1320 1217 dum
1347 1181 1520 1218 dictator
1546 1178 1736 1216 dilectum

296 1266 367 1302 per
399 1266 438 1289 se
469 1252 617 1288 Ardeae
649 1252 780 1299 habet,
811 1253 1043 1301 magistrum
1069 1253 1247 1302 equitum
1279 1252 1326 1290 L.
1344 1251 1553 1290 Valerium
1580 1249 1734 1288 aVeiis

295 1324 492 1361 adducere
524 1324 742 1361 exercitum
767 1324 891 1373 iubet,
924 1329 1039 1373 parat
1066 1325 1321 1375 instruitque,
1354 1324 1504 1375 quibus
1531 1322 1638 1360 haud
1662 1323 1736 1360 im-

257 1397 281 1433 6
301 1410 373 1446 par
390 1396 598 1433 adoriatur
624 1396 768 1443 hostes,
800 1396 961 1433 interim
980 1395 1230 1445 Capitolinus
1255 1394 1464 1441 exercitus,
1494 1394 1735 1433 stationibus

298 1468 531 1517 vigiliisque
576 1468 713 1515 fessus,
760 1469 959 1518 superatis
990 1472 1125 1505 tamen
1169 1465 1351 1503 humanis
1393 1467 1577 1504 omnibus
1608 1465 1735 1514 malis,

294 1553 416 1589 quum
447 1541 590 1576 famem
622 1554 740 1578 unam
786 1545 930 1578 natura
962 1541 1071 1579 vinci
1104 1554 1183 1578 non
1214 1539 1376 1585 sineret,
1424 1538 1528 1576 diem
1574 1537 1624 1575 de
1671 1537 1736 1575 die

253 1612 277 1647 7
297 1615 567 1660 prospectans,
595 1610 749 1660 ecquod
776 1612 970 1650 auxilium
998 1612 1046 1649 ab
1073 1612 1268 1649 dictatore
1293 1614 1518 1660 appareret,
1533 1614 1735 1660 postremo

294 1695 551 1732 spe-quoque
597 1684 704 1729 iam,
748 1697 828 1720 non
867 1684 992 1721 solum
1033 1684 1121 1721 cibo
1154 1683 1364 1720 deficiente
1408 1686 1457 1729 et,
1495 1696 1617 1732 quum
1657 1684 1734 1719 sta-

293 1755 423 1792 tiones
454 1755 727 1804 procederent,
758 1768 883 1805 prope
915 1755 1175 1792 obruentibus
1207 1754 1406 1791 infirmum
1431 1766 1574 1803 corpus
1601 1752 1736 1814 armis,

294 1827 357 1864 vel
389 1826 483 1863 dedi
515 1827 577 1864 vel
608 1826 753 1863 redimi
785 1840 848 1873 se,
895 1841 1132 1877 quacunque
1169 1826 1355 1877 pactione
1386 1828 1558 1875 possent,
1604 1824 1736 1871 iussit,

294 1900 534 1936 iactantibus
566 1912 645 1935 non
677 1899 842 1936 obscure
874 1897 1022 1945 Gallis,
1053 1899 1158 1936 haud
1199 1912 1343 1947 magna
1381 1897 1562 1935 mercede
1593 1911 1634 1935 se
1665 1897 1735 1935 ad-

255 1970 281 2007 8
301 1971 392 2008 duci
423 1984 549 2021 posse,
583 1974 627 2006 ut
659 1970 907 2008 obsidionem
939 1971 1179 2020 relinquant.
1241 1970 1344 2007 Tum
1367 1973 1528 2008 senatus
1560 1968 1734 2017 habitus,

296 2043 548 2092 tribunisque
582 2043 753 2079 militum
783 2043 987 2091 negotium
1019 2042 1167 2089 datum,
1198 2046 1244 2080 ut
1274 2042 1586 2092 paciscerentur.
1632 2040 1733 2078 Inde

297 2116 399 2152 inter
431 2115 477 2162 Q.
511 2113 734 2163 Sulpicium
773 2115 978 2151 tribunum
1018 2115 1194 2151 militum
1225 2117 1264 2151 et
1303 2113 1504 2151 Brennum
1550 2112 1733 2162 regulum

298 2186 508 2224 Gallorum
542 2187 739 2235 colloquio
771 2190 975 2223 transacta
1006 2200 1067 2223 res
1099 2190 1176 2232 est,
1224 2189 1264 2223 et
1308 2186 1420 2223 mille
1465 2184 1597 2234 pondo
1643 2184 1731 2222 auri

256 2259 278 2294 9
297 2258 468 2308 pretium
499 2258 641 2308 populi
673 2259 858 2306 gentibus
891 2272 980 2295 mox
1014 2258 1250 2308 imperaturi
1281 2258 1440 2296 factum.
1491 2257 1568 2294 Rei
1598 2257 1732 2294 foedis-

296 2330 404 2367 simae
436 2343 507 2379 per
539 2342 579 2366 se
611 2330 766 2367 adiecta
799 2330 1019 2378 indignitas
1052 2333 1128 2367 est:
1164 2330 1352 2379 pondera·
1374 2328 1424 2365 ab
1450 2327 1584 2366 Gallis
1609 2328 1734 2366 allata

299 2403 434 2451 iniqua
452 2406 500 2448 et,
530 2402 693 2438 tribuno
711 2406 929 2448 recusante,
954 2401 1115 2438 additus
1143 2401 1191 2438 ab
1210 2401 1405 2438 insolente
1424 2400 1544 2438 Gallo
1560 2399 1730 2450 ponderi

297 2473 468 2522 gladius,
501 2474 716 2523 auditaque
740 2473 995 2510 intoleranda
1021 2473 1212 2510 Romanis
1242 2486 1333 2520 VOX,
1363 2486 1422 2510 vae
1453 2472 1570 2512 vietis
1601 2470 1732 2524 [esse].

166 2539 227 2587 49
415 2544 494 2582 Sed
527 2545 647 2595 dique
677 2548 717 2582 et
747 2545 926 2582 homines
957 2546 1199 2595 prohibuere
1228 2545 1456 2594 redemptos
1482 2543 1617 2580 vivere
1648 2542 1731 2580 Ro-

299 2630 444 2654 manos.
503 2617 604 2655 Nam
635 2617 738 2654 forte
778 2616 959 2666 quadam,
998 2618 1231 2666 priusquam
1268 2614 1432 2652 infanda
1461 2627 1610 2652 merces
1640 2626 1730 2663 per·

297 2688 492 2736 ficeretur,
525 2703 595 2739 per
626 2689 925 2726 altercationem
955 2688 1129 2725 nondum
1162 2687 1269 2725 omni
1300 2700 1396 2725 auro
1428 2699 1614 2736 appenso,
1647 2685 1729 2723 dic-

1814 2658 1821 2675 ε

1814 2687 1821 2714 J
