1821 2928
783 125 898 160 Liber
922 125 951 160 Ι.
1533 127 1586 165 23

151 255 283 302 Tullo,
314 253 504 298 dicturos,
537 253 606 289 sed
625 252 793 302 imperio
811 252 964 301 subigi3
997 264 1060 289 res
1087 251 1305 301 repetitum
1336 264 1377 289 se
1407 251 1585 297 venisse;

149 327 195 364 ni
210 326 445 373 reddantur,
463 324 615 362 bellum
632 323 808 361 indicere
828 323 966 361 iussos.
999 323 1068 361 Ad
1081 323 1163 360 haec
1175 323 1317 361 Tullus
1339 322 1583 370 „Nuntiate“
1607 319 1628 355 7

152 398 284 449 inquit
317 397 428 448 „regi
457 399 603 440 vestro,
634 408 766 444 regem
792 394 1015 432 Romanum
1048 394 1141 432 deos
1171 395 1302 433 facere
1334 398 1467 444 testes,
1500 398 1589 432 uter

151 470 263 521 prius
293 469 465 520 populus
495 479 558 505 res
590 470 816 517 repetentes
847 466 1000 516 legatos
1031 470 1264 516 aspernatus
1297 466 1506 512 dimiserit,
1546 470 1589 504 ut

153 541 197 578 in
228 554 315 578 eum
348 553 482 579 omnes
515 541 704 588 expetant
735 538 900 576 huiusce
933 537 1066 575 clades
1099 537 1236 578 belli.“
1285 538 1384 576 Haec
1401 538 1591 576 nuntiant
1673 529 1729 579 23

149 612 312 650 domum
343 611 508 649 Albani.
568 610 621 647 Et
665 610 813 647 bellum
853 611 1042 660 utrinque
1073 623 1224 648 summa
1257 623 1330 660 ope
1361 610 1590 660 parabatur,

152 683 265 722 civili
289 683 538 721 simillimum
565 681 683 730 bello,
718 694 841 732 prope
870 682 974 719 inter
1000 685 1184 732 parentes
1210 684 1416 731 natosque,
1449 681 1589 720 Troia-

152 768 244 793 nam
275 758 483 804 utramque
514 753 681 803 prolem,
715 766 836 802 quum
868 753 1082 791 Lavinium
1116 753 1164 790 ab
1182 752 1317 799 Troia,
1351 753 1400 791 ab
1418 753 1589 792 Lavinio

151 826 275 873 Alba,
321 827 371 864 ab
402 825 660 863 Albanorum
705 825 830 875 stirpe
876 838 1014 874 regum
1046 825 1210 863 oriundi
1241 824 1414 863 Romani
1447 829 1590 863 essent.

151 898 331 937 Eventus
375 901 510 935 tamen
555 897 653 934 belli
683 897 814 934 minus
846 897 1119 935 miserabilem
1151 897 1452 934 dimicationem
1484 896 1591 943 fecit,
1610 891 1633 927 2

151 969 260 1020 quod
306 982 377 1007 nec
415 969 499 1006 acie
531 972 724 1007 certatum
756 973 814 1006 est
846 972 898 1017 et,
944 969 1062 1006 tectis
1093 969 1211 1006 modo
1244 968 1393 1006 dirutis
1426 968 1591 1006 alterius

151 1042 276 1088 urbis,
303 1042 381 1079 duo
406 1041 544 1091 populi
570 1041 610 1078 in
627 1054 748 1078 unum
766 1040 921 1078 confusi
939 1044 1044 1079 sunt.
1091 1040 1246 1078 Albani
1263 1040 1417 1090 priores
1436 1040 1590 1090 ingenti
1609 1037 1632 1074 3

153 1113 332 1151 exercitu
364 1114 404 1150 in
437 1126 575 1162 agrum
592 1112 817 1150 Romanum
849 1113 1040 1163 impetum
1059 1112 1200 1150 fecere.
1249 1111 1391 1150 Castra
1416 1112 1465 1150 ab
1491 1112 1591 1149 urbe

152 1183 261 1222 haud
291 1185 382 1235 plus
415 1185 592 1234 quinque
624 1184 753 1222 millia
784 1197 973 1235 passuum
1005 1185 1149 1231 locant,
1188 1184 1294 1221 fossa
1326 1184 1592 1230 circumdant;

151 1256 258 1294 fossa
275 1255 425 1294 Cluilia
450 1257 498 1294 ab
523 1256 683 1294 nomine
708 1256 819 1293 ducis
845 1269 916 1306 per
941 1256 1095 1305 aliquot
1119 1256 1264 1294 saeoula
1289 1256 1493 1306 appellata
1518 1258 1590 1303 est,

153 1327 279 1366 donec
311 1341 397 1365 cum
429 1341 472 1365 re
497 1341 640 1365 nomen
665 1341 821 1377 quoque
844 1331 1043 1365 vetustate
1068 1327 1257 1365 abolevit.
1289 1327 1338 1364 In
1364 1327 1425 1364 his
1451 1327 1593 1364 castris
1611 1321 1635 1358 4

153 1399 325 1437 Cluilius
357 1399 541 1437 Albanus
587 1413 659 1436 rex
705 1399 890 1445 moritur3
939 1399 1176 1437 dictatorem
1218 1400 1371 1437 Albani
1403 1398 1591 1436 Mettium

151 1471 355 1509 Fufetium
381 1475 528 1508 creant.
576 1471 746 1508 Interim
772 1470 915 1508 Tullus
938 1470 1064 1520 ferox,
1097 1472 1297 1521 praecipue
1321 1474 1449 1508 morte
1472 1471 1591 1520 regis,

151 1555 416 1592 magnumque
463 1542 627 1580 deorum
674 1555 818 1579 numen
865 1542 914 1579 ab
953 1543 1040 1592 ipso
1073 1543 1205 1593 capite
1238 1556 1371 1581 orsum
1403 1543 1445 1580 in
1477 1556 1591 1580 omne

150 1627 293 1651 nomen
325 1613 531 1651 Albanum
564 1614 836 1664 expetiturum
875 1627 1012 1663 poenas
1044 1615 1094 1652 ob
1125 1615 1276 1653 bellum
1308 1615 1475 1664 impium
1508 1613 1590 1651 dic-

149 1686 287 1734 titans,
305 1689 420 1723 nocte
437 1685 652 1735 praeteritis
671 1685 844 1723 hostium
863 1687 1017 1735 castris,
1036 1686 1180 1724 infesto
1199 1687 1376 1725 exercitu
1396 1686 1439 1723 in
1451 1699 1591 1736 agrum

151 1757 357 1795 Albanum
387 1757 530 1806 pergit.
578 1757 638 1794 Ea
668 1770 732 1794 res
764 1758 812 1794 ab
845 1757 1003 1795 stativis
1036 1758 1184 1797 excivit
1200 1758 1401 1796 Mettium.
1449 1758 1589 1807 Ducit,
1609 1755 1632 1793 5

150 1841 230 1878 qua
255 1829 433 1878 proxime
458 1828 506 1865 ad
532 1829 684 1866 hostem
711 1832 866 1878 potest3
895 1828 987 1866 inde
1014 1830 1191 1878 legatum
1215 1830 1467 1880 praemissum
1492 1844 1590 1867 nun—

153 1900 256 1937 tiare
273 1899 391 1937 Tullo
425 1900 548 1946 iubet,
580 1900 812 1949 priusquam
830 1900 1033 1947 dimicent,
1066 1914 1166 1951 opus
1199 1915 1282 1939 esse
1301 1902 1525 1952 colloqui03
1557 1902 1590 1940 si

148 1984 281 2009 secum
314 1984 548 2020 congressus
579 1971 643 2021 sit,
677 1971 773 2008 satis
804 1972 906 2009 scire
939 1985 985 2010 ea
1016 1986 1056 2010 se
1088 1973 1314 2020 allaturum,
1348 1987 1435 2023 quae
1460 1974 1589 2012 nihilo

149 2043 281 2080 minus
306 2042 356 2079 ad
380 2055 461 2080 rem
489 2042 709 2080 Romanam
737 2056 853 2092 quam
887 2044 937 2081 ad
955 2043 1159 2083 Albanam
1177 2045 1419 2095 pertineant.
1466 2044 1588 2082 Haud
1608 2046 1631 2083 6

151 2118 388 2164 aspernatus
405 2113 559 2161 Tullus,
582 2115 741 2152 tametsi
759 2128 863 2153 vana
888 2115 1023 2153 afferri
1041 2116 1217 2163 rebatur,
1238 2117 1280 2154 in
1297 2117 1424 2155 aciem
1443 2116 1589 2155 educit.

148 2185 310 2223 Exeunt
354 2189 492 2223 contra
524 2189 560 2223 et
593 2185 757 2224 Albani.
819 2187 1040 2238 Postquam
1073 2188 1260 2226 instructi
1291 2189 1481 2239 utrinque
1513 2192 1589 2227 sta-

148 2257 256 2303 bant,
289 2270 376 2294 cum
408 2256 545 2307 paucis
576 2270 787 2306 procerum
818 2260 858 2296 in
891 2259 1064 2297 medium
1099 2260 1218 2299 duces
1237 2261 1471 2311 procedunt.
1520 2260 1586 2298 Ibi
1607 2258 1629 2293 7

148 2327 237 2366 infit
266 2329 470 2366 Albanus:
506 2328 707 2374 „Iniurias
739 2334 779 2367 et
810 2343 888 2368 non
920 2331 1099 2369 redditas
1130 2346 1193 2370 res
1226 2346 1273 2370 ex
1305 2331 1467 2381 foedere,
1501 2345 1588 2381 quae

147 2400 329 2450 repetitae
361 2401 452 2447 sint,
484 2403 523 2437 et
554 2413 626 2449 ego
658 2414 793 2450 regem
820 2406 1003 2440 nostrum
1022 2402 1214 2442 Cluilium
1240 2417 1398 2442 causam
1425 2404 1587 2440 huiusce

147 2483 235 2509 esse
265 2471 363 2509 belli
395 2472 554 2510 audisse
585 2472 740 2510 videor,
767 2487 839 2511 nec
870 2478 909 2511 te
942 2474 1098 2524 dubito,
1130 2475 1262 2524 Tulle,
1296 2475 1432 2513 eadem
1450 2486 1531 2523 prae
1549 2477 1588 2511 te

147 2542 270 2590 ferre;
315 2543 383 2581 sed
415 2544 449 2580 si
480 2556 574 2581 vera
606 2545 740 2594 potius
773 2558 889 2594 quam
924 2545 1033 2584 dictu
1067 2548 1245 2597 speciosa
1278 2546 1450 2584 dicenda
1481 2547 1586 2594 sunt,

145 2614 291 2664 cupido
325 2615 485 2665 imperii
517 2615 614 2653 duos
646 2620 835 2665 cognatos
861 2617 1096 2667 vicinosque
1120 2618 1290 2668 populos
1315 2616 1365 2654 ad
1382 2629 1493 2653 arma
1517 2615 1586 2653 sti-

146 2685 285 2726 mulat.
333 2686 486 2736 Neque,
515 2690 624 2725 recte
642 2700 694 2724 an
711 2701 937 2738 perperam,
971 2690 1236 2739 interpretor:
1268 2687 1390 2725 fuerit
1409 2688 1485 2725 ista
1503 2687 1586 2725 eius
1604 2688 1630 2725 8
