1821 2928
328 101 407 137 242
714 96 827 131 Liber
850 96 918 131 iv.
967 96 1027 140 (A.
1053 108 1087 130 u.
1113 107 1142 131 ο.
1168 97 1375 140 ees-340.)

327 224 477 270 Prisco,
510 223 615 273 quod
647 236 725 261 non
756 223 1033 271 degenerasset
1062 224 1112 261 ab
1139 223 1264 272 stirpe
1290 223 1472 270 Claudia,
1504 223 1754 262 collaudante

327 296 521 340 iuvenem,
553 295 756 344 negotium
787 294 915 342 datur,
945 297 1001 342 ut,
1034 307 1131 344 quos
1165 294 1331 344 quisque
1346 298 1489 344 posset,
1521 308 1569 333 ex
1585 295 1753 345 collegio

260 366 305 403 11
327 366 580 403 tribunorum
611 366 662 404 ad
686 366 1007 403 intercessionem
1030 365 1275 415 pellicerent.
1319 366 1444 404 Misso
1460 369 1611 414 senatu,
1640 379 1755 416 pren—

325 441 463 475 santur
487 437 536 475 ab
560 437 816 488 principibus
832 437 996 475 tribuni.
1042 435 1265 484 Suadendo,
1298 437 1492 475 monendo
1509 437 1754 488 pollicendo·

326 522 413 557 que,
446 512 604 557 gratum
631 509 672 546 id
689 509 860 558 singulis
877 508 1079 558 privatim,
1111 512 1268 557 gratum
1286 509 1471 546 universo
1488 509 1644 547 senatui
1659 509 1755 554 fore,

253 580 302 617 12
321 593 387 619 sex
419 580 469 618 ad
501 581 822 618 intercessionem
854 593 1143 630 comparavere.
1199 580 1445 630 Posteroque
1473 581 1538 618 die
1563 593 1684 630 quum
1710 593 1756 617 ex

327 652 546 702 composito
570 653 739 689 relatum
766 652 816 690 ad
840 655 1016 689 senatum
1041 655 1145 689 esset
1168 651 1215 689 de
1242 651 1450 699 seditione,
1477 664 1595 701 quam
1621 651 1755 689 Maeci·

261 722 310 759 13
328 724 405 762 lius
436 723 694 772 Metiliusque
725 723 941 772 largitione
973 723 1136 773 pessimi
1161 723 1332 773 exempli
1356 723 1569 770 concirent,
1599 736 1653 760 eae
1671 736 1756 761 ora-

326 796 456 834 tiones
489 808 511 832 a
541 795 786 845 primoribus
817 798 975 844 patrum
1006 795 1154 833 habitae
1185 798 1288 842 sunt,
1328 798 1374 832 ut
1413 807 1485 844 pro
1516 808 1558 832 se
1589 794 1757 845 quisque

327 868 405 905 iam
436 879 507 904 nec
539 866 749 904 consilium
781 866 860 903 sibi
891 870 1102 917 suppetere
1133 867 1294 914 diceret,
1324 880 1396 904 nec
1426 879 1467 904 se
1496 866 1619 903 ullam
1644 878 1756 916 opem

327 951 489 976 cernere
528 937 645 975 aliam
686 951 852 987 usquam
883 941 1148 988 praeterquam
1179 939 1221 975 in
1251 937 1469 976 tribunicio
1500 937 1669 983 auxilio;
1716 936 1757 974 in

328 1010 414 1047 eius
459 1009 671 1059 potestatis
709 1009 826 1046 fidem
858 1010 1165 1047 circumventam
1196 1022 1281 1047 rem
1311 1009 1525 1059 publicam,
1568 1011 1758 1058 tanquam

261 1079 310 1116 14
329 1081 527 1131 privatum
552 1081 720 1130 inopem,
744 1081 973 1130 confugere;
1007 1081 1243 1131 praeclarum
1262 1081 1361 1131 ipsis
1378 1079 1648 1130 potestatique
1665 1092 1758 1124 esse,

328 1165 407 1190 non
438 1151 487 1190 ad
518 1151 738 1189 vexandum
770 1156 951 1190 senatum
983 1152 1302 1202 discordiamque
1326 1151 1509 1190 ordinum
1527 1149 1758 1189 movendam

328 1225 417 1274 plus
448 1224 489 1260 in
519 1223 727 1261 tribunatu
758 1223 904 1261 virium
937 1237 1021 1262 esse
1052 1237 1170 1273 quam
1202 1224 1252 1261 ad
1282 1223 1544 1261 resistendum
1567 1222 1759 1272 improbis

265 1292 313 1329 15
332 1296 507 1344 collegis.
569 1294 769 1332 Fremitus
807 1294 951 1332 deinde
990 1295 1168 1333 universi
1200 1299 1358 1332 senatus
1391 1297 1514 1341 ortus,
1558 1307 1678 1343 quum
1710 1306 1757 1331 ex

330 1367 514 1405 omnibus
545 1366 728 1415 partibus
759 1367 878 1404 curiae
908 1367 1064 1405 tribuni
1095 1367 1406 1417 appellarentur.
1465 1365 1566 1403 Tum
1597 1365 1758 1404 silentio

330 1439 434 1476 facto
466 1437 507 1484 ii,
539 1438 607 1486 qui
636 1438 850 1488 praeparati
883 1442 996 1476 erant
1025 1438 1156 1487 gratia
1182 1438 1421 1488 principum,
1451 1449 1569 1487 quam
1585 1435 1758 1485 rogatio-

330 1523 420 1547 nem
450 1523 474 1548 a
504 1509 669 1558 collegis
699 1511 992 1559 promulgatam
1027 1513 1186 1548 senatus
1218 1512 1376 1547 censeat
1406 1508 1672 1546 dissolvendae
1701 1507 1760 1544 rei

262 1578 311 1615 16
330 1581 501 1631 publicae
532 1594 628 1627 esse,
659 1581 695 1617 ei
727 1594 768 1618 se
800 1581 1086 1619 intercessuros
1117 1581 1339 1619 ostendunt.
1386 1579 1541 1618 Gratiae
1571 1579 1758 1616 interces-

329 1652 485 1690 soribus
517 1652 565 1689 ab
598 1655 737 1689 senatu
753 1656 861 1689 actae.
909 1652 1076 1690 Latores
1093 1652 1324 1701 rogationis,
1356 1651 1539 1689 contione
1555 1650 1757 1694 advocata,

328 1723 554 1774 proditores
591 1723 722 1772 plebis
762 1724 1055 1761 commodorum
1088 1736 1132 1760 ac
1163 1736 1296 1761 servos
1327 1722 1594 1760 consularium
1625 1721 1757 1771 appel-

328 1796 455 1833 lantes
501 1795 658 1844 aliaque
704 1795 808 1832 truci
853 1795 1033 1833 oratione
1073 1796 1112 1832 in
1155 1795 1327 1843 collegas
1360 1794 1519 1840 invecti,
1564 1793 1758 1831 actionem

330 1867 562 1917 deposuere.

195 1933 251 1979 49
446 1938 540 1976 Duo
571 1937 678 1974 bella
707 1938 919 1987 insequens
949 1951 1076 1975 annus
1107 1938 1322 1985 habuisset,
1362 1950 1440 1987 quo
1471 1937 1518 1975 P.
1549 1934 1758 1974 Cornelius

126 2007 230 2077 21¹¹&
250 2008 308 2076 filg-
330 2009 485 2055 Cossus,
517 2008 559 2046 O.
592 2008 778 2047 Valerius
811 2008 983 2056 Potitus,
1015 2009 1062 2056 Q.
1095 2009 1305 2057 Quinctius
1337 2008 1611 2055 Cincinnatus,
1640 2005 1756 2045 Num.

329 2080 478 2118 Fabius
496 2079 722 2118 Vibulanus
751 2081 904 2118 tribuni
936 2081 1107 2118 militum
1139 2081 1339 2119 consulari
1363 2082 1561 2130 potestate
1586 2079 1757 2124 fuerunt,

289 2153 312 2188 2
330 2152 372 2188 ni
388 2150 537 2189 Veiens
567 2152 714 2188 bellum
747 2152 892 2200 religio
924 2152 1148 2202 principum
1183 2152 1415 2198 distulisset,
1446 2163 1613 2202 quorum
1640 2161 1757 2198 agros

329 2221 487 2259 Tiberis
528 2235 646 2272 super
683 2223 791 2272 ripas
823 2223 968 2261 effusus
999 2224 1170 2261 maxime
1201 2223 1329 2262 ruinis
1358 2223 1543 2262 villarum
1573 2219 1754 2260 vastavit.

293 2294 316 2330 3
334 2292 463 2331 Simul
479 2293 632 2343 AEquos
662 2294 837 2331 triennio
869 2298 960 2332 ante
990 2298 1154 2345 accepta
1185 2296 1318 2334 clades
1348 2293 1556 2345 probibuit
1579 2291 1755 2336 Bolanis,

289 2366 412 2402 4suae
457 2364 587 2413 gentis
632 2365 791 2413 populo,
835 2366 1065 2414 praesidium
1103 2367 1219 2405 ferre.
1279 2366 1549 2404 Excursiones
1589 2362 1682 2401 inde
1713 2362 1753 2399 in

331 2435 523 2474 confinem
577 2447 712 2483 agrum
759 2435 1003 2474 Lavicanum
1050 2438 1165 2475 factae
1210 2442 1323 2476 erant
1366 2437 1558 2486 novisque
1602 2433 1753 2472 colonis

291 2506 480 2544 5bellum
525 2505 690 2545 illatum.
751 2506 878 2553 Quam
923 2522 1067 2545 noxam
1112 2522 1232 2558 quum
1276 2523 1318 2547 se
1357 2519 1548 2546 consensu
1578 2505 1752 2544 omnium

331 2577 554 2626 AEquorum
586 2576 818 2615 defensuros
849 2582 1084 2627 sperassent,
1118 2580 1263 2618 deserti
1292 2580 1341 2617 ab
1372 2579 1466 2626 suis,
1497 2590 1545 2615 ne
1561 2588 1751 2614 memora-

329 2647 405 2685 bili
436 2647 595 2698 quidem
625 2647 743 2694 bello,
773 2661 843 2698 per
874 2649 1125 2687 obsidionem
1156 2651 1359 2699 levemque
1390 2661 1507 2687 unam
1522 2660 1696 2698 pugnam
1713 2652 1751 2685 et
