<?xml version="1.0" encoding="UTF-8"?>
<!DOCTYPE html PUBLIC "-//W3C//DTD XHTML 1.0 Transitional//EN"
    "http://www.w3.org/TR/xhtml1/DTD/xhtml1-transitional.dtd">
<html xmlns="http://www.w3.org/1999/xhtml" xml:lang="en" lang="en">
 <head>
  <title>
</title>
<meta http-equiv="Content-Type" content="text/html;charset=utf-8" />
  <meta name='ocr-system' content='tesseract 3.04.00' />
  <meta name='ocr-capabilities' content='ocr_page ocr_carea ocr_par ocr_line ocrx_word'/>
</head>
<body>
  <div class='ocr_page' id='page_1' title='image "./historiarumroman01livyuoft_0414.png"; bbox 0 0 1821 2928; ppageno 0'>
   <div class='ocr_carea' id='block_1_1' title="bbox 386 167 1261 205">
    <p class='ocr_par' dir='ltr' id='par_1_1' title="bbox 386 167 1261 205">
     <span class='ocr_line' id='line_1_1' title="bbox 386 167 1261 205; baseline -0.005 -1"><span class='ocrx_word' id='word_1_1' title='bbox 386 167 440 204; x_wconf 88' lang='grc'>60</span> <span class='ocrx_word' id='word_1_2' title='bbox 821 175 911 202; x_wconf 75' lang='lat' dir='ltr'>Liber</span> <span class='ocrx_word' id='word_1_3' title='bbox 928 175 996 200; x_wconf 88' lang='lat' dir='ltr'>vn.</span> <span class='ocrx_word' id='word_1_4' title='bbox 1033 175 1081 204; x_wconf 76' lang='lat' dir='ltr'>(A.</span> <span class='ocrx_word' id='word_1_5' title='bbox 1101 182 1128 200; x_wconf 86' lang='lat' dir='ltr'>u.</span> <span class='ocrx_word' id='word_1_6' title='bbox 1147 183 1172 200; x_wconf 75' lang='lat' dir='ltr'>c.</span> <span class='ocrx_word' id='word_1_7' title='bbox 1192 175 1261 205; x_wconf 77' lang='lat'><strong>396.)</strong></span> 
     </span>
    </p>
   </div>
   <div class='ocr_carea' id='block_1_2' title="bbox 197 287 1757 2653">
    <p class='ocr_par' dir='ltr' id='par_1_2' title="bbox 197 287 1757 1158">
     <span class='ocr_line' id='line_1_2' title="bbox 328 287 1754 340; baseline -0.002 -12"><span class='ocrx_word' id='word_1_8' title='bbox 328 290 462 340; x_wconf 87' lang='lat' dir='ltr'>agenti</span> <span class='ocrx_word' id='word_1_9' title='bbox 503 290 582 327; x_wconf 84' lang='lat' dir='ltr'>sibi</span> <span class='ocrx_word' id='word_1_10' title='bbox 624 290 672 328; x_wconf 90' lang='lat' dir='ltr'>de</span> <span class='ocrx_word' id='word_1_11' title='bbox 713 291 808 328; x_wconf 88' lang='lat' dir='ltr'>caelo</span> <span class='ocrx_word' id='word_1_12' title='bbox 849 290 1121 328; x_wconf 86' lang='lat' dir='ltr'>devolaturam</span> <span class='ocrx_word' id='word_1_13' title='bbox 1163 289 1204 326; x_wconf 90' lang='lat' dir='ltr'>in</span> <span class='ocrx_word' id='word_1_14' title='bbox 1245 289 1375 326; x_wconf 87' lang='lat' dir='ltr'>sinum</span> <span class='ocrx_word' id='word_1_15' title='bbox 1415 287 1627 326; x_wconf 84' lang='lat' dir='ltr'>victoriam</span> <span class='ocrx_word' id='word_1_16' title='bbox 1667 300 1754 325; x_wconf 87' lang='lat' dir='ltr'>cen-</span> 
     </span>
     <span class='ocr_line' id='line_1_3' title="bbox 328 355 1756 407; baseline -0.002 -11"><span class='ocrx_word' id='word_1_17' title='bbox 328 362 422 397; x_wconf 81' lang='lat' dir='ltr'>seat.</span> <span class='ocrx_word' id='word_1_18' title='bbox 480 358 631 396; x_wconf 87' lang='lat' dir='ltr'>Eadem</span> <span class='ocrx_word' id='word_1_19' title='bbox 677 358 822 396; x_wconf 89' lang='lat' dir='ltr'>deinde</span> <span class='ocrx_word' id='word_1_20' title='bbox 867 358 953 395; x_wconf 87' lang='lat' dir='ltr'>haec</span> <span class='ocrx_word' id='word_1_21' title='bbox 999 357 1178 394; x_wconf 74' lang='lat' dir='ltr'>interdiu</span> <span class='ocrx_word' id='word_1_22' title='bbox 1223 357 1432 407; x_wconf 84' lang='lat' dir='ltr'>propalam</span> <span class='ocrx_word' id='word_1_23' title='bbox 1471 369 1516 394; x_wconf 85' lang='lat' dir='ltr'>ac</span> <span class='ocrx_word' id='word_1_24' title='bbox 1560 355 1756 393; x_wconf 82' lang='lat' dir='ltr'><strong>ferociora</strong></span> 
     </span>
     <span class='ocr_line' id='line_1_4' title="bbox 328 423 1755 475; baseline -0.003 -11"><span class='ocrx_word' id='word_1_25' title='bbox 328 427 391 464; x_wconf 90' lang='lat' dir='ltr'>his</span> <span class='ocrx_word' id='word_1_26' title='bbox 444 427 610 464; x_wconf 85' lang='lat' dir='ltr'>iactare:</span> <span class='ocrx_word' id='word_1_27' title='bbox 657 440 696 463; x_wconf 88' lang='lat' dir='ltr'>se</span> <span class='ocrx_word' id='word_1_28' title='bbox 748 426 903 464; x_wconf 87' lang='lat' dir='ltr'>iniussu</span> <span class='ocrx_word' id='word_1_29' title='bbox 956 425 1210 475; x_wconf 82' lang='lat' dir='ltr'>imperatoris</span> <span class='ocrx_word' id='word_1_30' title='bbox 1255 428 1325 462; x_wconf 82' lang='lat' dir='ltr'>aut</span> <span class='ocrx_word' id='word_1_31' title='bbox 1377 423 1635 461; x_wconf 86' lang='lat' dir='ltr'>dimicaturos</span> <span class='ocrx_word' id='word_1_32' title='bbox 1686 426 1755 462; x_wconf 87' lang='lat' dir='ltr'>aut</span> 
     </span>
     <span class='ocr_line' id='line_1_5' title="bbox 260 491 1755 543; baseline -0.002 -12"><span class='ocrx_word' id='word_1_33' title='bbox 260 495 309 531; x_wconf 81' lang='lat'>14</span> <span class='ocrx_word' id='word_1_34' title='bbox 326 496 484 543; x_wconf 86' lang='lat' dir='ltr'>agmine</span> <span class='ocrx_word' id='word_1_35' title='bbox 513 495 684 532; x_wconf 82' lang='lat' dir='ltr'>Romam</span> <span class='ocrx_word' id='word_1_36' title='bbox 722 494 859 532; x_wconf 82' lang='lat' dir='ltr'>itm-os.</span> <span class='ocrx_word' id='word_1_37' title='bbox 917 493 1219 543; x_wconf 81' lang='lat' dir='ltr'>Immiscerique</span> <span class='ocrx_word' id='word_1_38' title='bbox 1258 492 1457 530; x_wconf 74' lang='lat' dir='ltr'>militibus</span> <span class='ocrx_word' id='word_1_39' title='bbox 1495 491 1755 537; x_wconf 81' lang='lat' dir='ltr'>centuriones,</span> 
     </span>
     <span class='ocr_line' id='line_1_6' title="bbox 328 559 1754 611; baseline -0.003 -11"><span class='ocrx_word' id='word_1_40' title='bbox 328 563 456 600; x_wconf 88' lang='lat' dir='ltr'>necin</span> <span class='ocrx_word' id='word_1_41' title='bbox 482 561 645 599; x_wconf 83' lang='lat' dir='ltr'>circulis</span> <span class='ocrx_word' id='word_1_42' title='bbox 669 562 784 600; x_wconf 91' lang='lat' dir='ltr'>modo</span> <span class='ocrx_word' id='word_1_43' title='bbox 809 563 985 609; x_wconf 88' lang='lat' dir='ltr'>fremere,</span> <span class='ocrx_word' id='word_1_44' title='bbox 1015 561 1083 599; x_wconf 92' lang='lat' dir='ltr'>sed</span> <span class='ocrx_word' id='word_1_45' title='bbox 1115 560 1253 599; x_wconf 83' lang='lat' dir='ltr'>iamin</span> <span class='ocrx_word' id='word_1_46' title='bbox 1277 560 1490 611; x_wconf 84' lang='lat' dir='ltr'>principiis</span> <span class='ocrx_word' id='word_1_47' title='bbox 1506 573 1551 598; x_wconf 87' lang='lat' dir='ltr'>ac</span> <span class='ocrx_word' id='word_1_48' title='bbox 1566 559 1754 610; x_wconf 85' lang='lat' dir='ltr'>praetorio</span> 
     </span>
     <span class='ocr_line' id='line_1_7' title="bbox 330 627 1754 680; baseline -0.003 -12"><span class='ocrx_word' id='word_1_49' title='bbox 330 631 370 668; x_wconf 88' lang='lat' dir='ltr'>in</span> <span class='ocrx_word' id='word_1_50' title='bbox 400 645 522 669; x_wconf 89' lang='lat' dir='ltr'>unum</span> <span class='ocrx_word' id='word_1_51' title='bbox 552 644 750 669; x_wconf 83' lang='lat' dir='ltr'>sermones</span> <span class='ocrx_word' id='word_1_52' title='bbox 773 630 977 678; x_wconf 85' lang='lat' dir='ltr'>confundi,</span> <span class='ocrx_word' id='word_1_53' title='bbox 1007 634 1126 680; x_wconf 87' lang='lat' dir='ltr'>atque</span> <span class='ocrx_word' id='word_1_54' title='bbox 1150 631 1191 668; x_wconf 87' lang='lat' dir='ltr'>in</span> <span class='ocrx_word' id='word_1_55' title='bbox 1217 629 1414 668; x_wconf 86' lang='lat' dir='ltr'>contionis</span> <span class='ocrx_word' id='word_1_56' title='bbox 1437 627 1754 676; x_wconf 79' lang='lat' dir='ltr'>magnitudinem</span> 
     </span>
     <span class='ocr_line' id='line_1_8' title="bbox 328 695 1756 746; baseline -0.004 -9"><span class='ocrx_word' id='word_1_57' title='bbox 328 713 501 737; x_wconf 87' lang='lat' dir='ltr'>crescere</span> <span class='ocrx_word' id='word_1_58' title='bbox 529 699 660 746; x_wconf 86' lang='lat' dir='ltr'>turba,</span> <span class='ocrx_word' id='word_1_59' title='bbox 701 704 740 737; x_wconf 86' lang='lat' dir='ltr'>et</span> <span class='ocrx_word' id='word_1_60' title='bbox 769 699 982 738; x_wconf 88' lang='lat' dir='ltr'>vociferari</span> <span class='ocrx_word' id='word_1_61' title='bbox 1023 712 1069 736; x_wconf 89' lang='lat' dir='ltr'>ex</span> <span class='ocrx_word' id='word_1_62' title='bbox 1111 698 1294 736; x_wconf 86' lang='lat' dir='ltr'>omnibus</span> <span class='ocrx_word' id='word_1_63' title='bbox 1334 697 1444 744; x_wconf 84' lang='lat' dir='ltr'>locis,</span> <span class='ocrx_word' id='word_1_64' title='bbox 1482 700 1528 733; x_wconf 85' lang='lat' dir='ltr'>ut</span> <span class='ocrx_word' id='word_1_65' title='bbox 1557 695 1756 745; x_wconf 83' lang='lat' dir='ltr'>extemplo</span> 
     </span>
     <span class='ocr_line' id='line_1_9' title="bbox 328 763 1756 817; baseline -0.004 -12"><span class='ocrx_word' id='word_1_66' title='bbox 328 767 378 805; x_wconf 89' lang='lat' dir='ltr'>ad</span> <span class='ocrx_word' id='word_1_67' title='bbox 410 767 646 804; x_wconf 82' lang='lat' dir='ltr'>dictatorem</span> <span class='ocrx_word' id='word_1_68' title='bbox 677 767 820 814; x_wconf 79' lang='lat' dir='ltr'>iretur3</span> <span class='ocrx_word' id='word_1_69' title='bbox 850 768 972 806; x_wconf 85' lang='lat' dir='ltr'>verba</span> <span class='ocrx_word' id='word_1_70' title='bbox 1002 781 1075 817; x_wconf 90' lang='lat' dir='ltr'>pro</span> <span class='ocrx_word' id='word_1_71' title='bbox 1099 766 1277 804; x_wconf 84' lang='lat' dir='ltr'>exercitu</span> <span class='ocrx_word' id='word_1_72' title='bbox 1301 766 1448 803; x_wconf 84' lang='lat' dir='ltr'>faceret</span> <span class='ocrx_word' id='word_1_73' title='bbox 1470 763 1560 802; x_wconf 84' lang='lat' dir='ltr'>Sex.</span> <span class='ocrx_word' id='word_1_74' title='bbox 1584 763 1756 809; x_wconf 84' lang='lat' dir='ltr'>Tullius,</span> 
     </span>
     <span class='ocr_line' id='line_1_10' title="bbox 197 831 1754 884; baseline -0.003 -12"><span class='ocrx_word' id='word_1_75' title='bbox 197 832 250 879; x_wconf 78' lang='grc'>13</span> <span class='ocrx_word' id='word_1_76' title='bbox 325 840 370 872; x_wconf 89' lang='lat' dir='ltr'>ut</span> <span class='ocrx_word' id='word_1_77' title='bbox 398 835 547 872; x_wconf 84' lang='lat' dir='ltr'>virtute</span> <span class='ocrx_word' id='word_1_78' title='bbox 579 835 663 872; x_wconf 81' lang='lat' dir='ltr'>eius</span> <span class='ocrx_word' id='word_1_79' title='bbox 695 835 859 884; x_wconf 84' lang='lat' dir='ltr'>dignum</span> <span class='ocrx_word' id='word_1_80' title='bbox 891 839 1003 873; x_wconf 85' lang='lat' dir='ltr'>esset.</span> <span class='ocrx_word' id='word_1_81' title='bbox 1063 833 1285 884; x_wconf 73' lang='lat' dir='ltr'>Septimum</span> <span class='ocrx_word' id='word_1_82' title='bbox 1315 834 1488 884; x_wconf 86' lang='lat' dir='ltr'>primum</span> <span class='ocrx_word' id='word_1_83' title='bbox 1518 832 1645 882; x_wconf 87' lang='lat' dir='ltr'>pilum</span> <span class='ocrx_word' id='word_1_84' title='bbox 1676 831 1754 869; x_wconf 88' lang='lat' dir='ltr'>iam</span> 
     </span>
     <span class='ocr_line' id='line_1_11' title="bbox 328 899 1756 953; baseline -0.004 -12"><span class='ocrx_word' id='word_1_85' title='bbox 328 903 487 941; x_wconf 87' lang='lat' dir='ltr'>Tullius</span> <span class='ocrx_word' id='word_1_86' title='bbox 519 903 700 950; x_wconf 85' lang='lat' dir='ltr'>ducebat,</span> <span class='ocrx_word' id='word_1_87' title='bbox 731 917 859 953; x_wconf 88' lang='lat' dir='ltr'>neque</span> <span class='ocrx_word' id='word_1_88' title='bbox 884 907 970 941; x_wconf 80' lang='lat' dir='ltr'>erat</span> <span class='ocrx_word' id='word_1_89' title='bbox 993 903 1033 940; x_wconf 87' lang='lat' dir='ltr'>in</span> <span class='ocrx_word' id='word_1_90' title='bbox 1053 903 1241 949; x_wconf 85' lang='lat' dir='ltr'>exercitu,</span> <span class='ocrx_word' id='word_1_91' title='bbox 1273 902 1341 952; x_wconf 92' lang='lat' dir='ltr'>qui</span> <span class='ocrx_word' id='word_1_92' title='bbox 1368 901 1531 952; x_wconf 88' lang='lat' dir='ltr'>quidem</span> <span class='ocrx_word' id='word_1_93' title='bbox 1553 899 1756 950; x_wconf 85' lang='lat' dir='ltr'>pedestria</span> 
     </span>
     <span class='ocr_line' id='line_1_12' title="bbox 291 967 1757 1022; baseline -0.004 -13"><span class='ocrx_word' id='word_1_94' title='bbox 291 973 313 1008; x_wconf 73' lang='lat'><strong>2</strong></span> <span class='ocrx_word' id='word_1_95' title='bbox 332 972 537 1022; x_wconf 85' lang='lat' dir='ltr'>stipendia</span> <span class='ocrx_word' id='word_1_96' title='bbox 567 972 735 1018; x_wconf 84' lang='lat' dir='ltr'>fecisset,</span> <span class='ocrx_word' id='word_1_97' title='bbox 765 972 828 1009; x_wconf 84' lang='lat' dir='ltr'>vir</span> <span class='ocrx_word' id='word_1_98' title='bbox 858 971 975 1008; x_wconf 88' lang='lat' dir='ltr'>factis</span> <span class='ocrx_word' id='word_1_99' title='bbox 1006 971 1193 1009; x_wconf 87' lang='lat' dir='ltr'>nobilior.</span> <span class='ocrx_word' id='word_1_100' title='bbox 1252 970 1294 1008; x_wconf 86' lang='lat' dir='ltr'>Is</span> <span class='ocrx_word' id='word_1_101' title='bbox 1324 970 1551 1020; x_wconf 64' lang='lat' dir='ltr'>praecedens</span> <span class='ocrx_word' id='word_1_102' title='bbox 1580 967 1757 1006; x_wconf 85' lang='lat' dir='ltr'>militum</span> 
     </span>
     <span class='ocr_line' id='line_1_13' title="bbox 328 1036 1754 1089; baseline -0.004 -12"><span class='ocrx_word' id='word_1_103' title='bbox 328 1053 470 1089; x_wconf 78' lang='lat' dir='ltr'>agmen</span> <span class='ocrx_word' id='word_1_104' title='bbox 499 1039 550 1077; x_wconf 85' lang='lat' dir='ltr'>ad</span> <span class='ocrx_word' id='word_1_105' title='bbox 580 1040 760 1076; x_wconf 86' lang='lat' dir='ltr'>tribunal</span> <span class='ocrx_word' id='word_1_106' title='bbox 799 1040 944 1089; x_wconf 83' lang='lat' dir='ltr'>pergit,</span> <span class='ocrx_word' id='word_1_107' title='bbox 985 1040 1227 1089; x_wconf 87' lang='lat' dir='ltr'>mirantique</span> <span class='ocrx_word' id='word_1_108' title='bbox 1259 1037 1440 1089; x_wconf 88' lang='lat' dir='ltr'>Sulpicio</span> <span class='ocrx_word' id='word_1_109' title='bbox 1480 1052 1560 1076; x_wconf 90' lang='lat' dir='ltr'>non</span> <span class='ocrx_word' id='word_1_110' title='bbox 1597 1036 1754 1074; x_wconf 82' lang='lat' dir='ltr'>turbam</span> 
     </span>
     <span class='ocr_line' id='line_1_14' title="bbox 328 1104 1755 1158; baseline -0.003 -13"><span class='ocrx_word' id='word_1_111' title='bbox 328 1108 455 1157; x_wconf 87' lang='lat' dir='ltr'>magis</span> <span class='ocrx_word' id='word_1_112' title='bbox 468 1122 585 1158; x_wconf 88' lang='lat' dir='ltr'>quam</span> <span class='ocrx_word' id='word_1_113' title='bbox 600 1108 728 1145; x_wconf 88' lang='lat' dir='ltr'>turbae</span> <span class='ocrx_word' id='word_1_114' title='bbox 746 1108 969 1158; x_wconf 87' lang='lat' dir='ltr'>principem</span> <span class='ocrx_word' id='word_1_115' title='bbox 978 1108 1169 1154; x_wconf 86' lang='lat' dir='ltr'>Tullium,</span> <span class='ocrx_word' id='word_1_116' title='bbox 1187 1107 1368 1157; x_wconf 86' lang='lat' dir='ltr'>imperiis</span> <span class='ocrx_word' id='word_1_117' title='bbox 1385 1104 1755 1144; x_wconf 85' lang='lat' dir='ltr'>obedientissimum</span> 
     </span>
    </p>

    <p class='ocr_par' dir='ltr' id='par_1_3' title="bbox 284 1174 1757 2653">
     <span class='ocr_line' id='line_1_15' title="bbox 289 1174 1756 1225; baseline -0.003 -11"><span class='ocrx_word' id='word_1_118' title='bbox 289 1177 310 1216; x_wconf 83' lang='lat'><strong>3</strong></span> <span class='ocrx_word' id='word_1_119' title='bbox 330 1177 511 1223; x_wconf 89' lang='lat' dir='ltr'>militem,</span> <span class='ocrx_word' id='word_1_120' title='bbox 533 1175 603 1223; x_wconf 82' lang='lat' dir='ltr'>„Si</span> <span class='ocrx_word' id='word_1_121' title='bbox 620 1177 726 1223; x_wconf 79' lang='lat' dir='ltr'>licet,</span> <span class='ocrx_word' id='word_1_122' title='bbox 751 1176 948 1214; x_wconf 83' lang='lat' dir='ltr'>dictator“</span> <span class='ocrx_word' id='word_1_123' title='bbox 970 1176 1112 1225; x_wconf 81' lang='lat' dir='ltr'>inquit,</span> <span class='ocrx_word' id='word_1_124' title='bbox 1147 1176 1475 1222; x_wconf 79' lang='lat' dir='ltr'>„condemnatum</span> <span class='ocrx_word' id='word_1_125' title='bbox 1491 1188 1531 1212; x_wconf 89' lang='lat' dir='ltr'>se</span> <span class='ocrx_word' id='word_1_126' title='bbox 1546 1174 1756 1211; x_wconf 81' lang='lat' dir='ltr'>universus</span> 
     </span>
     <span class='ocr_line' id='line_1_16' title="bbox 329 1240 1754 1294; baseline -0.004 -12"><span class='ocrx_word' id='word_1_127' title='bbox 329 1245 525 1283; x_wconf 81' lang='lat' dir='ltr'>exercitus</span> <span class='ocrx_word' id='word_1_128' title='bbox 557 1259 579 1282; x_wconf 89' lang='lat' dir='ltr'>a</span> <span class='ocrx_word' id='word_1_129' title='bbox 608 1249 648 1282; x_wconf 88' lang='lat' dir='ltr'>te</span> <span class='ocrx_word' id='word_1_130' title='bbox 680 1244 850 1292; x_wconf 85' lang='lat' dir='ltr'>ignaviae</span> <span class='ocrx_word' id='word_1_131' title='bbox 875 1247 986 1281; x_wconf 81' lang='lat' dir='ltr'>ratus</span> <span class='ocrx_word' id='word_1_132' title='bbox 1018 1247 1057 1281; x_wconf 86' lang='lat' dir='ltr'>et</span> <span class='ocrx_word' id='word_1_133' title='bbox 1087 1257 1211 1294; x_wconf 86' lang='lat' dir='ltr'>prope</span> <span class='ocrx_word' id='word_1_134' title='bbox 1241 1243 1472 1292; x_wconf 85' lang='lat' dir='ltr'>ignominiae</span> <span class='ocrx_word' id='word_1_135' title='bbox 1497 1255 1614 1279; x_wconf 87' lang='lat' dir='ltr'>causa</span> <span class='ocrx_word' id='word_1_136' title='bbox 1636 1240 1754 1278; x_wconf 77' lang='lat' dir='ltr'>desti-</span> 
     </span>
     <span class='ocr_line' id='line_1_17' title="bbox 328 1299 1755 1361; baseline -0.004 -10"><span class='ocrx_word' id='word_1_137' title='bbox 328 1317 458 1351; x_wconf 86' lang='lat' dir='ltr'>tutum</span> <span class='ocrx_word' id='word_1_138' title='bbox 490 1314 575 1351; x_wconf 88' lang='lat' dir='ltr'>sine</span> <span class='ocrx_word' id='word_1_139' title='bbox 607 1313 740 1359; x_wconf 81' lang='lat' dir='ltr'>armis,</span> <span class='ocrx_word' id='word_1_140' title='bbox 772 1312 904 1350; x_wconf 85' lang='lat' dir='ltr'>oravit</span> <span class='ocrx_word' id='word_1_141' title='bbox 925 1325 997 1358; x_wconf 89' lang='lat' dir='ltr'>me,</span> <span class='ocrx_word' id='word_1_142' title='bbox 1027 1315 1073 1349; x_wconf 90' lang='lat' dir='ltr'>ut</span> <span class='ocrx_word' id='word_1_143' title='bbox 1095 1326 1205 1349; x_wconf 85' lang='lat' dir='ltr'>suam</span> <span class='ocrx_word' id='word_1_144' title='bbox 1223 1324 1380 1348; x_wconf 86' lang='lat' dir='ltr'>causam</span> <span class='ocrx_word' id='word_1_145' title='bbox 1404 1310 1510 1361; x_wconf 89' lang='lat' dir='ltr'>apud</span> <span class='ocrx_word' id='word_1_146' title='bbox 1531 1313 1571 1347; x_wconf 90' lang='lat' dir='ltr'>te</span> <span class='ocrx_word' id='word_1_147' title='bbox 1587 1299 1755 1358; x_wconf 80' lang='lat' dir='ltr'>agerem.</span> 
     </span>
     <span class='ocr_line' id='line_1_18' title="bbox 284 1377 1756 1431; baseline -0.003 -13"><span class='ocrx_word' id='word_1_148' title='bbox 284 1381 536 1431; x_wconf 66' lang='lat' dir='ltr'>4Equidem,</span> <span class='ocrx_word' id='word_1_149' title='bbox 576 1381 706 1418; x_wconf 88' lang='lat' dir='ltr'>sicubi</span> <span class='ocrx_word' id='word_1_150' title='bbox 746 1382 836 1418; x_wconf 89' lang='lat' dir='ltr'>loco</span> <span class='ocrx_word' id='word_1_151' title='bbox 868 1394 1030 1427; x_wconf 86' lang='lat' dir='ltr'>cessum,</span> <span class='ocrx_word' id='word_1_152' title='bbox 1070 1380 1103 1418; x_wconf 88' lang='lat' dir='ltr'>si</span> <span class='ocrx_word' id='word_1_153' title='bbox 1143 1384 1256 1428; x_wconf 86' lang='lat' dir='ltr'>terga</span> <span class='ocrx_word' id='word_1_154' title='bbox 1288 1379 1381 1416; x_wconf 90' lang='lat' dir='ltr'>data</span> <span class='ocrx_word' id='word_1_155' title='bbox 1419 1378 1536 1425; x_wconf 85' lang='lat' dir='ltr'>hosti,</span> <span class='ocrx_word' id='word_1_156' title='bbox 1576 1378 1610 1414; x_wconf 84' lang='lat' dir='ltr'>si</span> <span class='ocrx_word' id='word_1_157' title='bbox 1641 1377 1756 1425; x_wconf 87' lang='lat' dir='ltr'>signa</span> 
     </span>
     <span class='ocr_line' id='line_1_19' title="bbox 329 1444 1756 1498; baseline -0.004 -12"><span class='ocrx_word' id='word_1_158' title='bbox 329 1450 432 1486; x_wconf 88' lang='lat' dir='ltr'>foede</span> <span class='ocrx_word' id='word_1_159' title='bbox 464 1449 609 1486; x_wconf 83' lang='lat' dir='ltr'>amissa</span> <span class='ocrx_word' id='word_1_160' title='bbox 640 1449 764 1487; x_wconf 88' lang='lat' dir='ltr'>obiici</span> <span class='ocrx_word' id='word_1_161' title='bbox 796 1449 911 1486; x_wconf 83' lang='lat' dir='ltr'>nobis</span> <span class='ocrx_word' id='word_1_162' title='bbox 948 1452 1119 1498; x_wconf 79' lang='lat' dir='ltr'>possent,</span> <span class='ocrx_word' id='word_1_163' title='bbox 1159 1452 1292 1486; x_wconf 83' lang='lat' dir='ltr'>tamen</span> <span class='ocrx_word' id='word_1_164' title='bbox 1322 1448 1396 1485; x_wconf 83' lang='lat' dir='ltr'>hoc</span> <span class='ocrx_word' id='word_1_165' title='bbox 1426 1461 1449 1484; x_wconf 91' lang='lat' dir='ltr'>a</span> <span class='ocrx_word' id='word_1_166' title='bbox 1477 1449 1517 1483; x_wconf 87' lang='lat' dir='ltr'>te</span> <span class='ocrx_word' id='word_1_167' title='bbox 1548 1444 1756 1495; x_wconf 79' lang='lat' dir='ltr'>impetrari</span> 
     </span>
     <span class='ocr_line' id='line_1_20' title="bbox 330 1513 1757 1568; baseline -0.004 -13"><span class='ocrx_word' id='word_1_168' title='bbox 330 1531 485 1568; x_wconf 86' lang='lat' dir='ltr'>aequum</span> <span class='ocrx_word' id='word_1_169' title='bbox 517 1531 725 1563; x_wconf 83' lang='lat' dir='ltr'>censerem,</span> <span class='ocrx_word' id='word_1_170' title='bbox 764 1521 809 1554; x_wconf 83' lang='lat' dir='ltr'>ut</span> <span class='ocrx_word' id='word_1_171' title='bbox 848 1531 918 1555; x_wconf 85' lang='lat' dir='ltr'>nos</span> <span class='ocrx_word' id='word_1_172' title='bbox 957 1518 1106 1554; x_wconf 85' lang='lat' dir='ltr'>virtute</span> <span class='ocrx_word' id='word_1_173' title='bbox 1147 1517 1303 1566; x_wconf 88' lang='lat' dir='ltr'>culpam</span> <span class='ocrx_word' id='word_1_174' title='bbox 1342 1518 1517 1552; x_wconf 86' lang='lat' dir='ltr'>nostram</span> <span class='ocrx_word' id='word_1_175' title='bbox 1557 1513 1757 1562; x_wconf 81' lang='lat' dir='ltr'>corrigere</span> 
     </span>
     <span class='ocr_line' id='line_1_21' title="bbox 292 1580 1755 1634; baseline -0.003 -12"><span class='ocrx_word' id='word_1_176' title='bbox 292 1587 313 1621; x_wconf 78' lang='lat'>5</span> <span class='ocrx_word' id='word_1_177' title='bbox 332 1590 371 1622; x_wconf 87' lang='lat' dir='ltr'>et</span> <span class='ocrx_word' id='word_1_178' title='bbox 401 1586 559 1622; x_wconf 90' lang='lat' dir='ltr'>abolere</span> <span class='ocrx_word' id='word_1_179' title='bbox 581 1585 727 1634; x_wconf 87' lang='lat' dir='ltr'>flagitii</span> <span class='ocrx_word' id='word_1_180' title='bbox 753 1585 981 1623; x_wconf 84' lang='lat' dir='ltr'>memoriam</span> <span class='ocrx_word' id='word_1_181' title='bbox 1005 1599 1106 1623; x_wconf 87' lang='lat' dir='ltr'>nova</span> <span class='ocrx_word' id='word_1_182' title='bbox 1136 1584 1267 1633; x_wconf 86' lang='lat' dir='ltr'>gloria</span> <span class='ocrx_word' id='word_1_183' title='bbox 1289 1583 1494 1634; x_wconf 86' lang='lat' dir='ltr'>patereris.</span> <span class='ocrx_word' id='word_1_184' title='bbox 1538 1582 1675 1620; x_wconf 86' lang='lat' dir='ltr'>Etiam</span> <span class='ocrx_word' id='word_1_185' title='bbox 1705 1580 1755 1618; x_wconf 89' lang='lat' dir='ltr'>ad</span> 
     </span>
     <span class='ocr_line' id='line_1_22' title="bbox 330 1650 1755 1702; baseline -0.003 -12"><span class='ocrx_word' id='word_1_186' title='bbox 330 1653 470 1691; x_wconf 86' lang='lat' dir='ltr'>Aliam</span> <span class='ocrx_word' id='word_1_187' title='bbox 510 1654 605 1690; x_wconf 83' lang='lat' dir='ltr'>fusae</span> <span class='ocrx_word' id='word_1_188' title='bbox 647 1654 824 1702; x_wconf 84' lang='lat' dir='ltr'>legiones</span> <span class='ocrx_word' id='word_1_189' title='bbox 856 1653 1031 1700; x_wconf 85' lang='lat' dir='ltr'>eandem,</span> <span class='ocrx_word' id='word_1_190' title='bbox 1063 1666 1179 1702; x_wconf 89' lang='lat' dir='ltr'>quam</span> <span class='ocrx_word' id='word_1_191' title='bbox 1210 1665 1281 1702; x_wconf 90' lang='lat' dir='ltr'>per</span> <span class='ocrx_word' id='word_1_192' title='bbox 1311 1664 1497 1701; x_wconf 79' lang='lat' dir='ltr'>pavorem</span> <span class='ocrx_word' id='word_1_193' title='bbox 1529 1650 1755 1695; x_wconf 79' lang='lat' dir='ltr'>amiserant,</span> 
     </span>
     <span class='ocr_line' id='line_1_23' title="bbox 330 1719 1753 1771; baseline -0.004 -12"><span class='ocrx_word' id='word_1_194' title='bbox 330 1722 502 1771; x_wconf 85' lang='lat' dir='ltr'>patriam</span> <span class='ocrx_word' id='word_1_195' title='bbox 571 1722 757 1770; x_wconf 79' lang='lat' dir='ltr'>profectae</span> <span class='ocrx_word' id='word_1_196' title='bbox 825 1726 963 1771; x_wconf 83' lang='lat' dir='ltr'>postea</span> <span class='ocrx_word' id='word_1_197' title='bbox 1022 1735 1044 1757; x_wconf 90' lang='lat' dir='ltr'>a</span> <span class='ocrx_word' id='word_1_198' title='bbox 1089 1719 1205 1757; x_wconf 86' lang='lat' dir='ltr'>Veiis</span> <span class='ocrx_word' id='word_1_199' title='bbox 1258 1720 1406 1756; x_wconf 85' lang='lat' dir='ltr'>virtute</span> <span class='ocrx_word' id='word_1_200' title='bbox 1460 1730 1753 1767; x_wconf 86' lang='lat' dir='ltr'>recuperavere.</span> 
     </span>
     <span class='ocr_line' id='line_1_24' title="bbox 331 1785 1756 1838; baseline -0.004 -11"><span class='ocrx_word' id='word_1_201' title='bbox 331 1790 456 1827; x_wconf 83' lang='lat' dir='ltr'>Nobis</span> <span class='ocrx_word' id='word_1_202' title='bbox 488 1790 604 1826; x_wconf 84' lang='lat' dir='ltr'>deum</span> <span class='ocrx_word' id='word_1_203' title='bbox 637 1789 897 1838; x_wconf 83' lang='lat' dir='ltr'>benignitate,</span> <span class='ocrx_word' id='word_1_204' title='bbox 928 1789 1121 1826; x_wconf 83' lang='lat' dir='ltr'>felicitate</span> <span class='ocrx_word' id='word_1_205' title='bbox 1151 1792 1221 1825; x_wconf 86' lang='lat' dir='ltr'>tua</span> <span class='ocrx_word' id='word_1_206' title='bbox 1252 1787 1471 1837; x_wconf 86' lang='lat' dir='ltr'>populique</span> <span class='ocrx_word' id='word_1_207' title='bbox 1501 1785 1686 1832; x_wconf 85' lang='lat' dir='ltr'>Romani,</span> <span class='ocrx_word' id='word_1_208' title='bbox 1717 1788 1756 1822; x_wconf 90' lang='lat' dir='ltr'>et</span> 
     </span>
     <span class='ocr_line' id='line_1_25' title="bbox 291 1852 1755 1907; baseline -0.003 -13"><span class='ocrx_word' id='word_1_209' title='bbox 291 1860 312 1893; x_wconf 63' lang='grc' dir='ltr'>*ὃ</span> <span class='ocrx_word' id='word_1_210' title='bbox 330 1871 391 1895; x_wconf 83' lang='lat' dir='ltr'>res</span> <span class='ocrx_word' id='word_1_211' title='bbox 431 1862 469 1895; x_wconf 90' lang='lat' dir='ltr'>et</span> <span class='ocrx_word' id='word_1_212' title='bbox 509 1858 639 1906; x_wconf 82' lang='lat' dir='ltr'>gloria</span> <span class='ocrx_word' id='word_1_213' title='bbox 679 1862 737 1895; x_wconf 83' lang='lat' dir='ltr'>est</span> <span class='ocrx_word' id='word_1_214' title='bbox 778 1858 951 1906; x_wconf 80' lang='lat' dir='ltr'>integra3</span> <span class='ocrx_word' id='word_1_215' title='bbox 993 1870 1217 1907; x_wconf 85' lang='lat' dir='ltr'>quanquam</span> <span class='ocrx_word' id='word_1_216' title='bbox 1260 1856 1308 1892; x_wconf 92' lang='lat' dir='ltr'>de</span> <span class='ocrx_word' id='word_1_217' title='bbox 1348 1855 1477 1904; x_wconf 85' lang='lat' dir='ltr'>gloria</span> <span class='ocrx_word' id='word_1_218' title='bbox 1514 1854 1584 1891; x_wconf 81' lang='lat' dir='ltr'>vix</span> <span class='ocrx_word' id='word_1_219' title='bbox 1623 1852 1755 1890; x_wconf 87' lang='lat' dir='ltr'>dicere</span> 
     </span>
     <span class='ocr_line' id='line_1_26' title="bbox 331 1920 1755 1973; baseline -0.004 -11"><span class='ocrx_word' id='word_1_220' title='bbox 331 1926 469 1973; x_wconf 86' lang='lat' dir='ltr'>ausim,</span> <span class='ocrx_word' id='word_1_221' title='bbox 511 1926 543 1962; x_wconf 89' lang='lat' dir='ltr'>si</span> <span class='ocrx_word' id='word_1_222' title='bbox 585 1940 655 1963; x_wconf 86' lang='lat' dir='ltr'>nos</span> <span class='ocrx_word' id='word_1_223' title='bbox 697 1930 735 1963; x_wconf 87' lang='lat' dir='ltr'>et</span> <span class='ocrx_word' id='word_1_224' title='bbox 774 1926 905 1963; x_wconf 85' lang='lat' dir='ltr'>hostes</span> <span class='ocrx_word' id='word_1_225' title='bbox 945 1926 1051 1963; x_wconf 90' lang='lat' dir='ltr'>haud</span> <span class='ocrx_word' id='word_1_226' title='bbox 1093 1938 1202 1962; x_wconf 88' lang='lat' dir='ltr'>secus</span> <span class='ocrx_word' id='word_1_227' title='bbox 1233 1937 1351 1973; x_wconf 86' lang='lat' dir='ltr'>qua-m</span> <span class='ocrx_word' id='word_1_228' title='bbox 1391 1922 1558 1959; x_wconf 87' lang='lat' dir='ltr'>feminas</span> <span class='ocrx_word' id='word_1_229' title='bbox 1597 1920 1755 1958; x_wconf 86' lang='lat' dir='ltr'>abditos</span> 
     </span>
     <span class='ocr_line' id='line_1_27' title="bbox 331 1989 1755 2039; baseline -0.004 -9"><span class='ocrx_word' id='word_1_230' title='bbox 331 1994 437 2030; x_wconf 90' lang='lat' dir='ltr'>intra</span> <span class='ocrx_word' id='word_1_231' title='bbox 468 1994 617 2031; x_wconf 78' lang='lat' dir='ltr'>vallum</span> <span class='ocrx_word' id='word_1_232' title='bbox 650 1994 833 2031; x_wconf 86' lang='lat' dir='ltr'>omnibus</span> <span class='ocrx_word' id='word_1_233' title='bbox 865 1993 1118 2031; x_wconf 85' lang='lat' dir='ltr'>contumeliis</span> <span class='ocrx_word' id='word_1_234' title='bbox 1160 1992 1336 2038; x_wconf 88' lang='lat' dir='ltr'>eludunt,</span> <span class='ocrx_word' id='word_1_235' title='bbox 1378 1994 1416 2028; x_wconf 82' lang='lat' dir='ltr'>et</span> <span class='ocrx_word' id='word_1_236' title='bbox 1452 1994 1497 2027; x_wconf 87' lang='lat' dir='ltr'>tu</span> <span class='ocrx_word' id='word_1_237' title='bbox 1538 1989 1755 2039; x_wconf 87' lang='lat' dir='ltr'>imperator</span> 
     </span>
     <span class='ocr_line' id='line_1_28' title="bbox 328 2057 1754 2111; baseline -0.004 -13"><span class='ocrx_word' id='word_1_238' title='bbox 328 2065 472 2107; x_wconf 83' lang='lat' dir='ltr'>noster,</span> <span class='ocrx_word' id='word_1_239' title='bbox 513 2061 619 2110; x_wconf 89' lang='lat' dir='ltr'>quod</span> <span class='ocrx_word' id='word_1_240' title='bbox 652 2062 796 2110; x_wconf 75' lang='lat' dir='ltr'>aegrius</span> <span class='ocrx_word' id='word_1_241' title='bbox 836 2062 1024 2111; x_wconf 87' lang='lat' dir='ltr'>patimur,</span> <span class='ocrx_word' id='word_1_242' title='bbox 1066 2060 1282 2098; x_wconf 85' lang='lat' dir='ltr'>exercitum</span> <span class='ocrx_word' id='word_1_243' title='bbox 1322 2063 1433 2096; x_wconf 85' lang='lat' dir='ltr'>tuum</span> <span class='ocrx_word' id='word_1_244' title='bbox 1474 2058 1559 2095; x_wconf 86' lang='lat' dir='ltr'>sine</span> <span class='ocrx_word' id='word_1_245' title='bbox 1598 2057 1754 2103; x_wconf 81' lang='lat' dir='ltr'>animis,</span> 
     </span>
     <span class='ocr_line' id='line_1_29' title="bbox 330 2127 1754 2176; baseline -0.004 -9"><span class='ocrx_word' id='word_1_246' title='bbox 330 2129 415 2167; x_wconf 86' lang='lat' dir='ltr'>sine</span> <span class='ocrx_word' id='word_1_247' title='bbox 446 2129 578 2175; x_wconf 87' lang='lat' dir='ltr'>armis,</span> <span class='ocrx_word' id='word_1_248' title='bbox 610 2129 694 2166; x_wconf 88' lang='lat' dir='ltr'>sine</span> <span class='ocrx_word' id='word_1_249' title='bbox 726 2129 910 2167; x_wconf 89' lang='lat' dir='ltr'>manibus</span> <span class='ocrx_word' id='word_1_250' title='bbox 941 2129 1097 2166; x_wconf 85' lang='lat' dir='ltr'>iudicas</span> <span class='ocrx_word' id='word_1_251' title='bbox 1115 2142 1196 2166; x_wconf 89' lang='lat' dir='ltr'>esse</span> <span class='ocrx_word' id='word_1_252' title='bbox 1227 2131 1276 2174; x_wconf 82' lang='lat' dir='ltr'>et,</span> <span class='ocrx_word' id='word_1_253' title='bbox 1307 2127 1540 2176; x_wconf 85' lang='lat' dir='ltr'>priusquam</span> <span class='ocrx_word' id='word_1_254' title='bbox 1570 2128 1754 2175; x_wconf 82' lang='lat' dir='ltr'>expertus</span> 
     </span>
     <span class='ocr_line' id='line_1_30' title="bbox 330 2193 1754 2247; baseline -0.003 -13"><span class='ocrx_word' id='word_1_255' title='bbox 330 2211 400 2235; x_wconf 87' lang='lat' dir='ltr'>nos</span> <span class='ocrx_word' id='word_1_256' title='bbox 431 2211 545 2243; x_wconf 84' lang='lat' dir='ltr'>esses,</span> <span class='ocrx_word' id='word_1_257' title='bbox 584 2198 632 2234; x_wconf 87' lang='lat' dir='ltr'>de</span> <span class='ocrx_word' id='word_1_258' title='bbox 662 2197 778 2234; x_wconf 83' lang='lat' dir='ltr'>nobis</span> <span class='ocrx_word' id='word_1_259' title='bbox 812 2198 868 2234; x_wconf 89' lang='lat' dir='ltr'>ita</span> <span class='ocrx_word' id='word_1_260' title='bbox 899 2197 1130 2247; x_wconf 77' lang='lat' dir='ltr'>desperasti,</span> <span class='ocrx_word' id='word_1_261' title='bbox 1167 2200 1212 2232; x_wconf 87' lang='lat' dir='ltr'>ut</span> <span class='ocrx_word' id='word_1_262' title='bbox 1240 2200 1280 2233; x_wconf 90' lang='lat' dir='ltr'>te</span> <span class='ocrx_word' id='word_1_263' title='bbox 1310 2208 1538 2232; x_wconf 83' lang='lat' dir='ltr'>mancorum</span> <span class='ocrx_word' id='word_1_264' title='bbox 1568 2207 1613 2232; x_wconf 87' lang='lat' dir='ltr'>ac</span> <span class='ocrx_word' id='word_1_265' title='bbox 1645 2193 1754 2231; x_wconf 82' lang='lat' dir='ltr'>debi-</span> 
     </span>
     <span class='ocr_line' id='line_1_31' title="bbox 292 2263 1753 2311; baseline -0.003 -10"><span class='ocrx_word' id='word_1_266' title='bbox 292 2267 311 2301; x_wconf 84' lang='lat'>7</span> <span class='ocrx_word' id='word_1_267' title='bbox 330 2266 428 2303; x_wconf 89' lang='lat' dir='ltr'>lium</span> <span class='ocrx_word' id='word_1_268' title='bbox 461 2265 598 2302; x_wconf 89' lang='lat' dir='ltr'>ducem</span> <span class='ocrx_word' id='word_1_269' title='bbox 631 2265 827 2302; x_wconf 84' lang='lat' dir='ltr'>iudicares</span> <span class='ocrx_word' id='word_1_270' title='bbox 859 2279 952 2302; x_wconf 87' lang='lat' dir='ltr'>esse.</span> <span class='ocrx_word' id='word_1_271' title='bbox 999 2264 1108 2311; x_wconf 75' lang='lat' dir='ltr'>Quid</span> <span class='ocrx_word' id='word_1_272' title='bbox 1132 2264 1236 2301; x_wconf 88' lang='lat' dir='ltr'>enim</span> <span class='ocrx_word' id='word_1_273' title='bbox 1261 2263 1373 2301; x_wconf 87' lang='lat' dir='ltr'>aliud</span> <span class='ocrx_word' id='word_1_274' title='bbox 1405 2276 1486 2300; x_wconf 83' lang='lat' dir='ltr'>esse</span> <span class='ocrx_word' id='word_1_275' title='bbox 1517 2274 1642 2300; x_wconf 86' lang='lat' dir='ltr'>causae</span> <span class='ocrx_word' id='word_1_276' title='bbox 1673 2273 1753 2298; x_wconf 85' lang='lat' dir='ltr'>cre-</span> 
     </span>
     <span class='ocr_line' id='line_1_32' title="bbox 329 2328 1753 2381; baseline -0.004 -10"><span class='ocrx_word' id='word_1_277' title='bbox 329 2334 478 2381; x_wconf 85' lang='lat' dir='ltr'>damus,</span> <span class='ocrx_word' id='word_1_278' title='bbox 511 2347 579 2370; x_wconf 89' lang='lat' dir='ltr'>cur</span> <span class='ocrx_word' id='word_1_279' title='bbox 603 2336 812 2370; x_wconf 82' lang='lat' dir='ltr'>veteranus</span> <span class='ocrx_word' id='word_1_280' title='bbox 837 2334 928 2379; x_wconf 81' lang='lat' dir='ltr'>dux,</span> <span class='ocrx_word' id='word_1_281' title='bbox 958 2332 1199 2371; x_wconf 83' lang='lat' dir='ltr'>fortissimus</span> <span class='ocrx_word' id='word_1_282' title='bbox 1222 2332 1341 2378; x_wconf 88' lang='lat' dir='ltr'>bello,</span> <span class='ocrx_word' id='word_1_283' title='bbox 1373 2329 1617 2380; x_wconf 84' lang='lat' dir='ltr'>compressis,</span> <span class='ocrx_word' id='word_1_284' title='bbox 1648 2328 1753 2378; x_wconf 85' lang='lat' dir='ltr'>quod</span> 
     </span>
     <span class='ocr_line' id='line_1_33' title="bbox 329 2395 1753 2449; baseline -0.005 -10"><span class='ocrx_word' id='word_1_285' title='bbox 329 2402 454 2448; x_wconf 84' lang='lat' dir='ltr'>aiunt,</span> <span class='ocrx_word' id='word_1_286' title='bbox 494 2400 677 2438; x_wconf 81' lang='lat' dir='ltr'>manibus</span> <span class='ocrx_word' id='word_1_287' title='bbox 708 2400 871 2437; x_wconf 79' lang='lat' dir='ltr'>sedeas?</span> <span class='ocrx_word' id='word_1_288' title='bbox 930 2400 1144 2449; x_wconf 84' lang='lat' dir='ltr'>Utcunque</span> <span class='ocrx_word' id='word_1_289' title='bbox 1174 2400 1278 2437; x_wconf 90' lang='lat' dir='ltr'>enim</span> <span class='ocrx_word' id='word_1_290' title='bbox 1309 2413 1349 2436; x_wconf 88' lang='lat' dir='ltr'>se</span> <span class='ocrx_word' id='word_1_291' title='bbox 1379 2399 1499 2436; x_wconf 78' lang='lat' dir='ltr'>habet</span> <span class='ocrx_word' id='word_1_292' title='bbox 1527 2410 1599 2444; x_wconf 87' lang='lat' dir='ltr'>res,</span> <span class='ocrx_word' id='word_1_293' title='bbox 1634 2399 1675 2433; x_wconf 91' lang='lat' dir='ltr'>te</span> <span class='ocrx_word' id='word_1_294' title='bbox 1705 2395 1753 2433; x_wconf 91' lang='lat' dir='ltr'>de</span> 
     </span>
     <span class='ocr_line' id='line_1_34' title="bbox 328 2465 1753 2517; baseline -0.004 -11"><span class='ocrx_word' id='word_1_295' title='bbox 328 2473 463 2507; x_wconf 86' lang='lat' dir='ltr'>nostra</span> <span class='ocrx_word' id='word_1_296' title='bbox 492 2469 642 2505; x_wconf 83' lang='lat' dir='ltr'>virtute</span> <span class='ocrx_word' id='word_1_297' title='bbox 674 2468 876 2505; x_wconf 81' lang='lat' dir='ltr'>dubitasse</span> <span class='ocrx_word' id='word_1_298' title='bbox 906 2468 1036 2505; x_wconf 88' lang='lat' dir='ltr'>videri</span> <span class='ocrx_word' id='word_1_299' title='bbox 1074 2481 1192 2517; x_wconf 86' lang='lat' dir='ltr'>quam</span> <span class='ocrx_word' id='word_1_300' title='bbox 1233 2481 1303 2505; x_wconf 85' lang='lat' dir='ltr'>nos</span> <span class='ocrx_word' id='word_1_301' title='bbox 1335 2467 1382 2503; x_wconf 87' lang='lat' dir='ltr'>de</span> <span class='ocrx_word' id='word_1_302' title='bbox 1420 2470 1490 2503; x_wconf 85' lang='lat' dir='ltr'>tua</span> <span class='ocrx_word' id='word_1_303' title='bbox 1519 2465 1653 2502; x_wconf 88' lang='lat' dir='ltr'>verius</span> <span class='ocrx_word' id='word_1_304' title='bbox 1683 2467 1753 2501; x_wconf 85' lang='lat' dir='ltr'>est.</span> 
     </span>
     <span class='ocr_line' id='line_1_35' title="bbox 289 2533 1754 2585; baseline -0.003 -11"><span class='ocrx_word' id='word_1_305' title='bbox 289 2535 403 2574; x_wconf 82' lang='lat' dir='ltr'>8Sin</span> <span class='ocrx_word' id='word_1_306' title='bbox 435 2541 565 2574; x_wconf 87' lang='lat' dir='ltr'>autem</span> <span class='ocrx_word' id='word_1_307' title='bbox 596 2549 674 2573; x_wconf 89' lang='lat' dir='ltr'>non</span> <span class='ocrx_word' id='word_1_308' title='bbox 713 2539 825 2572; x_wconf 86' lang='lat' dir='ltr'>tuum</span> <span class='ocrx_word' id='word_1_309' title='bbox 858 2535 972 2582; x_wconf 84' lang='lat' dir='ltr'>istuc,</span> <span class='ocrx_word' id='word_1_310' title='bbox 1014 2535 1081 2573; x_wconf 90' lang='lat' dir='ltr'>sed</span> <span class='ocrx_word' id='word_1_311' title='bbox 1121 2535 1324 2585; x_wconf 87' lang='lat' dir='ltr'>publicum</span> <span class='ocrx_word' id='word_1_312' title='bbox 1365 2538 1423 2571; x_wconf 87' lang='lat' dir='ltr'>est</span> <span class='ocrx_word' id='word_1_313' title='bbox 1453 2533 1675 2580; x_wconf 87' lang='lat' dir='ltr'>consilium,</span> <span class='ocrx_word' id='word_1_314' title='bbox 1714 2537 1754 2570; x_wconf 86' lang='lat' dir='ltr'>et-</span> 
     </span>
     <span class='ocr_line' id='line_1_36' title="bbox 330 2601 1750 2653; baseline -0.002 -11"><span class='ocrx_word' id='word_1_315' title='bbox 330 2618 539 2642; x_wconf 86' lang='lat' dir='ltr'>consensus</span> <span class='ocrx_word' id='word_1_316' title='bbox 571 2603 698 2653; x_wconf 87' lang='lat' dir='ltr'>aliqui</span> <span class='ocrx_word' id='word_1_317' title='bbox 730 2607 899 2653; x_wconf 83' lang='lat' dir='ltr'>patrum,</span> <span class='ocrx_word' id='word_1_318' title='bbox 936 2617 1015 2640; x_wconf 90' lang='lat' dir='ltr'>non</span> <span class='ocrx_word' id='word_1_319' title='bbox 1047 2601 1249 2641; x_wconf 86' lang='lat' dir='ltr'>Gallicum</span> <span class='ocrx_word' id='word_1_320' title='bbox 1279 2602 1428 2640; x_wconf 91' lang='lat' dir='ltr'>bellum</span> <span class='ocrx_word' id='word_1_321' title='bbox 1459 2615 1529 2639; x_wconf 87' lang='lat' dir='ltr'>nos</span> <span class='ocrx_word' id='word_1_322' title='bbox 1560 2601 1610 2639; x_wconf 87' lang='lat' dir='ltr'>ab</span> <span class='ocrx_word' id='word_1_323' title='bbox 1641 2601 1750 2648; x_wconf 87' lang='lat' dir='ltr'>urbe,</span> 
     </span>
    </p>
   </div>
  </div>
 </body>
</html>
