1821 2928
275 126 350 162 126
667 119 780 155 Liber
805 120 878 154 ΙΙΙ.
928 122 988 163 (Α.
1014 132 1050 154 u.
1077 132 1106 154 c.
1132 121 1336 164 289—290.)

272 250 394 296 Quies
427 249 647 286 necessaria
679 249 814 286 morbo
848 249 1087 298 implicitum
1106 249 1324 286 exercitum
1343 249 1484 288 tenuit.
1533 249 1704 288 Extrac-

230 325 252 360 2
272 326 354 358 tum
388 322 427 358 in
459 322 621 358 tertium
655 334 801 357 annum
832 321 979 357 bellum
1013 324 1083 365 est,
1115 321 1164 367 Q.
1197 320 1325 358 Fabio
1366 325 1405 358 et
1435 321 1480 358 T.
1513 320 1702 368 Quinctio

63 385 98 410 A.
109 393 136 409 u.
152 392 176 409 c.
196 388 252 411 239.

80 425 114 448 Α,
127 424 176 449 Ch.
194 428 252 453 465.

230 465 412 514 :RAEquis
460 464 635 514 dederat,
684 479 728 502 ea
773 465 980 515 provincia
1027 466 1132 502 data.
1195 464 1273 511 Qui
1320 463 1428 501 haud
1470 464 1594 502 dubia
1632 479 1702 516 spe

274 393 513 430 consulibus.
588 392 717 430 Fabio
765 397 875 430 extra
921 393 1119 438 ordinem,
1166 392 1260 441 quia
1314 392 1346 429 is
1391 393 1518 430 victor
1563 407 1703 444 pacem

269 538 483 587 profectus,
515 538 656 574 famam
688 537 858 574 nominis
890 537 953 573 sui
987 542 1218 586 pacaturam
1258 536 1426 585 AEquos,
1466 536 1620 585 legatos
1662 538 1702 574 in

270 610 483 647 concilium
515 610 645 658 gentis
678 610 816 646 missos
848 609 1032 646 nuntiare
1064 609 1191 657 iussit,
1226 608 1273 654 Q.
1303 608 1472 645 Fabium
1501 609 1701 646 consulem

269 682 413 727 dicere,
443 695 484 718 se
517 695 563 718 ex
594 681 742 730 AEquis
773 695 908 730 pacem
942 681 1110 719 Romam
1141 681 1295 720 tulisse.
1329 680 1378 717 ab
1409 679 1539 717 Roma
1555 680 1702 729 AEquis

268 754 416 791 bellum
447 753 586 790 afferre
614 753 749 790 eadem
774 753 937 790 dextera
961 758 1124 799 armata,
1150 766 1268 802 quam
1286 755 1468 802 pacatam
1487 752 1567 789 illis
1585 756 1702 790 antea

224 822 248 857 4
269 826 444 863 dederat..
506 826 683 872 Quorum
714 825 755 862 id
772 824 942 874 perfidia
968 827 1006 861 et
1030 825 1205 874 periurio
1230 824 1312 873 fiat,
1341 823 1434 860 deos
1459 837 1563 860 nunc
1580 826 1701 861 testes

269 911 364 947 esse.
397 911 488 935 mox
520 898 603 934 fore
633 897 796 935 ult-ores.
844 896 894 934 Se
924 901 1070 946 tamen,
1102 900 1304 946 utcunque
1336 896 1399 942 sit,
1430 895 1550 933 etiam
1583 909 1702 942 nunc,

226 971 247 1006 5
267 970 457 1019 paenitere
490 983 558 1006 sua
590 972 730 1018 sponte
761 969 915 1018 AEquos
961 982 1078 1018 quam
1125 969 1210 1019 pati
1248 968 1424 1013 hostilia,
1457 967 1590 1005 malle.
1654 966 1701 1005 Si

266 1042 466 1091 paeniteat,
499 1046 628 1078 tutum
659 1044 861 1090 receptum
893 1041 943 1078 ad
975 1044 1181 1090 expertam
1212 1040 1462 1078 clementiam
1501 1040 1604 1085 foreg
1639 1040 1703 1078 sin

266 1114 444 1163 periurio
476 1114 689 1162 gaudeant,
724 1113 784 1150 dis
815 1114 939 1162 magis
981 1113 1095 1150 iratis
1134 1126 1252 1162 quam
1297 1111 1479 1150 hostibus
1518 1115 1699 1160 gesturos

223 1188 245 1222 o*
264 1186 427 1224 bellum.
488 1185 587 1223 Haec
620 1185 726 1223 dicta
757 1185 855 1223 adeo
887 1185 989 1222 nihil
1021 1189 1230 1222 moverunt
1247 1197 1498 1234 quemquam,
1515 1186 1560 1220 ut
1576 1183 1700 1232 legati

267 1270 391 1306 prope
421 1257 562 1294 violati
593 1257 672 1294 sint
703 1258 979 1307 exercitusque
1011 1257 1051 1294 in
1069 1256 1266 1305 Algidum
1284 1255 1474 1293 adversus
1490 1255 1719 1301 Romanos

225 1327 246 1361 7
266 1329 419 1368 missus,
469 1329 566 1376 Quae
597 1329 667 1366 ubi
699 1328 864 1366 Romam
897 1332 990 1366 sunt
1021 1329 1215 1375 nuntiata,
1246 1328 1465 1377 indignitas
1491 1328 1552 1365 rei
1569 1327 1698 1376 magis

266 1414 383 1450 quam
413 1401 634 1450 periculum
667 1402 867 1439 consulem
899 1401 1070 1438 alterum
1103 1401 1152 1438 ab
1183 1401 1281 1438 urbe
1313 1399 1474 1438 excivit.
1520 1399 1586 1437 Ita
1618 1399 1699 1437 duo

265 1473 490 1510 consulares
536 1474 730 1511 exercitus
776 1473 826 1511 ad
873 1473 1024 1511 hostem
1057 1486 1257 1511 accessere
1290 1472 1376 1509 acie
1409 1471 1617 1521 instructa,
1651 1475 1694 1508 ut

221 1540 245 1576 8
264 1545 471 1582 confestim
502 1545 751 1582 dimicarent.
801 1544 879 1582 Sed
911 1558 1031 1594 quum
1063 1546 1166 1582 forte
1196 1544 1302 1581 haud
1334 1543 1502 1581 multum
1534 1542 1615 1580 diei
1631 1556 1702 1580 su-

263 1621 450 1666 peresset,
481 1630 582 1653 unus
613 1617 662 1654 ab
695 1617 865 1654 statione
896 1617 1068 1654 hostium
1101 1617 1313 1654 exclamat:
1349 1613 1587 1662 „Ostentare
1619 1615 1693 1652 hoc

223 1688 244 1723 9
264 1692 333 1732 est,
364 1688 546 1734 Romani,
577 1701 656 1725 non
674 1701 811 1736 gerere
829 1688 990 1726 bellum.
1038 1688 1088 1725 In
1105 1691 1259 1725 noctem
1278 1686 1553 1731 imminentem
1571 1686 1695 1724 aciem

264 1760 482 1805 instruitis3
513 1760 692 1809 longiore
730 1760 817 1797 luce
855 1759 904 1796 ad
943 1759 983 1797 id
1015 1763 1227 1806 certamen,
1267 1759 1375 1808 quod
1405 1758 1539 1806 instat,
1579 1757 1701 1796 nobis

266 1846 364 1882 opus
396 1836 466 1869 est.
513 1832 694 1870 Crastino
726 1832 790 1869 die
822 1832 974 1869 oriente
1006 1832 1088 1868 sole
1106 1831 1233 1869 redite
1264 1831 1305 1868 in
1322 1830 1467 1876 aciem;
1487 1830 1564 1867 erit
1581 1830 1695 1879 copia

195 1904 490 1954 10pugnandi3
523 1918 571 1941 ne
601 1904 776 1941 timete.“
840 1904 916 1941 His
948 1903 1110 1941 vocibus
1142 1903 1323 1940 irritatus
1364 1901 1477 1939 miles
1515 1902 1557 1938 in
1589 1901 1694 1939 diem

264 1981 466 2026 posterum
508 1976 548 2012 in
587 1979 716 2013 castra
753 1975 972 2024 reducitur,
1012 1975 1172 2024 longam
1210 1975 1346 2012 venire
1385 1976 1540 2011 noctem
1571 1976 1692 2019 ratus,

265 2061 352 2098 quae
383 2061 532 2085 moram
572 2048 780 2085 certamini
819 2049 978 2086 faceret.
1041 2047 1143 2084 Tum
1183 2047 1344 2096 quidem
1391 2058 1559 2095 corpora
1604 2044 1694 2082 cibo

264 2133 479 2169 somnoque
511 2124 670 2166 cu1·ant;
702 2120 772 2157 ubi
804 2119 941 2157 illuxit
971 2122 1130 2169 postero
1147 2118 1222 2165 die,
1237 2118 1349 2168 prior
1366 2117 1572 2166 aliquanto
1605 2129 1699 2153 con·-

198 2191 241 2225 ll
265 2192 371 2230 stitit
402 2191 582 2228 Romana
614 2192 734 2238 acies3
763 2191 923 2228 tandem
964 2195 1002 2227 et
1033 2191 1157 2240 AEqui
1196 2202 1435 2240 processere.
1496 2187 1702 2225 Proelium.

263 2264 338 2300 fuit
368 2263 555 2311 utrinque
586 2264 809 2307 vehemens,
843 2263 948 2312 quod
980 2266 1017 2299 et
1048 2262 1252 2300 Romanus
1277 2262 1338 2298 ira
1354 2260 1526 2309 odioque
1542 2272 1701 2308 pugna—-

263 2337 342 2383 bat,
376 2338 414 2372 et
444 2334 598 2382 AEquos
631 2335 875 2372 conscientia
907 2335 1101 2371 contracti
1135 2334 1250 2383 culpa
1281 2332 1451 2383 periculi
1483 2336 1522 2369 et
1553 2331 1696 2380 despe-

263 2407 365 2444 ratio
398 2407 542 2443 futurae
575 2405 652 2442 sibi
683 2410 820 2454 postea
851 2405 944 2442 fidei
977 2405 1120 2443 ultima
1151 2406 1295 2442 audere
1327 2409 1367 2442 et
1391 2404 1564 2453 experiri
1581 2415 1704 2450 coge--

196 2478 244 2514 12
263 2480 342 2516 bat.
402 2478 492 2516 Non
522 2482 654 2514 tamen
686 2478 907 2514 sustinuere
939 2477 1063 2514 aciem
1095 2477 1314 2514 Romanam
1331 2476 1472 2525 AEqui;
1504 2474 1700 2524 pulsique-

264 2564 384 2599 qnum
417 2550 457 2586 in
487 2549 583 2586 fines
615 2562 704 2586 suos
736 2562 776 2585 se
807 2548 1059 2597 recepissent,
1101 2549 1225 2586 nihilo
1274 2545 1600 2584 inclinatioribus
1638 2544 1690 2581 ad

264 2635 398 2671 pacem
432 2621 572 2658 animis
602 2621 712 2658 ferox
743 2619 956 2657 multitudo
989 2620 1196 2669 increpare
1224 2620 1354 2664 duces,
1372 2617 1477 2667 quod
1494 2617 1535 2653 in
1552 2616 1691 2662 aciem,

198 2694 245 2729 13
264 2707 340 2742 qua
356 2692 563 2741 pugnandi
588 2696 671 2729 arte
688 2691 891 2729 Romanus
920 2691 1102 2739 excellat,
1131 2691 1339 2728 commissa
1367 2702 1429 2726 res
1446 2689 1515 2734 sit;
1534 2687 1698 2737 AEquosae

1817 2633 1821 2660 τ

1808 2671 1821 2709 *t

1804 2702 1821 2928 l
