1821 2928
492 139 608 174 Liber
632 138 678 173 v.
729 139 790 182 (A.
817 138 881 174 Ch.
907 139 1117 183 397-396.)
1446 141 1528 179 275

90 283 154 308 me
186 269 265 307 iam
296 278 375 306 non
408 267 588 313 eundem,
620 266 687 304 sed
711 266 894 304 umbram
921 279 1145 316 nomenque
1171 266 1219 306 P.
1239 266 1390 304 Licinii
1415 267 1527 306 relic—

83 345 171 380 tum
201 340 362 379 videtis.
424 339 546 377 Vires
588 339 768 388 corporis
809 338 971 385 affectae,
1003 352 1141 376 sensus
1174 339 1380 377 oculorum
1411 342 1531 390 atque

85 414 243 452 aurium
273 413 448 459 hebetes,
486 410 676 449 memoria
721 410 842 457 labat,
886 410 1003 458 vigor
1047 410 1171 447 animi
1218 411 1394 449 obtusus.
1462 411 1567 450 En5

83 487 224 525 vobis²‘
258 485 394 535 inquit
413 484 659 531 „iuvenem“,
690 481 818 520 filium
845 486 994 529 tenens,
1030 482 1227 532 „effigiem
1252 488 1372 534 atque
1391 484 1529 534 imagi-

85 571 176 596 nem
209 558 306 604 eius,
338 570 453 607 quem
477 569 548 593 vos
575 558 693 592 antea
709 555 916 592 tribunum
946 555 1118 592 militum
1146 569 1192 592 ex
1214 556 1331 606 plebe
1356 557 1531 606 primum

83 630 247 669 fecistis.
309 629 428 667 Hunc
476 640 548 676 ego
591 627 821 664 institutum
864 626 1080 676 disciplina
1111 641 1198 665 mea
1230 628 1426 666 vicarium
1458 642 1532 679 pro

85 715 147 740 me
178 701 236 739 rei
267 701 442 751 publicae
475 699 525 737 do
559 699 740 748 dicoque,
772 712 922 749 vosque
953 712 1100 748 quaeso,
1127 698 1320 747 Quirites,
1354 701 1530 738 delatum

84 774 184 812 mihi
214 774 324 812 ultro
355 773 547 810 honorem
578 771 670 808 huic
696 771 861 821 petenti,
893 771 989 808 meis
1013 785 1174 822 quoque
1198 786 1272 822 pro
1292 786 1337 810 eo
1364 772 1531 810 adiectis

84 846 285 897 precibus,
317 845 551 883 mandetis.“
601 844 753 881 Datum
780 844 820 881 id
844 844 998 893 petenti
1016 844 1135 894 patri,
1152 843 1340 895 filiusque
1370 845 1454 882 eius
1479 844 1525 882 P.
1546 847 1567 881 6

1547 907 1622 933 Α.ιι.
1633 914 1658 933 c.
1679 909 1739 934 353.

1545 947 1581 972 A.
1599 946 1655 973 Ch.
1679 948 1740 973 396.

87 1004 209 1042 supra
240 990 493 1040 scripsimus,
527 988 767 1026 declaratus.
843 987 1020 1025 Titinius
1053 987 1338 1039 Genuciusque
1369 989 1526 1027 tribuni
1546 989 1567 1023 7

85 919 268 956 Licinius
298 918 483 955 tribunus
516 916 688 953 militum
719 915 922 953 consulari
953 918 1152 966 potestate
1195 930 1283 954 cum
1324 917 1386 964 iis,
1428 930 1526 967 quos

83 1063 256 1100 militum
287 1062 458 1112 profecti
489 1061 678 1099 adversus
710 1060 889 1098 Faliscos
908 1060 1223 1111 Capenatesque,
1256 1061 1349 1098 dum
1381 1061 1532 1099 bellum

85 1135 238 1173 maiore
286 1135 418 1172 animo
459 1136 605 1183 gerunt
644 1146 762 1183 quam
805 1133 984 1179 consilio,
1030 1133 1337 1184 praecipitavere
1384 1134 1424 1170 in
1472 1134 1532 1171 in—

85 1206 223 1244 sidias.
270 1204 475 1243 Genucius
506 1208 633 1243 morte
658 1205 828 1242 honesta
857 1205 1126 1243 temeritatem
1158 1205 1271 1243 luens
1297 1209 1388 1243 ante
1412 1207 1528 1255 signa
1546 1205 1571 1241 8

83 1279 190 1317 inter
219 1279 417 1329 primores
449 1277 614 1323 cecidit;
646 1276 824 1314 Titinius
849 1277 889 1314 in
915 1277 1066 1314 editum
1097 1278 1296 1315 tumulum
1330 1291 1377 1315 ex
1408 1278 1534 1316 multa

80 1351 356 1401 trepidatione
386 1349 584 1386 militibus
617 1349 794 1386 collectis
827 1349 951 1386 aciem
986 1350 1182 1396 restituit;
1224 1363 1295 1387 nec
1327 1363 1368 1387 se
1398 1353 1531 1388 tamen

85 1435 199 1472 aequo
229 1423 317 1461 loco
348 1422 456 1460 hosti
488 1421 696 1458 commisit.
757 1420 857 1458 Plus
881 1421 1110 1470 ignominiae
1143 1425 1228 1459 erat
1253 1435 1372 1472 quam
1400 1422 1527 1460 cladis
1545 1421 1567 1457 9

83 1498 301 1545 acceptum,
336 1507 423 1544 quae
449 1507 575 1544 prope
608 1493 649 1530 in
674 1493 825 1531 cladem
852 1494 1054 1542 ingentem
1078 1495 1221 1540 vertit;
1252 1497 1410 1531 tantum
1435 1494 1527 1531 ind«.-

48 1584 52 1587 ·
83 1567 254 1604 terroris
286 1580 364 1604 non
397 1566 536 1604 Romae
561 1565 690 1612 mod0,
722 1579 800 1615 quo
825 1565 1038 1616 multiplex
1062 1566 1168 1604 fama
1190 1569 1442 1615 pervenerat,
1459 1567 1525 1603 sed

84 1639 127 1676 in
159 1639 303 1677 castris
335 1651 494 1688 quoque
525 1638 603 1675 fuit
634 1638 684 1675 ad
715 1637 852 1676 Veios.
912 1638 1038 1686 AEgre
1070 1636 1127 1676 ibi
1158 1637 1274 1675 miles
1299 1640 1478 1675 retentus
1506 1652 1528 1675 a
1549 1638 1599 1675 10

81 1712 178 1761 fuga
209 1714 279 1758 est,
311 1724 432 1761 quum
463 1710 706 1760 pervasisset
733 1713 863 1748 castra
885 1724 1033 1757 rumor,
1065 1710 1237 1747 ducibus
1270 1711 1530 1760 exercituque

84 1796 185 1821 caeso
229 1783 423 1821 victorem
470 1782 714 1832 Capenatem
760 1795 804 1819 ac
847 1782 1051 1820 Faliscum
1083 1782 1341 1832 Etruriaeque
1373 1795 1529 1820 omnem

82 1855 332 1894 iuventutem
347 1854 456 1893 haud
473 1854 613 1905 procul
629 1854 721 1892 inde
739 1855 889 1893 abesse.
935 1855 1013 1892 His
1036 1854 1349 1892 tumultuosiora
1374 1854 1526 1901 Romae,
1546 1853 1592 1890 11

84 1928 163 1966 iam
194 1931 324 1965 castra
355 1926 404 1964 ad
437 1926 562 1964 Veios
595 1927 834 1976 oppugnari,
865 1927 945 1964 iam
977 1930 1128 1976 partem
1160 1926 1333 1964 hostium
1364 1926 1530 1964 tendere

84 2000 136 2038 ad
152 1999 291 2036 urbem
311 1999 470 2049 agmine
489 1999 646 2046 infesto,
677 1998 954 2045 crediderant;
986 2011 1303 2048 concursumque
1328 1998 1371 2035 in
1395 2011 1530 2036 muros
1553 1997 1559 2004 '

83 2075 155 2118 est,
188 2075 229 2109 et
258 2075 541 2117 matronarum,
573 2084 672 2120 quas
704 2084 751 2107 ex
785 2071 900 2108 domo
933 2071 1163 2109 conciverat
1189 2070 1378 2121 publicus
1395 2084 1531 2121 pavor,

83 2144 382 2182 obsecrationes
415 2143 454 2179 in
484 2143 646 2193 templis
672 2142 798 2188 factae,
822 2143 1090 2192 precibusque
1115 2143 1164 2180 ab
1189 2142 1250 2180 dis
1266 2143 1450 2193 petitum,
1481 2147 1525 2181 ut
1546 2142 1597 2179 12

83 2216 251 2254 exitium
283 2216 332 2253 ab
364 2215 474 2252 urbis
505 2215 624 2252 tectis
654 2214 892 2264 templisque
920 2228 964 2252 ac
988 2215 1184 2253 moenibus
1200 2214 1394 2252 Romanis
1421 2228 1528 2252 arce-

84 2291 187 2335 rent,
220 2287 422 2337 Veiosque
448 2300 536 2324 eum
561 2290 788 2324 averterent
803 2291 1009 2334 terrorem,
1041 2287 1075 2325 si
1093 2300 1206 2325 sacra
1222 2291 1416 2325 renovata
1439 2287 1529 2332 rite,

88 2361 123 2398 si
153 2364 370 2411 procurata
400 2359 587 2409 prodigia
619 2362 760 2396 essent.

200 2432 287 2470 Iam
304 2431 391 2469 ludi
408 2431 646 2481 Latinaeque
664 2431 896 2468 instauratae
924 2435 1049 2478 erant,
1074 2432 1152 2469 iam
1178 2445 1227 2469 ex
1253 2431 1343 2468 lacu
1359 2429 1526 2468 Albano
1609 2427 1659 2475 19

85 2517 190 2555 aqua
206 2504 350 2541 emissa
368 2504 406 2540 in
433 2517 562 2554 agros,
580 2502 775 2553 Veiisque
797 2503 881 2541 fata
909 2503 1164 2554 appetebant.
1226 2503 1361 2552 Igitur
1391 2501 1528 2539 fatalis
1546 2502 1568 2539 2

86 2575 170 2614 dux
202 2577 252 2614 ad
285 2575 487 2614 excidium
520 2576 628 2612 illius
659 2575 773 2613 urbis
805 2575 1093 2625 servandaeque
1124 2575 1281 2626 patriae,
1312 2574 1366 2611 M.
1383 2572 1532 2610 Furius

89 2647 284 2686 Camillus
315 2648 489 2686 dictator
521 2647 651 2685 dictus
678 2648 911 2697 magistrum
930 2648 1107 2697 equitum
1125 2647 1172 2686 P.
1192 2645 1426 2684 Cornelium
1445 2643 1531 2682 Sci-

67 2720 249 2771 -pionem
281 2719 394 2757 dixit.
456 2718 601 2758 Omnia
631 2724 797 2771 repente
829 2723 1054 2758 mutaverat
1087 2719 1305 2768 imperator
1335 2719 1529 2764 mutatus;
1547 2717 1573 2754 3

1189 2787 1255 2821 18*
