1821 2928
642 185 733 210 Liber
752 185 805 210 VI.
843 186 890 213 (A.
911 185 964 211 ch.
984 187 1054 214 38⁵.)
1473 177 1521 214 13

135 303 352 340 liberorum
380 301 555 350 capitum
583 300 622 337 in
650 300 706 337 eis
733 300 853 337 fuisse
881 300 988 347 locis,
1021 313 1108 349 quae
1127 314 1243 347 nunc,
1274 301 1341 337 vix
1367 301 1579 339 seminario

135 370 278 419 exiguo
295 370 467 406 militum
484 369 640 414 relicto,
673 368 837 405 servitia
854 368 1037 405 Romana
1055 369 1103 406 ab
1122 369 1341 406 solitudine
1358 370 1577 408 vindicant.

133 438 282 486 Ingens
315 441 429 483 certe,
461 437 568 486 quod
601 436 704 473 inter
729 449 863 473 omnes
888 440 1070 474 auctores
1095 437 1317 483 conveniat,
1349 451 1577 488 quanquam
1597 440 1619 475 6

134 519 260 555 nuper
292 505 455 543 Camilli
487 505 611 542 ductu
653 508 774 553 atque
816 505 995 553 auspicio
1029 505 1168 542 accisae
1210 519 1273 542 res
1306 509 1436 551 erant,
1478 505 1574 543 Vol-

133 587 288 612 scorum
320 575 515 612 exercitus
546 573 640 618 fuit3
686 573 736 609 ad
775 573 849 610 hoc
882 572 1021 610 Latini
1052 573 1300 622 Hernicique
1331 579 1579 611 accesserant

133 646 173 680 et
203 641 489 680 Circeiensium
528 641 692 690 quidam
733 645 772 678 et
813 641 944 678 coloni
985 641 1104 678 etiam
1137 655 1159 678 a
1192 641 1362 678 Velitris
1394 641 1577 688 Romani.

132 710 332 756 Dictator,
364 711 504 748 castris
537 724 581 747 eo
606 710 670 746 die
702 709 854 758 positis,
886 712 1045 758 postero
1078 723 1199 758 quum
1225 710 1432 759 auspicato
1457 711 1575 759 prod·
1598 714 1619 748 7

133 778 228 816 isset
259 779 469 827 hostiaque
501 792 602 816 caesa
634 791 770 827 pacem
804 777 920 815 deum
953 777 1169 823 adorasset,
1201 778 1317 814 laetus
1349 777 1399 814 ad
1431 778 1578 816 milites

132 846 212 884 iam
243 860 351 884 arma
383 847 435 884 ad
467 846 716 896 propositum
747 858 892 895 pugnae
924 846 1091 894 signum,
1138 847 1240 883 sicut
1271 846 1447 883 edictum
1480 852 1576 893 erat,

132 915 221 952 luce
251 916 380 964 prima
412 916 614 965 capientes
646 915 850 964 processit.
900 914 1074 960 „Nostra
1104 915 1275 952 victoria
1300 918 1368 961 est,
1400 915 1572 952 milites··
1595 918 1619 953 8

131 983 275 1033 inquit,
310 984 369 1029 „si
400 983 497 1033 quid
522 983 564 1020 di
586 987 776 1032 vatesque
801 996 936 1020 eorum
961 983 1002 1019 in
1025 983 1202 1019 futurum
1227 982 1376 1020 vident.
1422 984 1578 1032 Itaque,

131 1055 177 1089 ut
207 1052 321 1089 decet
351 1056 467 1089 certae
500 1052 585 1101 spei
616 1052 755 1101 plenos
794 1056 833 1088 et
864 1065 952 1088 cum
990 1051 1212 1100 imparibus
1250 1065 1389 1088 manus
1422 1066 1577 1089 conser-

130 1124 253 1167 turos,
284 1121 378 1170 pilis
402 1126 494 1158 ante
518 1120 639 1170 pedes
663 1120 815 1169 positis,
833 1120 981 1168 gladiis
1003 1123 1161 1157 tantum
1185 1121 1345 1157 dextras
1369 1134 1577 1158 armemus.

131 1189 192 1226 Ne
215 1189 398 1238 procurri
422 1188 583 1238 quidem
607 1189 657 1226 ab
674 1189 758 1225 acie
774 1188 906 1234 velim,
930 1188 999 1225 sed
1017 1189 1184 1226 obnixos
1200 1203 1268 1226 vos
1294 1189 1431 1225 stabili
1448 1189 1576 1237 gradu

131 1257 323 1307 impetum
354 1257 527 1295 hostium
559 1257 750 1306 excipere.
812 1257 894 1294 Ubi
935 1257 998 1293 illi
1030 1271 1132 1293 vana
1164 1257 1375 1294 iniecerint
1406 1257 1575 1294 missilia
1594 1260 1618 1296 9

132 1330 172 1362 et
202 1325 315 1363 effusi
354 1325 552 1363 stantibus
582 1325 697 1362 vobis
729 1339 768 1362 se
800 1325 1023 1371 intulerint,
1061 1329 1146 1363 tum
1184 1326 1331 1363 micent
1361 1325 1500 1374 gladii,
1539 1331 1577 1363 et

130 1393 267 1431 veniat
305 1393 345 1430 in
377 1397 546 1430 mentem
579 1393 808 1442 unicuique,
847 1394 941 1431 deos
974 1408 1068 1439 esse,
1107 1394 1176 1443 qui
1207 1394 1433 1431 Romanum
1465 1394 1576 1431 adiu-

130 1466 236 1507 vent,
267 1462 372 1507 deos,
404 1462 473 1511 qui
503 1461 687 1499 secundis
711 1462 850 1499 avibus
882 1463 923 1498 in
953 1462 1140 1511 proelium
1171 1462 1361 1499 miserint.
1423 1462 1496 1508 Tu,
1528 1462 1571 1499 T.
1594 1465 1646 1501 10

132 1529 309 1576 Quincti,
347 1530 519 1579 equitem
553 1530 727 1567 intentus
758 1531 809 1567 ad
842 1530 1013 1580 primum
1044 1530 1205 1567 initium
1228 1531 1326 1568 moti
1351 1531 1579 1568 certaminis

130 1601 239 1641 tene:
272 1603 313 1636 at
343 1598 414 1635 ubi
445 1599 594 1636 haerere
627 1599 705 1635 iam
736 1599 862 1636 aciem
888 1599 1035 1636 collato
1068 1599 1168 1647 pede
1193 1599 1355 1645 videris,
1385 1602 1471 1635 tum
1501 1603 1577 1636 ter-

130 1680 260 1704 rorem
292 1671 515 1716 equestrem
547 1667 752 1716 occupatis
784 1667 864 1704 alio
904 1667 1042 1705 labore
1074 1667 1188 1713 infer,
1227 1667 1486 1717 invectusque
1517 1681 1578 1705 or-

132 1735 243 1773 dines
275 1736 543 1785 pugnantium
575 1735 763 1785 dissipa.“
828 1734 895 1772 Sic
927 1750 1059 1785 eques,
1098 1736 1153 1773 sic
1185 1736 1318 1785 pedes,
1356 1740 1401 1772 ut
1432 1749 1576 1786 praece-
1598 1737 1644 1773 11

132 1808 257 1853 perat,
290 1808 490 1854 pugnant-3
529 1818 600 1842 nec
633 1805 715 1841 dux
746 1804 923 1852 legiones
955 1817 1027 1841 nec
1059 1804 1221 1841 fortuna
1252 1804 1396 1841 fefellit
1428 1804 1579 1841 ducem.

130 1871 354 1909 Multitudo
379 1872 564 1918 hostium,
595 1872 700 1909 nulli
723 1872 783 1909 rei
805 1876 1074 1921 praeterquani
1099 1885 1262 1909 numero
1279 1873 1382 1909 freta
1400 1875 1437 1909 et
1455 1872 1580 1910 oculis
1655 1868 1714 1915 13

131 1944 342 1990 utramque
373 1941 539 1977 metiens
565 1940 701 1985 aciem,
731 1943 879 1977 temere
912 1941 1096 1990 proelium
1129 1941 1230 1987 iniit,
1260 1944 1409 1978 temere
1427 1941 1575 1987 omisit,

132 2009 304 2046 clamore
343 2011 500 2045 tantum
542 2008 841 2057 missilibusque
880 2008 973 2045 telis
1006 2013 1044 2046 et
1082 2009 1210 2058 primo
1242 2021 1386 2058 pugnae
1426 2009 1615 2059 impetu2

130 2076 252 2124 ferOX,
298 2076 456 2125 gladios
497 2079 536 2113 et
577 2076 766 2113 collatum
808 2077 948 2126 pedem
990 2081 1028 2114 et
1067 2077 1223 2114 vultum
1268 2077 1393 2114 hostis
1434 2078 1576 2115 ardore

133 2145 256 2182 animi
287 2145 497 2182 micantem
538 2145 641 2182 ferre
680 2158 760 2182 non
802 2144 944 2194 potuit.
1004 2145 1186 2195 Impulsa
1226 2146 1335 2183 frons
1376 2145 1505 2195 prima
1537 2145 1617 2182 et3

131 2213 354 2262 trepidatio
386 2212 577 2250 subsidiis
617 2213 750 2257 illata3
788 2217 827 2249 et
868 2226 981 2250 suum
1021 2218 1214 2251 terrorem
1259 2214 1399 2251 intulit
1441 2226 1576 2262 eques:

130 2281 242 2330 rupti
274 2281 366 2318 inde
398 2281 532 2318 multis
574 2281 672 2318 locis
704 2280 863 2318 ordines
895 2286 1081 2332 motaque
1113 2283 1255 2329 omnia,
1295 2285 1334 2319 et
1365 2280 1577 2319 fluctuanti

131 2350 273 2388 similis
305 2350 410 2388 acies
441 2354 538 2387 erat.
598 2349 706 2386 Dein
738 2353 949 2399 postquam
981 2350 1217 2388 cadentibus
1249 2350 1389 2400 primis
1421 2350 1499 2386 iam
1523 2347 1574 2386 ad

132 2431 172 2456 se
189 2418 357 2468 quisque
375 2422 656 2467 perventuram
674 2418 820 2455 caedem
838 2419 1036 2465 cernebat,
1067 2422 1181 2467 terga
1196 2421 1369 2456 vertunt.
1415 2417 1574 2453 Instare
1591 2417 1617 2453 4

132 2486 355 2527 Romanus:
386 2490 425 2524 et
448 2486 572 2524 donec
599 2486 742 2523 armati
767 2486 1015 2535 confertique
1041 2487 1218 2525 abibant.
1248 2486 1428 2535 peditum
1460 2485 1574 2522 labor

134 2553 174 2591 in
204 2556 478 2604 persequendo
509 2555 602 2593 fuit:
640 2559 851 2604 postquam
890 2555 1031 2592 iactari
1069 2569 1178 2592 arma
1217 2554 1364 2604 passim
1401 2553 1575 2601 fugaque

133 2634 204 2670 per
219 2635 335 2671 agros
358 2624 495 2673 spargi
512 2623 634 2661 aciem
659 2623 832 2660 hostium
850 2623 1169 2661 animadversum
1187 2626 1255 2667 est,
1285 2627 1370 2659 tum
1397 2621 1574 2670 equitum
