1821 2928
231 121 333 162 XVI

232 243 390 288 triplicis
412 243 631 279 munitionis
654 243 733 278 ulla
759 244 838 279 alia
861 244 1087 289 significatio
1112 247 1173 287 est,
1199 257 1263 280 nee
1282 257 1335 289 ea,
1360 246 1661 292 etiamsijuisset,

230 300 423 344 quicquam
449 300 496 334 ad
522 301 777 335 narrationem
795 301 1020 346 pertineret.)
1053 303 1091 335 10
1115 301 1181 344 (In
1205 313 1286 337 voce
1310 303 1471 347 cognitae
1492 302 1663 338 mendum

231 356 372 391 subesse
398 356 473 390 iam
498 356 566 391 alii
591 356 772 401 suspicati
796 359 906 400 sunt,·
931 369 1042 403 neque
1068 357 1164 392 enim
1191 358 1344 393 Camillo
1355 358 1519 404 fortuna
1531 359 1663 395 bellicoe

232 412 382 447 virtutis
407 413 596 456 specimen,
623 413 688 448 hoe
713 415 764 448 est
781 414 991 457 promendae
1003 414 1235 459 facultatem,
1261 415 1369 454 dedit,
1394 416 1456 450 sed
1469 416 1663 452 clementia

233 471 267 502 et
299 468 462 511 iustitiae,
497 480 576 513 quae
607 481 681 505 non
713 481 849 514 semper
879 469 1043 505 bellicam
1066 471 1237 506 virtutem
1268 472 1476 515 comitatur,
1513 473 1574 508 sed
1598 473 1662 508 ad-

233 525 358 559 iuncta
372 524 515 560 laudem
529 528 644 571 auyet.
679 526 852 561 Fortasse
866 526 997 561 Livius
1011 527 1227 572 scripserat:
1258 528 1493 573 coniunctae.)
1506 527 1662 572 XXVII,

231 582 251 614 ‘2
278 580 381 624 (dum
405 582 550 617 notavit
573 582 777 626 Hertzius.)
803 582 981 625 XXVIII,
1007 584 1050 617 10
1075 586 1129 627 (et
1153 594 1263 618 uncos
1284 583 1365 618 add.
1380 583 1456 629 Mo.
1472 584 1554 621 Em.
1567 585 1662 629 142.)

233 638 274 671 13
300 637 414 672 caedis
448 638 578 681 XXIX,
605 642 626 673 4
651 639 847 673 incolumis
873 639 1079 683 (Harant.‚·
1107 639 1327 674 adiectivum
1348 642 1446 685 fuqoe
1461 642 1664 686 fortunam

231 693 423 729 declarans
447 695 651 730 necessario
676 706 757 730 cum
780 695 884 729 verbo
910 696 1174 740 coniungitur.)
1200 697 1221 730 6
1244 696 1347 741 plebi
1372 697 1502 741 XXXI,
1532 699 1556 731 4
1578 708 1663 742 per-

231 751 464 785 severantior
498 752 544 785 iis
582 752 768 786 oaedendis
795 750 975 796 (Scheller,
1013 751 1093 788 Em.
1119 754 1195 787 143.
1231 753 1338 788 Codd.
1364 754 1666 798 perseverantior

230 806 432 850 caedendis,
469 808 546 842 nisi
576 808 670 853 quod
703 807 750 842 V:
786 809 1089 852 perseverantius
1115 810 1318 854 caedendis)
1343 811 1364 843 5
1390 809 1663 855 Sappinatibus

230 862 407 906 XXXIII,
435 867 456 900 3
491 867 529 898 et
559 864 638 899 sine
663 864 769 899 uncis
794 863 884 908 (My.
912 863 966 903 M,
990 863 1064 898 cod.
1092 864 1206 900 Rhen.
1233 869 1295 908 ut3
1331 866 1476 901 debebat
1501 877 1574 901 esse
1598 878 1662 901 au-

231 922 332 963 tem.)
378 921 382 964 Ι
426 930 539 964 poena
563 940 607 945 —-
631 921 807 964 nequiret
833 920 941 964 (PL1
968 923 1001 955 et
1025 932 1069 956 ex
1089 924 1200 966 parte
1225 922 1267 956 M
1296 924 1425 957 contra
1457 923 1497 967 V)
1516 925 1538 957 9
1558 922 1609 958 Et
1626 923 1665 957 in

233 979 433 1020 utrumque
465 977 559 1018 (Em.
585 978 667 1021 125)
697 976 869 1020 XXXIV,
895 978 916 1010 5
942 978 1043 1020 quod
1071 979 1087 997 *
1115 978 1194 1012 eius
1219 989 1266 1013 ex
1289 980 1442 1023 populis
1467 979 1556 1024 (My.
1582 979 1665 1015 Em.

231 1033 312 1077 143)
363 1034 368 1077 Ι
419 1034 622 1077 Arvernos,
653 1034 830 1075 Senones,
863 1033 1006 1068 AEduos
1040 1034 1131 1079 (My.
1165 1035 1247 1069 Em.
1280 1036 1364 1077 143>
1400 1038 1419 1069 7
1459 1035 1665 1071 Salluvium

232 1092 343 1133 gente
370 1089 438 1134 (L,·
463 1089 509 1124 ab
535 1089 692 1125 Saluum
717 1090 802 1132 MP,
829 1091 874 1124 ab
901 1090 1065 1125 Saluium
1093 1090 1208 1125 Rhen.
1224 1091 1391 1126 Eandem
1410 1092 1566 1137 genitivi
1581 1093 1667 1138 sor·
1708 1127 1710 1129 .

231 1156 328 1180 mam
358 1146 432 1181 sive
457 1146 610 1181 Saluum
641 1147 855 1192 siqnifieant
880 1147 974 1182 Med.
1001 1149 1036 1181 et
1061 1147 1153 1183 Colb.
1182 1147 1221 1182 in
1246 1147 1355 1188 XXI,
1379 1149 1436 1189 26,
1461 1159 1526 1183 nee
1550 1149 1671 1184 obstat

231 1201 414 1237 ablativus
429 1214 515 1238 mox
530 1203 578 1238 ad
592 1203 755 1238 secundae
771 1204 1029 1239 declinationis
1043 1204 1154 1248 leyem
1161 1204 1381 1249 formatus.)
1397 1206 1419 1238 8
1434 1205 1668 1249 patientibus

232 1258 407 1293 Salluviis
431 1259 624 1303 (Em.144.
638 1259 758 1302 Codd.‚
771 1259 892 1294 Drak.
911 1260 1126 1304 patentibus
1144 1261 1259 1303 silvis)
1283 1262 1288 1305 1
1311 1261 1444 1305 (saltus
1458 1261 1668 1305 vallemque

232 1313 308 1359 My.
319 1314 399 1351 Em.
408 1316 485 1350 144.
499 1316 620 1359 Codd.‚
636 1316 754 1351 Drak.
764 1316 956 1360 saltusque
964 1316 1106 1358 Duriae)
1123 1319 1143 1349 9
1157 1316 1434 1361 (cognominem
1442 1329 1515 1362 pro
1527 1328 1665 1363 eogno-

231 1371 332 1406 mine
364 1370 494 1416 Gron.)
526 1373 668 1415 XXXV,
703 1374 721 1407 1
755 1374 787 1406 et
818 1374 840 1406 2
872 1373 975 1407 locos
1006 1378 1170 1408 tenuere.
1219 1372 1331 1407 Libui
1356 1373 1558 1408 considunt
1580 1376 1669 1418 post

231 1427 299 1461 hos
326 1428 565 1473 Salluviique,
590 1441 710 1474 prope
736 1430 928 1473 antiquam
954 1433 1104 1474 gentem
1131 1429 1222 1474 (My.
1249 1430 1331 1464 Em.
1356 1431 1435 1466 145.
1462 1430 1669 1466 Edebatur:

231 1487 330 1528 sunt,
355 1485 473 1528 (locos
498 1489 652 1520 tenuere
677 1485 804 1529 Libui)
832 1485 1043 1519 considunt.
1093 1486 1186 1520 Post
1210 1487 1278 1520 hos
1304 1486 1459 1521 Salluvii
1479 1497 1618 1531 prope.
1634 1514 1643 1524 .
1658 1513 1667 1523 .

231 1539 405 1586 Ligures)
435 1541 600 1584 XXXVI,
628 1543 671 1576 10
696 1543 744 1586 (si
769 1542 852 1577 add.
879 1542 951 1587 My.
978 1542 1058 1577 Em.
1085 1544 1176 1586 146.)
1204 1544 1244 1576 11
1271 1542 1313 1577 P.
1329 1542 1522 1578 Cornelius
1547 1543 1670 1578 Malu·

231 1597 398 1642 ginensis
424 1598 536 1643 (Sty.)
560 1598 768 1641 XXXVIII,
794 1598 816 1632 5
841 1599 1023 1641 (omnium
1041 1610 1113 1642 pro
1139 1599 1332 1633 hominum
1362 1598 1489 1643 G‘ron.)
1514 1600 1536 1633 8
1562 1599 1668 1642 (Pro-

231 1654 402 1689 babiliter
433 1655 524 1690 Wes.
549 1655 705 1699 refugit)
730 1654 895 1697 XXXIX,
921 1656 942 1689 6
966 1655 1087 1699 primo
1115 1656 1279 1690 adventu
1304 1654 1407 1699 (ML.
1428 1655 1668 1700 Appositione

230 1711 415 1746 adventus
442 1711 661 1757 adiunyitur
684 1710 732 1746 ad
758 1722 867 1745 omne
892 1714 1040 1755 tempus
1049 1721 1060 1755 ,·
1085 1711 1214 1746 deinde
1238 1711 1401 1746 absolute
1425 1711 1563 1746 dieitur
1580 1712 1667 1747 rati.

231 1767 361 1802 Altera
374 1767 562 1813 scriptura
569 1768 765 1813 perturbat
777 1767 1027 1812 partitionem:
1043 1768 1163 1812 primo
1176 1788 1222 1793 -—
1237 1767 1373 1802 deinde
1392 1788 1427 1791 —
1445 1771 1525 1802 tum
1541 1788 1584 1794 ——
1600 1779 1666 1813 po-

230 1825 400 1869 stremo.)
415 1825 456 1858 11
470 1824 656 1859 flaminem
673 1824 964 1868 sacerdotesque
978 1825 1144 1859 Vestales
1158 1824 1352 1870 (Momms.,
1368 1823 1538 1866 Em.146)
1555 1824 1630 1869 XL,
1644 1826 1666 1860 3

231 1881 399 1925 (humani
423 1884 637 1926 superesset
658 1881 746 1915 mali
761 1881 971 1916 Finekhius.
989 1880 1108 1922 Codd.‚
1134 1881 1253 1916 Drak.
1267 1880 1440 1916 humanis
1455 1885 1667 1926 superesset

231 1937 350 1973 malis.
399 1937 604 1981 Superesse
628 1937 800 1972 humanis
826 1938 933 1972 malis
959 1948 1024 1972 noe
1047 1937 1191 1982 quidem
1214 1938 1255 1972 in
1280 1939 1450 1972 contemtu
1473 1937 1569 1973 nihil
1589 1939 1666 1982 est.)

231 1997 252 2027 6
278 1995 493 2037 (sequentes
520 1995 592 2040 My.
618 1994 699 2030 Em.
726 1995 799 2029 147
823 2006 857 2028 n.
887 1993 1006 2037 Codd.‚
1031 1994 1149 2029 Drak.
1166 1997 1430 2038 exsequentes)
1449 1995 1470 2027 9
1491 1993 1537 2027 de
1557 1994 1666 2038 plebe

233 2050 435 2095 [Romana]
471 2052 566 2094 (cett.
591 2052 691 2088 codd.
716 2054 847 2086 eontra
874 2050 920 2095 V)
955 2053 961 2094 Ι
993 2050 1168 2094 (avehens
1195 2050 1268 2095 My.
1295 2050 1375 2086 Em.
1401 2051 1469 2085 147
1493 2061 1528 2086 n.
1557 2050 1664 2086 Oodd.

231 2106 372 2141 habens
383 2121 391 2150 3
430 2107 549 2142 Drak.
575 2108 730 2152 vehens)
766 2109 808 2141 10
840 2107 1071 2152 (religiosum
1099 2118 1171 2151 pro
1200 2107 1452 2152 irreligiosum
1480 2106 1513 2142 V
1536 2107 1666 2152 confir-

232 2174 337 2197 mans
382 2163 579 2200 Vaassenii
616 2166 876 2206 coniecturam)
916 2165 921 2207 Ι
965 2163 1150 2208 (publicas
1186 2163 1358 2198 Vaassen.
1393 2163 1511 2205 Codd.‚
1544 2163 1664 2198 Drak-

230 2220 422 2264 publicos)
458 2220 556 2263 XLI,
587 2223 609 2256 3
637 2221 821 2266 praefante
858 2220 958 2265 (Ma,
993 2219 1055 2255 sed
1084 2220 1228 2254 monuit
1250 2220 1327 2254 iam
1350 2220 1466 2264 Dulc.)
1498 2219 1619 2264 XLII,
1643 2221 1665 2255 6

231 2276 415 2320 (inquieta
446 2276 556 2312 Gron.
591 2277 710 2320 Codd.‚
736 2277 852 2312 Drak.
880 2277 1103 2320 inquietam)
1128 2275 1265 2319 XLIII,
1294 2279 1314 2311 3
1337 2281 1462 2322 strage
1488 2288 1531 2311 ac
1556 2278 1664 2311 ruina

232 2333 319 2378 (My.
346 2333 427 2368 Em.
454 2334 536 2375 148)
562 2335 584 2366 4
615 2334 765 2378 (Aptius
797 2336 991 2378 utrumque
1022 2333 1209 2368 sententiae
1237 2333 1434 2368 membrum
1465 2332 1514 2367 ad
1539 2332 1665 2368 Gallos

232 2388 429 2424 obsidionis
453 2389 677 2424 immemores
701 2391 922 2434 referi-etum
942 2392 1093 2434 poterat
1107 2390 1239 2424 Livius
1258 2388 1431 2424 seribere:
1454 2389 1564 2423 Veios
1578 2388 1664 2423 vehi

232 2446 407 2488 siveram,
425 2445 684 2491 facillimaque
709 2448 788 2480 erat
809 2448 891 2491 post
915 2447 1025 2480 Veios
1051 2446 1231 2481 similium
1255 2447 1464 2480 litterarum
1489 2444 1663 2490 omissio.)

232 2503 253 2536 5
279 2503 447 2538 obsideri
470 2501 601 2545 XLIV,
629 2503 647 2536 1
675 2503 795 2547 (eguit
827 2503 980 2537 Walker.
1005 2502 1125 2545 Codd.‚
1140 2503 1256 2537 Dralc.
1273 2502 1364 2546 egit)
1379 2501 1400 2535 5
1415 2503 1663 2546 (Argumento

232 2562 288 2593 est
319 2560 430 2603 Wes.)
455 2561 475 2592 7
501 2558 656 2602 (Parum
674 2559 797 2603 placet
822 2558 982 2592 Galliam
1005 2558 1096 2601 fieri,
1121 2570 1185 2594 nec
1198 2561 1318 2594 tamen
1331 2558 1522 2603 quicquam
1535 2557 1664 2592 melius

232 2614 331 2659 effici
362 2615 509 2650 videtur
541 2626 558 2650 e
588 2615 776 2661 scriptura
814 2614 857 2649 V.-
895 2615 1019 2648 omnia
1053 2627 1073 2649 a
1105 2614 1222 2649 Gallis
1247 2615 1340 2650 fieri.
1388 2614 1542 2649 Rectum
1567 2615 1661 2648 erat:

231 2669 429 2706 Gallorum
454 2671 546 2713 fieri,
570 2682 658 2706 nam
681 2672 760 2705 haeo
786 2671 910 2705 omnia
933 2670 1067 2714 urbem,
1093 2671 1215 2706 domos
1231 2672 1482 2716 fortunasque
1507 2679 1664 2715 compre-
