1821 2928
381 178 458 215 138
811 188 901 214 Liber
919 188 1004 213 vm.
1041 187 1089 217 (A.
1110 195 1136 214 u.
1155 194 1180 213 c.
1200 190 1270 217 432.)

281 303 304 339 3
321 315 445 352 usque
476 303 526 340 ad
558 303 769 341 stationem
796 303 1017 340 Romanam
1048 303 1253 341 inferrent.
1297 303 1387 341 Nox
1410 303 1489 341 iam
1514 303 1748 354 appetebat,

320 371 361 407 id
392 371 601 420 prohibuit·
631 371 874 408 munimenta
908 370 1080 415 adoriri,
1112 384 1183 408 nec
1211 371 1527 419 dissimulabant,
1558 374 1644 410 orta
1660 372 1748 411 luce

280 439 481 488 4postero
514 439 577 476 die
607 440 793 476 facturos.
861 439 1051 477 Dictator
1095 439 1165 476 ubi
1209 440 1437 489 propiorem
1478 453 1547 490 spe
1587 439 1749 478 dimica-

319 506 469 544 tionem
498 506 614 554 vidit,
655 521 704 545 ne
735 507 907 544 militum
938 506 1081 543 virtuti
1113 506 1257 545 damno
1288 508 1397 545 locus
1428 511 1541 555 esset,
1585 508 1749 558 ignibus

321 576 472 613 crebris
502 576 667 621 relictis,
697 576 765 626 qui
791 578 1045 624 conspectum
1068 575 1242 612 hostium
1258 576 1556 623 frustrarentur,
1587 576 1748 614 silentio

320 643 496 692 legiones
528 644 679 690 educit3
724 658 795 681 nec
841 648 972 681 tamen
1016 643 1157 680 fallere
1201 647 1366 693 propter
1404 643 1748 694 propinquitatem

279 711 302 747 5
320 716 539 749 castrorum
569 713 714 762 potuit.
758 713 890 762 Eques
908 711 1106 760 extemplo
1129 711 1329 748 insecutus
1345 711 1403 749 ita
1418 712 1571 749 institit
1585 712 1749 761 agmini,

319 783 374 825 ut,
407 780 530 817 donec
562 781 789 826 lucesceret,
820 780 961 829 proelio
993 780 1230 825 abstineret,
1275 792 1324 816 ne
1353 779 1556 829 pedestres
1587 780 1749 830 quidem

280 848 302 883 6
322 848 445 897 copiae
477 852 568 886 ante
599 850 726 886 lucem
758 849 899 886 castris
930 861 1108 897 egressae.
1167 847 1300 897 Eques
1330 848 1418 885 luce
1449 848 1605 885 demum
1631 861 1748 885 ausus

320 915 524 953 incursare
541 917 581 953 in
598 918 762 963 hostem,
793 916 992 966 carpendo
1015 915 1254 953 novissimos
1280 915 1574 966 premendoque
1597 915 1748 966 iniquis

320 983 370 1020 ad
400 984 615 1022 transitum
647 985 747 1022 locis
779 997 919 1033 agmen
951 983 1137 1021 detinuit.
1210 984 1383 1021 Interim
1422 983 1543 1034 pedes
1575 984 1747 1033 equitem

282 1052 531 1099 7assecutus,
563 1056 600 1090 et
631 1053 727 1090 totis
760 1053 839 1090 iam
871 1053 997 1102 copiis
1015 1051 1172 1089 Samnis
1202 1052 1382 1100 urgebat.
1442 1051 1545 1089 Tum
1563 1051 1749 1099 dictator,

319 1123 530 1168 postquam
562 1121 647 1158 sine
677 1134 820 1169 magno
853 1119 1104 1158 incommodo
1130 1120 1319 1169 progredi
1354 1134 1434 1158 non
1459 1123 1628 1170 poterat,
1659 1133 1748 1158 eum

320 1187 460 1236 ipsum,
492 1189 532 1225 in
563 1202 641 1238 quo
674 1189 919 1235 constiterat,
950 1189 1079 1225 locum
1112 1189 1253 1225 castris
1284 1188 1472 1226 dimetari
1503 1188 1627 1226 iussit.
1697 1187 1748 1225 Id

318 1268 424 1303 vero,
457 1257 696 1294 circumfuso
728 1257 906 1306 undique
938 1256 1130 1306 equitatu,
1161 1261 1203 1293 ut
1235 1257 1385 1294 vallum
1407 1260 1610 1306 peteretur
1633 1269 1747 1306 opus-

279 1323 304 1359 8
322 1337 397 1372 que
429 1324 638 1374 inciperet,
667 1325 755 1362 fieri
778 1339 857 1363 non
879 1327 1048 1374 poterat.
1093 1324 1237 1373 Itaque
1253 1324 1324 1362 ubi
1339 1337 1467 1374 neque
1483 1324 1604 1361 eundi
1619 1337 1747 1374 neque

317 1392 502 1429 manendi
535 1393 693 1443 copiam
724 1407 807 1431 esse
837 1392 959 1439 videt,
1005 1393 1168 1429 instruit
1207 1392 1334 1430 aciem
1374 1392 1669 1442 impedimentis
1700 1406 1747 1430 ex

317 1461 472 1508 agmine
502 1461 676 1498 remotis
750 1462 962 1498 Instruunt
1003 1464 1141 1498 contra
1179 1464 1219 1498 et
1257 1461 1410 1507 hostes,
1455 1463 1495 1497 et
1531 1460 1677 1498 animis
1708 1463 1746 1498 et

278 1526 301 1562 9
318 1528 474 1565 viribus
505 1542 630 1578 pares
689 1529 871 1567 Auxerat
898 1530 940 1566 id
966 1529 1138 1566 maxime
1163 1529 1327 1575 animos,
1359 1528 1465 1578 quod
1488 1528 1630 1577 ignari,
1660 1529 1747 1566 loco

318 1595 468 1644 iniquo,
498 1610 577 1634 non
607 1597 714 1634 hosti
737 1611 898 1644 cessum,
929 1597 1039 1634 velut
1061 1597 1260 1645 fugientes
1286 1610 1332 1634 ac
1356 1597 1518 1634 territos
1542 1596 1748 1635 terribiles

252 1662 396 1714 linsi
434 1665 558 1701 secuti
603 1666 770 1702 fuerant.
843 1665 893 1702 Id
932 1665 1180 1714 aliquamdiu
1219 1664 1393 1714 aequavit
1431 1678 1624 1714 pugnam,
1670 1665 1747 1703 iam

313 1731 474 1786 pridem
520 1733 682 1770 desueto
714 1732 893 1770 Samnite
940 1732 1151 1770 clamorem
1182 1732 1355 1770 Romani
1401 1733 1598 1770 exercitus
1642 1733 1745 1783 pati,

319 1804 358 1837 at
389 1800 549 1837 hercule
581 1801 651 1838 illo
684 1801 750 1838 die
781 1801 830 1837 ab
862 1801 958 1838 hora
992 1801 1073 1837 diei
1098 1801 1219 1837 tertia
1245 1800 1296 1837 ad
1323 1803 1503 1838 octavam
1531 1801 1586 1838 ita
1603 1813 1748 1850 anceps

320 1867 466 1904 dicitur
498 1872 695 1906 certamen
727 1869 899 1916 stetisse,
945 1872 989 1905 ut
1020 1882 1147 1918 neque
1179 1868 1346 1915 clamor,
1391 1871 1436 1905 ut
1465 1868 1596 1918 primo
1627 1868 1745 1906 semel

320 1949 512 1973 concursu
543 1940 602 1974 est
632 1937 823 1983 sublatus,
855 1937 1024 1974 iteratus
1062 1936 1115 1973 sit
1144 1950 1271 1986 neque
1303 1937 1418 1984 signa
1448 1939 1630 1986 promota
1660 1937 1747 1974 loco

254 2003 299 2039 11
320 2008 476 2041 retrove
506 2008 665 2054 recepta
704 2018 831 2054 neque
871 2018 1073 2043 recursum
1113 2005 1162 2042 ab
1201 2005 1285 2042 ulla
1325 2004 1377 2042 sit
1405 2008 1530 2054 parte.
1588 2004 1638 2042 In
1677 2017 1747 2042 suo

320 2072 485 2121 quisque
516 2073 645 2120 gradu
683 2073 832 2120 obnixi,
871 2076 1057 2122 urgentes
1097 2073 1235 2119 scutis,
1275 2072 1359 2110 sine
1397 2072 1662 2122 respiratione
1702 2085 1746 2110 ac

320 2144 502 2189 respectu
532 2141 783 2189 pugnabant;
829 2141 1009 2178 fremitus
1048 2141 1214 2191 aequalis
1243 2143 1437 2190 tenorque
1468 2140 1573 2178 idem
1604 2152 1747 2190 pugnae

256 2208 302 2243 12
322 2208 365 2245 in
396 2208 724 2257 defatigationem
757 2210 938 2247 ultimam
970 2212 1039 2246 aut
1068 2212 1222 2246 noctem
1260 2208 1475 2257 spectabat.
1533 2208 1621 2246 Iam
1649 2208 1747 2245 viris

320 2277 438 2323 vires,
468 2276 547 2313 iam
577 2277 681 2314 ferro
714 2290 783 2314 sua
812 2277 885 2324 vis,
917 2277 993 2315 iam
1024 2277 1191 2314 consilia
1223 2276 1392 2313 ducibus
1422 2276 1596 2322 deerant,
1627 2288 1747 2325 quum

321 2344 454 2381 subito
472 2343 714 2381 Samnitium
739 2345 902 2393 equites,
934 2358 1066 2394 quum,
1095 2348 1228 2381 turma
1252 2358 1330 2382 una
1357 2344 1517 2393 longius
1548 2346 1747 2393 provecta,

321 2412 576 2462 accepissent,
607 2411 892 2461 impedimenta
923 2412 1195 2451 Romanorum
1225 2412 1363 2461 procul
1394 2412 1444 2449 ab
1475 2411 1639 2449 armatis
1663 2411 1746 2448 sine

321 2480 521 2530 praesidio,
550 2480 634 2517 sine
665 2479 910 2517 munimento
942 2485 1058 2527 stare,
1087 2480 1281 2518 aviditate
1306 2480 1450 2529 praedae
1476 2479 1666 2528 impetum
1691 2478 1746 2516 fa-

256 2548 304 2583 13
323 2548 442 2584 ciunt.
488 2547 605 2594 Quod
625 2546 695 2583 ubi
714 2546 903 2584 dictatori
920 2549 1102 2597 trepidus
1117 2548 1279 2585 nuntius
1296 2547 1444 2594 attulit,
1463 2546 1584 2593 „Sine
1600 2545 1743 2583 modo“

322 2615 462 2664 inquit,
483 2628 591 2661 „sese
606 2615 741 2669 praeda
758 2615 1040 2664 praepediant.⁴·'
1089 2615 1180 2653 Alii
1198 2614 1342 2653 deinde
1359 2628 1476 2664 super
1492 2613 1604 2661 alios,
1621 2613 1746 2663 diripi
