1821 2928
338 216 424 255 214-
792 226 883 253 Liber
899 227 937 253 X.
973 226 1022 256 (A.
1040 234 1068 252 u.
1088 234 1112 252 c.
1130 227 1203 256 458.)

281 341 496 380 Claudium
512 342 717 390 collegam,
741 342 973 392 eloquentia
998 341 1264 391 civilibusque
1288 342 1441 381 artibus
1465 343 1574 381 haud
1594 343 1716 382 dubie

280 413 548 460 praestantem.
960 453 963 455 Α

169 474 222 522 16
369 477 554 516 Comitiis
583 478 770 528 perfectis
791 482 944 517 veteres
976 479 1155 516 consules
1188 478 1285 516 iussi
1306 479 1457 516 bellum
1486 479 1527 517 in
1551 478 1714 518 Samnio

239 549 263 585 2
282 561 430 597 gerere,
462 550 678 597 prorogato
711 548 752 584 in
783 561 851 585 sex
880 561 1032 585 menses
1063 547 1244 597 imperio.
1313 548 1456 598 Itaque
1488 548 1716 598 insequenti

73 627 111 654 A.
125 634 154 653 u.
169 629 261 654 e.458.
283 630 438 666 quoque
456 629 570 663 anno,
594 615 640 652 L.
651 615 883 663 Volumnio,
907 615 1016 665 App.
1035 615 1203 653 Claudio
1222 616 1462 664 consulibus,
1487 616 1533 654 P.
1550 617 1713 664 Decius,

72 661 110 688 A.
130 661 181 688 ch.
200 663 260 688 296.
280 685 350 735 qui
375 685 512 722 consul
538 684 581 721 in
602 682 764 721 Samnio
788 683 952 721 relictus
977 698 999 721 a
1023 684 1176 732 collega
1198 684 1340 731 fuerat,
1371 685 1586 735 proconsul
1608 684 1715 722 idem

278 753 467 804 populari
496 767 576 790 non
609 751 768 789 destitit
793 765 920 800 agrOS,
952 752 1076 790 donec
1102 751 1344 789 Samnitium
1375 753 1593 790 exercitum
1622 766 1713 791 nus-

235 824 258 861 3
276 835 394 873 quam
418 835 457 859 se
474 821 616 871 proelio
635 822 945 858 committentem
975 824 1176 870 postremo
1203 820 1359 871 expulit
1383 820 1541 859 finibus.
1593 821 1714 859 Etru-

278 891 380 929 riam
412 890 519 940 pulsi
549 890 752 939 petierunt
784 893 833 937 et,
869 889 975 939 quod
1005 889 1274 937 legationibus
1312 889 1578 939 nequicquam
1610 901 1713 939 saepe

276 961 542 1005 tentaverant,
583 958 625 995 id
666 972 706 995 se
744 960 857 995 tanto
899 957 1058 1006 agmine
1096 960 1349 1004 armatorum,
1388 957 1523 994 mixtis
1560 960 1714 996 terrore

277 1026 474 1077 precibus,
498 1028 657 1064 acturos
674 1026 874 1064 efficacius
898 1026 987 1073 rati,
1012 1027 1317 1076 postulaverunt
1339 1026 1572 1076 principum
1593 1026 1713 1064 Etru-

238 1095 348 1134 4riae
387 1095 612 1133 concilium.
680 1093 768 1141 Quo
809 1098 960 1141 coacto,
1000 1108 1071 1144 per
1112 1097 1210 1143 quot
1249 1108 1372 1132 annos
1413 1107 1485 1143 pro
1526 1094 1713 1132 libertate

277 1164 471 1201 dimicent
509 1176 597 1201 cum
628 1163 832 1209 Romanis,
872 1166 1092 1212 exponunt:
1140 1163 1274 1200 omnia
1315 1165 1499 1212 expertos
1541 1177 1635 1210 esse,
1677 1163 1711 1201 si

278 1233 439 1270 suismet
471 1233 647 1281 ipsorum
678 1231 833 1269 viribus
864 1231 1037 1268 tolerare
1067 1234 1220 1268 tantam
1246 1231 1388 1268 molem
1413 1231 1511 1268 belli
1533 1234 1712 1282 possent;

239 1302 451 1340 5tentasse
496 1300 616 1338 etiam
661 1300 770 1338 haud
814 1300 951 1349 magni
995 1300 1183 1337 momenti
1227 1299 1489 1337 finit-imarum
1534 1300 1712 1349 gentium

278 1369 442 1408 auxilia.
511 1368 666 1406 Petisse
710 1381 848 1418 pacem
894 1383 916 1406 a
960 1369 1110 1418 populo
1156 1368 1350 1414 Romano,
1396 1382 1517 1417 quum
1561 1369 1712 1407 bellum

274 1438 449 1475 tolerare
471 1450 550 1474 non
573 1440 752 1486 possent,
775 1436 1002 1483 rebellasse,
1026 1437 1132 1486 quod
1156 1450 1235 1486 pax
1258 1437 1526 1474 servientibus
1551 1437 1711 1486 gravior

236 1509 258 1546 6
277 1520 395 1556 quam
425 1505 565 1543 liberis
596 1505 747 1541 bellum
775 1508 893 1551 esset;
925 1519 1044 1542 unam
1068 1505 1146 1542 sibi
1171 1519 1280 1555 spem
1303 1505 1501 1555 reliquam
1527 1505 1568 1542 in
1591 1505 1711 1543 Etru-

276 1575 351 1612 scis
374 1577 536 1611 restare.
597 1571 719 1619 Scire,
745 1576 902 1621 gentem
926 1573 1058 1610 Italiae
1082 1573 1427 1623 opulentissimam
1450 1573 1581 1621 armis,
1603 1573 1712 1621 viris,

275 1642 445 1692 pecunia
483 1654 582 1687 esse;
623 1641 769 1677 habere
811 1641 965 1678 accolas
1004 1640 1154 1688 Gallos,
1194 1642 1298 1679 inter
1335 1642 1483 1679 ferrum
1524 1645 1564 1679 et
1602 1655 1712 1680 arma

274 1712 401 1757 natos,
431 1709 582 1746 feroces
613 1722 734 1758 quum
765 1712 905 1758 suopte
938 1709 1111 1757 ingenio,
1148 1712 1233 1746 tum
1266 1709 1456 1747 adversus
1486 1710 1712 1748 Romanum

275 1778 482 1828 populum,
515 1790 630 1826 quem
662 1779 822 1826 captum
855 1792 876 1814 a
908 1791 947 1814 se
979 1790 1156 1826 auroque
1181 1777 1444 1826 redemptum,
1477 1777 1583 1814 haud
1608 1791 1710 1815 vana

238 1847 482 1892 Viactantes,
514 1847 745 1882 memorent.
811 1844 925 1882 Nihil
966 1845 1114 1891 abesse,
1156 1845 1189 1882 si
1230 1845 1281 1882 sit
1321 1845 1476 1882 animus
1515 1845 1709 1893 Etruscis,

275 1914 344 1964 qui
375 1913 585 1951 Porsinnae
617 1912 819 1962 quondam
850 1913 1149 1962 maioribusque
1177 1927 1311 1950 eorum
1337 1913 1471 1960 fuerit,
1504 1914 1603 1963 quin
1629 1913 1708 1952 Ro-

275 1997 413 2020 manos
454 1982 562 2019 omni
607 1994 704 2030 agro
746 1981 801 2019 cis
842 1981 1022 2018 Tiberim
1063 1982 1198 2031 pulsos
1239 1980 1430 2019 dimicare
1470 1995 1543 2032 pro
1580 1982 1709 2019 salute

233 2053 258 2090 8
276 2064 355 2097 sua,
388 2063 467 2087 non
500 2050 547 2087 de
579 2049 834 2087 intolerando
857 2049 990 2087 Italiae
1015 2063 1137 2097 regno
1166 2053 1319 2098 cogant.
1380 2047 1599 2087 Samnitem
1625 2049 1710 2087 illis

275 2118 493 2156 exercitum
524 2122 720 2167 paratum,
753 2117 990 2155 instructum
1023 2118 1155 2165 armis,
1187 2117 1389 2167 stipendio
1415 2118 1586 2164 venisse3
1618 2131 1708 2155 con-

273 2187 405 2224 festim
437 2188 653 2232 secuturos,
694 2185 758 2223 vel
796 2186 829 2223 si
872 2187 923 2223 ad
962 2186 1090 2235 ipsam
1120 2186 1344 2223 Romanam
1382 2185 1521 2223 urbem
1558 2198 1708 2236 oppug-

273 2255 441 2292 nandam
475 2255 632 2291 ducant.

163 2321 214 2367 17
389 2323 488 2360 Haec
520 2335 585 2359 eos
617 2322 657 2358 in
681 2322 846 2359 Etruria
877 2322 1071 2360 iactantes
1102 2322 1390 2371 molientesque
1420 2321 1571 2358 bellum
1602 2321 1709 2359 domi

273 2392 497 2429 Romanum
528 2390 680 2427 urebat.
739 2388 841 2427 Nam
873 2390 919 2427 P.
951 2390 1112 2436 Decius,
1144 2389 1215 2426 ubi
1247 2389 1442 2439 comperit
1471 2402 1542 2439 per
1574 2390 1707 2438 explo-

273 2462 437 2504 ratores,
478 2458 699 2507 profectum
742 2456 981 2495 Samnitium
1024 2457 1251 2503 exercitum,
1299 2458 1492 2495 advocato
1539 2457 1706 2495 consilio

233 2530 256 2565 2
279 2526 413 2573 „Quid
453 2539 523 2576 per
563 2529 705 2574 0111105ιι
747 2525 879 2573 inquit
920 2539 1147 2573 ,.,vagamur,
1183 2525 1347 2562 vicatim
1385 2524 1707 2562 circumferentes

273 2593 451 2631 bellum?
519 2593 627 2640 Quin
666 2594 784 2630 urbes
831 2595 869 2628 et
908 2592 1053 2629 moenia
1093 2591 1379 2640 aggredimur?
1445 2592 1589 2630 Nullus
1627 2592 1706 2629 iam

276 2662 470 2700 exercitus
510 2660 671 2699 Samnio
713 2660 920 2711 praesidet3
967 2673 1116 2697 cessere
1157 2660 1302 2697 finibus
1348 2673 1392 2696 ac
1432 2659 1590 2696 sibimet
1629 2659 1707 2709 ipsi
