1821 2928
291 145 367 181 138
663 141 777 176 Liber
801 140 875 175 ΙΙΙ.
925 142 985 185 (A.
1010 152 1047 175 u.
1073 152 1102 175 c.
1128 142 1336 186 293-294.)

245 268 267 305 5
288 283 364 306 non
397 269 541 306 debere
573 269 727 308 violari.
774 268 976 307 Tribunus
1004 269 1244 319 supplicium
1269 273 1388 318 negat
1411 272 1659 319 sumpturum
1677 283 1718 308 se

285 341 332 377 de
366 341 608 387 indemnato3
651 344 901 379 servaturum
941 345 1074 378 tamen
1105 342 1146 378 in
1176 340 1348 378 vinculis
1380 354 1464 378 esse
1495 340 1545 378 ad
1575 341 1717 379 iudicii

285 412 398 460 diem,
448 417 504 461 ut,
551 413 621 462 qui
662 413 859 450 hominem
897 414 1109 460 necaverit,
1154 412 1202 450 de
1244 426 1287 450 eo
1319 413 1507 462 supplicii
1537 413 1719 450 sumendi

244 486 266 521 6
287 485 400 534 copia
431 485 580 534 populo
611 484 792 523 Romano
824 484 904 523 fiat.
966 485 1178 534 Appellati
1208 484 1361 522 tribuni
1391 484 1523 522 medio
1559 484 1717 523 decreto

286 556 344 593 ius
377 557 516 593 auxilii
550 557 611 594 sui
640 556 877 606 expediunt:
910 558 950 594 in
967 557 1128 595 vincula
1153 557 1299 594 coniici
1316 560 1469 603 vetant3
1502 556 1590 595 sisti
1606 569 1718 594 reum

284 629 584 677 pecuniamque,
629 628 670 665 ni
713 629 889 675 sistatur,
936 629 1085 678 populo
1116 629 1309 678 promitti,
1354 629 1513 678 placere
1543 641 1717 678 pronun-

246 701 397 737 Ttiant.
469 698 670 737 Summam
715 701 895 750 pecuniae
943 704 1132 750 quantam
1177 713 1334 750 aequum
1381 704 1482 737 esset
1526 700 1719 750 promitti,

283 773 465 810 veniebat
498 772 537 809 in
571 771 756 819 dubium;
788 772 828 809 id
861 773 910 809 ad
942 776 1120 810 senatum
1145 772 1347 819 reiicitur;
1379 785 1483 821 reus,
1517 772 1608 809 dum
1627 786 1717 810 con-

241 845 265 880 S
283 845 508 882 sulerentur
538 847 686 893 patres,
717 848 894 882 retentus
920 845 961 882 in
987 845 1150 895 publico
1169 847 1238 882 est.
1287 843 1424 881 Vades
1441 844 1529 882 dari
1544 843 1716 894 placuit3

282 930 403 953 unum
434 916 575 953 vadem
606 917 737 954 tribus
764 917 942 954 millibus
959 917 1050 953 aeris
1067 916 1365 965 obligaverunt;
1399 920 1496 965 quot
1512 916 1715 966 darentur⁷

281 989 518 1038 permissum
550 988 723 1025 tribunis
756 993 826 1027 est.
873 988 1025 1025 Decem
1056 988 1265 1034 finierunt3
1296 991 1357 1026 tot
1373 987 1541 1025 vadibus
1559 1001 1717 1026 accusa-

281 1066 342 1098 tor
374 1060 541 1098 vadatus
574 1063 632 1097 est
662 1074 784 1098 reum.
840 1061 918 1097 Hic
949 1061 1098 1110 primus
1129 1060 1248 1097 vades
1280 1060 1442 1109 publico
1474 1059 1596 1098 dedit.
1642 1059 1716 1096 Di-

283 1134 422 1170 missus
468 1147 488 1170 e
532 1134 618 1169 foro
665 1136 779 1170 nocte
825 1133 1010 1182 proxima
1050 1133 1089 1169 in
1122 1132 1271 1169 Tuscos
1311 1132 1353 1168 in
1385 1132 1568 1169 exsilium
1601 1131 1714 1170 abiit.

240 1204 431 1241 91udicii
478 1204 541 1241 die
587 1217 707 1252 quum
753 1208 1008 1242 excusaretur
1053 1205 1181 1242 solum
1223 1204 1386 1241 vertisse
1419 1203 1551 1241 exsilii
1583 1216 1713 1252 causa,

280 1276 404 1314 nihilo
437 1276 567 1313 minus
585 1275 781 1324 Verginio
813 1277 974 1314 comitia
997 1275 1179 1323 habente,
1210 1276 1372 1324 collegae
1390 1275 1583 1325 appellati
1600 1275 1715 1312 dimi-

215 1349 264 1384 10
281 1362 365 1385 sere
399 1348 620 1385 concilium.
668 1348 847 1386 Pecunia
878 1362 899 1385 a
930 1352 1044 1398 patre
1070 1351 1207 1385 exacta
1230 1348 1461 1395 crudeliter,
1489 1350 1546 1397 ut,
1580 1347 1715 1384 diven-

279 1420 371 1457 ditis
403 1421 586 1458 omnibus
617 1421 744 1467 bonis,
777 1420 1026 1470 aliquamdiu
1057 1423 1167 1457 trans
1185 1419 1363 1457 Tiberim
1380 1420 1490 1457 velut
1511 1419 1713 1468 relegatus

279 1492 393 1529 devio
426 1491 598 1542 quodam
629 1493 791 1541 tugurio
822 1493 985 1530 viveret.

151 1560 203 1606 14
391 1564 478 1601 Hoc
510 1564 703 1601 iudicium
735 1569 774 1602 et
804 1565 1059 1614 promulgata
1090 1565 1153 1601 lex
1185 1563 1364 1601 exercuit
1402 1563 1622 1609 civitatem3
1661 1562 1712 1600 ab

237 1636 259 1672 :2
279 1636 454 1673 externis
486 1637 605 1672 armis
637 1636 761 1673 otium
793 1637 882 1675 fuit.
930 1636 1058 1683 Quum
1091 1636 1202 1673 velut
1231 1635 1403 1673 victores
1429 1635 1594 1682 tribuni,
1624 1648 1712 1684 per-

276 1707 396 1744 culsis
427 1707 610 1757 patribus
629 1707 804 1746 Caesonis
836 1708 991 1757 exsilio,
1024 1720 1149 1757 prope
1179 1707 1375 1756 perlatam
1400 1719 1484 1744 esse
1502 1705 1712 1744 crederent

276 1779 416 1828 legem,
450 1783 499 1828 et,
534 1779 642 1829 quod
673 1780 724 1817 ad
755 1780 929 1817 seniores
959 1782 1116 1829 patrum
1134 1778 1364 1828 pertineret,
1396 1777 1607 1815 cessissent
1621 1791 1709 1827 pos·

232 1850 445 1888 3sessione
476 1852 535 1888 rei
563 1851 750 1901 publicae,
778 1852 965 1897 iuniores,
998 1850 1039 1887 id
1066 1850 1247 1899 maxime,
1282 1850 1390 1900 quod
1407 1848 1580 1887 Caesonis
1596 1849 1711 1887 soda-

273 1923 370 1960 lium
416 1923 502 1968 fuit,
550 1936 693 1961 auxere
738 1923 820 1960 iras
858 1923 898 1960 in
937 1923 1107 1972 plebem,
1156 1936 1234 1960 non
1276 1922 1505 1959 minuerunt
1535 1921 1709 1968 animos;

275 1994 344 2031 sed
377 1995 433 2031 ibi
465 1995 681 2044 plurimum
711 1995 932 2045 profectum
965 1998 1034 2040 est,
1068 1994 1174 2044 quod
1206 1994 1322 2032 modo
1354 1993 1524 2044 quodam
1555 1996 1710 2043 tempe—

230 2066 254 2102 4
273 2078 412 2103 ravere
445 2066 619 2116 impetus
650 2080 751 2106 suos.
814 2066 944 2114 Quum
975 2067 1103 2116 primo
1134 2070 1226 2116 post
1241 2065 1418 2103 Caesonis
1442 2065 1627 2102 exsilium
1643 2065 1708 2102 lex

274 2142 402 2186 coepta
433 2139 530 2175 ferri
563 2144 634 2188 est,
667 2139 853 2176 instructi
884 2138 1096 2188 paratique
1127 2151 1214 2175 cum
1245 2137 1400 2187 ingenti
1423 2137 1625 2174 clientium
1643 2151 1707 2174 ex-

273 2210 400 2246 ercitu
432 2210 489 2247 sic
520 2210 716 2258 tribunos,
750 2211 820 2248 ubi
853 2211 1023 2260 primum
1054 2212 1345 2248 summoventes
1376 2208 1586 2259 praebuere
1616 2221 1705 2246 cau-

272 2293 368 2328 sam,
415 2281 547 2318 adorti
585 2286 686 2328 sunt,
731 2288 777 2319 ut
814 2296 929 2319 nemo
960 2295 1062 2319 unus
1093 2281 1186 2319 inde
1216 2281 1459 2331 praecipuum
1491 2281 1706 2331 quicquam

272 2352 412 2401 gloriae
445 2353 602 2389 domum
637 2353 850 2391 invidiaeve
881 2353 1014 2403 ferret,
1061 2353 1172 2391 mille
1209 2366 1281 2403 pro
1312 2366 1391 2390 uno
1424 2351 1606 2391 Caesones
1637 2366 1702 2390 ex·

229 2424 253 2460 5
272 2425 420 2461 stitisse
449 2424 589 2474 plebes
621 2429 866 2473 quereretur.
927 2425 1074 2463 Mediis
1104 2425 1257 2473 diebus,
1293 2425 1437 2474 quibus
1467 2423 1624 2461 tribuni
1654 2423 1703 2461 de

271 2496 358 2544 lege
387 2509 467 2534 non
498 2500 671 2544 agerent,
702 2495 805 2532 nihil
836 2496 982 2533 eisdem
1007 2497 1088 2534 illis
1111 2496 1311 2547 placidius
1327 2499 1396 2533 aut
1413 2496 1585 2545 quietius
1603 2499 1700 2532 erat.

271 2567 449 2616 Benigne
494 2568 678 2613 salutare,
724 2566 877 2616 alloqui
922 2568 1050 2616 plebis
1089 2568 1278 2614 homines,
1322 2567 1481 2604 domum
1513 2566 1697 2615 invitare,

270 2638 405 2676 adesse
437 2639 479 2676 in
509 2639 606 2684 foro,
636 2638 820 2675 tribunos
852 2638 959 2688 ipsos
989 2641 1123 2675 cetera
1151 2638 1238 2687 pati
1268 2638 1352 2675 sine
1376 2637 1699 2687 interpellatione

271 2710 439 2747 concilia
468 2709 625 2757 habere,
663 2722 865 2759 nunquam
896 2709 970 2746 ulli
1001 2722 1129 2759 neque
1160 2709 1319 2759 publice
1350 2721 1480 2758 neque
1511 2709 1700 2759 privatim
