1821 2928
336 201 415 239 150
780 212 870 236 Liber
887 211 941 236 rx.
977 211 1024 240 (A.
1043 218 1071 235 u.
1091 218 1115 236 e.
1135 212 1205 240 434.)

215 326 263 362 10
281 338 432 362 omnem
465 325 563 362 iram
594 325 766 362 hostium
790 325 936 362 nostris
961 325 1161 374 capitibus
1185 325 1443 375 excipientes;
1474 339 1596 363 novos
1613 339 1702 363 con-

279 393 383 430 sules
423 393 680 442 legionesque
710 392 913 430 Romanas
952 393 1007 430 ita
1049 406 1134 429 cum
1168 391 1345 431 Samnite
1384 406 1521 442 gerere
1552 393 1702 430 bellum

215 461 258 496 ll
281 460 425 507 velitis,
456 463 499 497 ut
531 461 661 498 omnia
693 464 784 498 ante
814 474 885 498 nos
916 460 1098 497 consules
1129 461 1234 497 bella
1265 464 1375 509 gesta
1405 464 1533 498 sunt.“
1606 461 1703 508 Quae

278 528 348 565 ubi
389 528 501 573 dixit,
539 532 651 565 tanta
689 528 807 565 simul
849 527 1062 565 admiratio
1102 528 1382 578 miseratioque
1422 529 1501 566 viri
1542 529 1703 566 incessit

279 595 468 641 homines,
499 600 542 633 ut
574 596 690 633 modo
712 596 779 632 vix
804 596 1019 641 crederent,
1046 595 1158 632 illum
1182 596 1349 633 eundem
1375 609 1457 634 esse
1475 595 1542 646 Sp.
1559 597 1702 634 Postu-

212 664 259 699 12
280 663 414 710 mium,
446 664 514 713 qui
546 668 685 701 auctor
714 667 795 700 tam
813 663 925 700 foedae
943 663 1053 712 pacis
1077 663 1229 710 fuisset,
1256 663 1372 701 modo
1399 664 1704 711 miserarentur,-

277 731 382 780 quod
413 731 475 768 vir
505 732 598 768 talis
629 731 749 768 etiam
781 730 1025 781 praecipuum
1057 731 1164 780 apud
1192 731 1325 768 hostes
1352 732 1591 782 supplicium
1614 745 1702 782 pas-

214 799 262 834 13
281 812 394 835 surus
426 803 527 836 esset
557 800 607 837 ob
639 800 738 836 iram
772 799 978 848 diremptae
1011 798 1131 847 pacis.
1193 798 1322 845 Quum
1350 813 1482 837 omues
1514 799 1703 836 laudibus

278 866 394 904 modo
432 870 714 916 prosequentes
752 867 881 903 virum
920 866 960 902 in
1002 866 1236 903 sententiam
1269 867 1353 904 eius
1383 867 1556 917 pedibus
1587 867 1701 912 irent,

276 937 429 971 tentata
468 935 674 984 paulisper
711 934 944 971 intercessio
983 937 1044 970 est
1083 934 1131 971 ab
1170 934 1215 971 L.
1253 934 1371 972 Livio
1412 938 1451 972 et
1487 935 1534 982 Q.
1566 935 1702 972 Maelio

213 1001 453 1038 l4tribunis
485 1002 624 1050 plebis,
657 1002 727 1051 qui
758 1014 885 1051 neque
916 1001 1065 1038 exsolvi
1096 1001 1292 1050 religione
1323 1003 1513 1052 populum
1544 1003 1704 1040 aiebant

278 1068 480 1106 deditione
511 1082 592 1116 sua,
622 1069 701 1106 nisi
732 1069 862 1106 omnia
895 1067 1156 1116 Samnitibus,
1196 1070 1329 1119 qualia
1368 1071 1474 1120 apud
1506 1070 1702 1108 Caudium

211 1136 462 1182 l5fuissent,
501 1137 823 1183 restituerentur,
864 1151 991 1186 neque
1030 1151 1070 1174 se
1110 1151 1180 1186 pro
1221 1151 1278 1183 eo,
1324 1138 1431 1187 quod
1470 1139 1702 1188 spondendo

278 1217 413 1253 pacem
452 1209 673 1242 servassent
711 1205 930 1242 exercitum
968 1206 1110 1255 populi
1152 1205 1342 1251 Romani,
1383 1220 1538 1255 pcenam
1580 1206 1701 1243 ullam

279 1273 439 1309 meritos
478 1286 572 1319 esse,
612 1287 739 1322 neque
779 1272 828 1310 ad
867 1278 1097 1319 extremum,
1136 1287 1255 1322 quum
1288 1273 1529 1311 sacrosancti
1560 1276 1702 1319 essent,

160 1335 184 1381 9
280 1340 372 1376 dedi
404 1340 584 1377 hostibus
614 1340 808 1377 violarive
838 1354 962 1390 posse.
1023 1341 1124 1377 Tum
1155 1341 1387 1378 Postumius
1421 1340 1606 1385 „interea
1637 1340 1702 1378 de·

279 1408 385 1444 dite··
434 1408 565 1457 inquit
606 1409 816 1458 ,profanos
852 1422 936 1454 nos,
981 1421 1079 1458 quos
1125 1409 1232 1445 salva
1277 1408 1473 1456 religione
1517 1408 1702 1458 potestis,

237 1476 258 1510 2
280 1475 432 1512 dedetis
464 1475 608 1513 deinde
639 1479 678 1513 et
701 1476 796 1513 istos
819 1479 1102 1522 sacrosanctos,
1135 1490 1255 1525 quum
1278 1475 1452 1524 primum
1469 1476 1704 1525 magistratu

277 1543 461 1589 abierint,
495 1543 574 1589 sed,
606 1544 640 1580 si
670 1558 730 1581 me
762 1544 949 1590 audiatis,
979 1544 1213 1593 priusquam
1245 1543 1453 1589 dedantur,
1485 1544 1550 1580 hic
1576 1543 1617 1580 in
1642 1556 1702 1581 co-

278 1611 390 1648 mitio
427 1611 552 1659 virgis
591 1624 722 1657 caesos,
763 1612 863 1648 hanc
903 1612 980 1648 iam
1020 1615 1065 1648 ut
1102 1612 1347 1649 intercalatae
1384 1624 1511 1661 poenae
1541 1624 1702 1648 usuram

239 1678 461 1715 3habeant.
521 1678 623 1715 Nam
655 1679 760 1728 quod
792 1679 994 1716 deditione
1026 1682 1161 1716 nostra
1178 1682 1325 1727 negant
1342 1679 1491 1716 exsolvi
1507 1679 1704 1727 religione

275 1746 480 1795 populum,
513 1745 554 1782 id
587 1746 684 1783 istos
716 1747 854 1795 magis,
885 1760 933 1783 ne
966 1746 1174 1793 dedantur,
1206 1759 1323 1794 quam
1355 1746 1449 1795 quia
1479 1746 1536 1783 ita
1566 1759 1607 1783 se
1637 1760 1700 1782 res

275 1813 430 1859 habeat,
449 1814 591 1858 dicere,
610 1814 699 1863 quis
718 1815 816 1851 adeo
841 1814 938 1851 iuris
962 1814 1160 1851 fetialium
1186 1827 1324 1862 expers
1342 1817 1409 1860 est,
1429 1813 1499 1862 qui
1515 1812 1702 1862 ignoret?

237 1881 416 1930 4Neque
448 1894 519 1929 ego
553 1880 701 1918 infitias
733 1895 789 1927 eo,
823 1885 955 1930 patres
988 1882 1213 1931 conscripti,
1238 1885 1319 1918 tam
1338 1881 1570 1931 sponsiones
1586 1894 1706 1930 quam

275 1949 425 1986 foedera
456 1954 592 1985 sancta
622 1963 705 1986 esse
728 1949 834 1999 apu‘l
859 1963 924 1986 eos
948 1950 1139 1995 homines,
1165 1949 1271 1998 apud
1297 1962 1395 1998 quos
1418 1949 1529 1986 iuxta
1547 1948 1704 1985 divinas

275 2017 492 2064 religiones
522 2016 619 2053 fides
651 2018 823 2054 humana
855 2017 1018 2063 colitur;
1050 2017 1118 2053 sed
1142 2017 1297 2054 iniussu
1320 2016 1461 2066 populi
1476 2029 1576 2065 nego
1594 2016 1704 2065 quic-

242 2084 397 2134 5qua1n
437 2084 583 2121 sanciri
622 2098 748 2133 posse,
786 2085 891 2134 quod
931 2085 1124 2134 populum
1161 2087 1305 2122 teneat.
1378 2083 1458 2129 An,
1498 2083 1532 2120 si
1570 2083 1706 2121 eadem

278 2151 476 2201 superbia,
509 2164 586 2200 qua
618 2153 871 2201 sponsionem
904 2153 1019 2189 istam
1052 2154 1335 2202 expresserunt
1364 2151 1479 2188 nobis
1497 2149 1706 2196 Samnites,

280 2220 501 2267 coegissent
530 2232 601 2256 nos
631 2219 753 2256 verba
784 2220 963 2268 legitima
988 2219 1217 2257 dedentium
1239 2218 1358 2255 urbes
1375 2231 1616 2268 nuncupare,
1641 2218 1707 2255 de-

278 2287 405 2324 ditum
427 2286 619 2337 populum
643 2287 868 2324 Romanum
891 2301 962 2324 vos
984 2287 1143 2324 tribuni
1160 2285 1359 2332 diceretis,
1381 2287 1421 2322 et
1436 2284 1538 2322 hauc
1554 2285 1706 2329 urbem,

240 2356 261 2387 b*
279 2354 438 2403 templa,
472 2354 648 2401 delubra,
679 2354 787 2401 fines.
820 2369 942 2404 aquas
970 2354 1209 2392 Samnitium
1242 2352 1354 2390 esse?
1414 2351 1566 2389 Omitto
1597 2351 1707 2389 dedi-

278 2422 439 2468 tionem,
481 2421 667 2470 quoniam
707 2422 754 2458 de
792 2422 1005 2471 sponsione
1037 2421 1190 2469 agitur3
1223 2419 1320 2469 quid
1350 2418 1522 2466 tandem,
1553 2419 1587 2456 si
1618 2432 1707 2468 spo-

279 2489 565 2537 pondissemus,
598 2490 735 2526 urbem
766 2488 868 2525 hanc
900 2489 1134 2525 relicturum
1167 2487 1359 2537 populum
1390 2485 1645 2524 Romanum?
1675 2486 1710 2522 si

283 2545 560 2582 incensurum?
597 2545 630 2582 si
667 2545 934 2594 magistratus,
967 2545 999 2581 si
1031 2548 1223 2590 senatum,
1263 2543 1296 2580 si
1334 2543 1442 2590 leges
1479 2555 1559 2579 non
1599 2542 1709 2579 habi-

244 2614 444 2649 7turum?
477 2613 508 2649 si
541 2613 612 2650 sub
644 2612 805 2660 regibus
836 2612 1045 2649 futurum?
1091 2612 1148 2649 Di
1181 2610 1357 2656 meliora,
1389 2610 1534 2658 inquis.
1579 2609 1712 2658 Atqui
