1821 2928
299 96 380 134 256

870 807 1054 860 Liber
1101 805 1152 860 V.

295 988 414 1048 Pace
455 1011 556 1048 alibi
594 1015 710 1060 parta
739 1011 912 1048 Romani
945 1011 1119 1061 Veiique
1161 1012 1201 1048 in
1232 1011 1352 1049 armis
1384 1015 1498 1049 erant
1525 1015 1637 1049 tanta
1665 1013 1725 1050 ira

296 1082 478 1131 odioque,
510 1087 553 1119 ut
583 1083 702 1120 victis
733 1083 851 1120 finem
883 1084 1019 1120 adesse
1050 1087 1272 1133 appareret.
1320 1082 1491 1121 Comitia
1517 1084 1723 1134 utriusque

256 1159 278 1193 2
297 1154 437 1203 populi
469 1154 587 1203 longe
620 1155 778 1192 diversa
808 1155 962 1192 ratione
993 1155 1098 1192 facta
1130 1158 1231 1192 sunt.
1278 1154 1452 1192 Romani
1482 1168 1625 1192 auxere
1655 1156 1725 1192 tri-

92 1226 490 1298 {udl‘i--igssbunorum
536 1225 709 1262 militum
756 1227 953 1264 consulari
991 1228 1188 1276 potestate
1220 1239 1442 1273 numerum3
1489 1229 1589 1274 octo,
1628 1230 1724 1276 quot

192 1292 198 1298 ⁴
269 1293 493 1346 ‘nunquam
525 1301 651 1344 antea,
682 1297 818 1343 creati,
858 1297 922 1335 Μ’.
956 1298 1145 1334 AEmilius
1176 1297 1445 1335 Mamercinus
1476 1298 1632 1345 iterum,
1675 1298 1721 1336 L.

294 1368 478 1406 Valerius
495 1369 655 1406 Potitus
670 1371 844 1415 tertium,
869 1369 977 1419 App.
995 1369 1185 1406 Claudius
1205 1368 1380 1415 Crassus,
1404 1368 1459 1406 M.
1478 1369 1724 1416 Quinctilius

295 1440 437 1487 Varus,
483 1441 527 1478 L.
559 1441 688 1478 Iulius
718 1441 844 1488 Iulus,
884 1441 937 1478 M.
969 1441 1214 1487 Postumius,
1253 1440 1308 1477 M.
1341 1440 1487 1477 Furius
1519 1439 1726 1487 Camillus,

257 1517 279 1553 3
298 1513 351 1549 M.
382 1513 614 1550 Postumius
645 1512 832 1550 Albinus.
887 1513 1079 1551 Veientes
1110 1515 1248 1549 contra
1277 1512 1398 1549 taedio
1429 1524 1570 1550 annuae
1600 1512 1724 1551 ambi-

293 1584 424 1631 tionis,
456 1597 543 1634 quae
574 1585 777 1621 interdum
804 1585 1095 1622 discordiarum
1123 1598 1240 1622 causa
1257 1587 1352 1631 erat,
1382 1596 1516 1632 regem
1533 1596 1726 1622 creavere.

295 1655 473 1692 Offendit
505 1669 549 1692 ea
578 1669 641 1692 res
672 1656 910 1705 populorum
937 1655 1114 1692 Etruriae
1146 1656 1310 1702 animos,
1340 1668 1420 1692 non
1451 1655 1601 1693 maiore
1633 1655 1724 1693 odio

254 1728 410 1776 41'egni
450 1741 568 1777 quam
607 1728 732 1777 ipsius
773 1727 890 1775 regis.
951 1725 1096 1764 Gravis
1137 1727 1214 1764 iam
1246 1727 1279 1763 is
1309 1729 1425 1764 antea
1455 1727 1565 1775 genti
1594 1727 1725 1764 fuerat

293 1800 436 1849 opibus
467 1799 742 1849 superbiaque,
783 1799 876 1848 quia
916 1799 1122 1836 sollemnia
1152 1797 1346 1844 ludorum,
1385 1810 1482 1847 quos
1511 1797 1742 1835 intermitti‘

255 1872 277 1909 5
296 1872 404 1909 nefas
436 1875 506 1916 est,
536 1871 730 1908 violenter
762 1870 1000 1917 diremisset,
1037 1883 1157 1920 quum
1189 1869 1238 1906 ob
1270 1869 1371 1907 iram
1401 1869 1584 1919 repulsae,
1616 1869 1723 1919 quod

292 1942 482 1991 suffragio
507 1942 716 1980 duodecim
743 1942 980 1992 populorum
1005 1941 1106 1978 alius
1130 1941 1312 1979 sacerdos
1338 1941 1374 1978 ei
1396 1940 1587 1990 praelatus
1610 1944 1723 1988 esset,

292 2014 475 2061 artifices,
522 2028 689 2064 quorum
730 2027 873 2063 magna
911 2027 1002 2063 pars
1043 2013 1169 2063 ipsius
1200 2013 1305 2051 servi
1338 2016 1462 2059 erant,
1509 2025 1558 2050 ex
1589 2012 1721 2050 medio

254 2086 451 2124 6ludicro
497 2090 658 2135 repente
703 2085 878 2123 abduxit.
941 2083 1048 2122 Gens
1086 2085 1221 2134 itaque
1261 2087 1352 2122 ante
1383 2097 1517 2121 omnes
1547 2083 1645 2121 alias
1675 2096 1721 2121 eo

294 2157 418 2205 magis
451 2157 588 2194 dedita
618 2157 893 2205 religionibus,
933 2157 1040 2206 quod
1080 2156 1295 2193 excelleret
1331 2158 1416 2193 arte
1456 2155 1613 2193 colendi
1643 2167 1719 2202 eas,

293 2229 487 2266 auxilium
505 2228 743 2266 Veientibus
775 2228 1013 2277 negandum,
1045 2228 1170 2265 donec
1200 2228 1273 2265 sub
1296 2240 1390 2277 rege
1417 2229 1556 2273 essent,
1587 2225 1719 2263 decre-

255 2300 371 2346 7vit;
413 2300 524 2337 cuius
565 2299 714 2337 decreti
754 2313 966 2349 suppressa
1003 2300 1107 2336 fama
1146 2302 1204 2336 est
1234 2298 1347 2336 Veiis
1376 2301 1543 2348 propter
1573 2300 1719 2335 metum

291 2371 409 2420 regis,
450 2371 531 2420 qui,
569 2384 592 2408 a
623 2383 701 2419 quo
732 2371 812 2407 tale
844 2371 941 2419 quid
973 2371 1123 2408 dictum
1154 2371 1379 2416 referretur,
1409 2382 1482 2419 pro
1514 2368 1719 2406 seditionis

252 2445 276 2482 8
294 2457 381 2481 eum
412 2443 604 2492 principe,
635 2455 712 2478 non
743 2441 835 2478 vani
867 2442 1059 2479 sermonis
1090 2445 1250 2479 auctore
1280 2440 1466 2478 habebat.
1525 2438 1718 2477 Romanis

292 2515 365 2552 etsi
397 2515 539 2564 quietae
569 2527 632 2552 res
662 2526 710 2550 ex
725 2512 1218 2559 Etruria,nuntiabantur,
1249 2515 1392 2558 tamen,
1425 2511 1519 2560 quia
1537 2509 1717 2547 omnibus

253 2588 275 2624 9
295 2586 476 2623 conciliis
508 2598 591 2623 eam
622 2597 703 2621 rem
735 2583 880 2631 agitari
907 2583 1161 2630 afferebatur,
1194 2583 1249 2621 ita
1274 2581 1517 2627 muniebant,
1546 2584 1592 2618 ut
1606 2580 1714 2618 anci-

291 2657 393 2706 pitia
424 2657 666 2694 munimenta
698 2657 844 2692 essent:
877 2654 955 2692 alia
985 2655 1025 2691 in
1052 2655 1191 2692 urbem
1216 2657 1256 2691 et
1273 2657 1409 2691 contra
1425 2652 1715 2702 oppidanorum
