1821 2928
383 260 462 297 246
842 268 932 293 Liber
949 268 986 293 X.
1024 267 1071 295 (A.
1091 275 1118 293 u.
1139 275 1163 293 c.
1183 268 1253 298 461.)

326 385 391 421 die
423 385 471 422 ad
489 384 754 434 Aquiloniam
776 383 1018 420 Samnitium
1050 383 1179 419 millia
1208 383 1355 432 viginti
1386 384 1557 421 trecenti
1587 383 1755 433 quadra-

325 453 448 501 ginta,
480 456 596 501 capta
626 453 705 489 tria
728 452 858 489 millia
885 451 1107 500 octingenti
1131 454 1170 487 et
1186 451 1450 500 septuaginta,
1481 452 1595 501 signa
1611 451 1754 489 milita-

287 521 308 555 5
326 521 385 557 ria
415 521 635 568 nonaginta
665 524 826 570 septem.
887 519 1069 556 Ceterum
1103 519 1204 556 illud
1231 519 1428 557 memoriae
1457 519 1646 567 traditur,
1676 533 1757 558 non

324 588 446 625 ferme
477 588 600 625 alium
632 588 772 626 ducem
803 587 997 624 laetiorem
1030 587 1070 623 in
1103 587 1189 624 acie
1205 588 1333 624 visum
1350 601 1419 625 seu
1435 591 1576 638 suopte
1592 588 1755 637 ingenio

288 659 307 692 7
326 670 394 693 seu
424 656 571 693 fiducia
601 657 701 694 bene
732 655 920 705 gerundae
950 656 1022 693 rei.
1082 655 1150 693 Ab
1176 656 1313 693 eodem
1330 656 1472 694 robore
1489 656 1612 694 animi
1627 670 1765 712 neque·

326 728 579 762 controverso
622 725 800 774 auspicio
842 724 1021 761 revocari
1063 738 1085 761 a
1129 725 1271 774 proelio
1317 725 1452 775 potuit
1497 729 1536 762 et
1581 725 1622 762 in
1667 725 1754 775 ipso

325 792 569 839 discrimine,
615 806 692 842 quo
738 793 888 841 templa
926 792 1012 829 deis
1054 793 1346 830 immortalibus
1376 794 1513 831 voveri
1543 807 1627 831 mos
1659 797 1755 840 erat,

325 865 500 907 voverat,
530 861 621 898 1ovi
652 860 822 906 Victori,
854 861 886 897 si
918 861 1097 910 legiones
1128 861 1300 898 hostium
1331 861 1521 908 fudisset,
1565 861 1757 911 pocillum

326 929 454 975 mulsi,
486 929 718 978 priusquam
749 932 939 966 temetum
970 929 1137 976 biberet,
1169 943 1251 966 sese
1283 930 1491 967 facturum.
1549 929 1600 966 Id
1620 932 1755 967 votum

326 996 388 1034 dis
420 996 533 1034 cordi
564 997 651 1044 fuit,
682 1000 721 1034 et
752 997 930 1046 auspicia
962 997 1004 1034 in
1035 997 1184 1035 bonum
1214 1000 1431 1035 verterunt.

190 1060 249 1108 43
444 1065 595 1102 Eadem
618 1065 780 1102 fortuna
805 1064 855 1102 ab
883 1065 1008 1102 altero
1033 1065 1194 1103 consule
1219 1065 1270 1103 ad
1297 1065 1522 1103 Cominium
1548 1068 1659 1115 gesta
1683 1079 1756 1103 res.

324 1133 463 1170 Prima
492 1133 579 1170 luce
611 1133 662 1169 ad
693 1133 838 1170 moeuia
869 1133 1052 1171 omnibus
1083 1133 1208 1183 copiis
1240 1133 1421 1181 admotis,
1453 1147 1599 1172 corona
1630 1134 1754 1171 cinxit

324 1201 463 1238 urbem
495 1201 754 1251 subsidiaque
785 1201 908 1248 firma,
939 1215 987 1238 ne
1019 1215 1098 1251 qua
1129 1201 1288 1251 eruptio
1319 1201 1443 1249 fieret,
1473 1202 1602 1252 portis
1633 1215 1755 1252 oppo—

284 1271 306 1306 2
325 1270 415 1306 suit.
474 1269 561 1306 Iam
593 1270 751 1318 signum
783 1269 943 1306 dant-em
974 1283 1063 1306 eum
1093 1270 1259 1307 nuntius
1291 1284 1313 1307 a
1338 1270 1494 1319 collega
1507 1270 1692 1320 trepidus
1709 1270 1758 1308 de

323 1338 470 1387 viginti
501 1338 725 1376 cohortium
748 1338 921 1375 adventu
945 1341 984 1374 et
1009 1337 1058 1374 ab
1086 1338 1237 1387 impetu
1260 1341 1436 1376 moratus
1459 1341 1519 1376 est
1544 1341 1584 1375 et
1603 1341 1758 1388 partem

326 1406 533 1456 copiarum
564 1419 750 1444 revocare
781 1406 1018 1443 instructam
1048 1407 1321 1456 intentamque
1362 1407 1414 1444 ad
1444 1406 1758 1456 oppugnandum

287 1475 309 1511 3
327 1475 469 1523 coegit.
528 1475 580 1512 D.
611 1474 781 1510 Brutum
812 1472 989 1512 Scaevam
1030 1474 1207 1523 legatum
1243 1487 1333 1511 cum
1364 1475 1521 1522 legione
1559 1475 1689 1524 prima
1718 1478 1758 1512 et

325 1543 461 1580 decem
493 1542 721 1580 cohortibus
753 1542 888 1579 alariis
920 1542 1180 1592 equitatuque
1218 1543 1276 1580 ire
1315 1542 1504 1580 adversus
1533 1543 1757 1580 subsidium

285 1610 498 1648 4hostium
530 1611 664 1647 iussit:
707 1623 944 1659 quocunque
976 1610 1019 1646 in
1050 1610 1136 1648 loco
1169 1610 1310 1648 fuisset
1342 1610 1506 1658 obvius,
1546 1610 1758 1648 obsisteret

325 1692 369 1716 ac
400 1682 634 1725 moraretur,
664 1691 914 1727 manumque,
945 1678 980 1715 si
1012 1678 1114 1714 forte
1146 1678 1201 1715 ita
1233 1692 1295 1716 res
1326 1682 1517 1728 posceret,
1548 1679 1758 1726 conferret,

285 1745 443 1784 5modo
474 1760 522 1784 ne
562 1746 613 1784 ad
645 1746 871 1783 Cominium
911 1759 966 1782 eae
1003 1746 1128 1795 copiae
1167 1746 1373 1783 admoveri
1417 1750 1590 1796 possent.
1662 1746 1757 1796 Ipse

323 1816 450 1853 scalas
479 1814 576 1851 ferri
608 1814 658 1851 ad
689 1827 822 1851 muros
853 1814 902 1851 ab
935 1814 1041 1851 omni
1066 1817 1179 1863 parte
1203 1814 1315 1851 urbis
1342 1814 1459 1851 iussit
1484 1828 1530 1852 ac
1553 1814 1757 1852 testudine

323 1884 374 1921 ad
413 1887 551 1933 portas
596 1882 803 1928 successit;
850 1882 967 1919 simul
1016 1886 1054 1920 et
1094 1882 1422 1931 refringebantur
1457 1886 1584 1932 portae
1621 1885 1661 1920 et
1695 1883 1756 1920 vis

323 1951 499 2001 undique
531 1951 571 1987 in
603 1964 735 1988 muros
765 1950 896 1988 fiebat.
958 1950 1158 1988 Samnites
1189 1951 1305 1998 sicut,
1336 1954 1550 2002 antequam
1574 1950 1616 1988 in
1631 1951 1756 1989 muris

321 2019 506 2056 viderent
537 2022 721 2066 armatos,
751 2018 847 2055 satis
872 2019 997 2056 animi
1024 2018 1252 2056 habuerunt
1277 2019 1327 2056 ad
1352 2019 1625 2069 prohibendos
1640 2018 1755 2056 urbis

283 2088 304 2123 6
324 2086 439 2124 aditu
468 2086 610 2133 hostes,
640 2087 707 2133 ita,
738 2090 949 2136 postquam
981 2087 1061 2124 iam
1090 2100 1170 2124 non
1209 2101 1256 2124 ex
1291 2087 1504 2124 intervallo
1531 2100 1603 2124 neo
1626 2087 1754 2124 missi-

322 2155 446 2200 libus,
487 2154 556 2191 sed
588 2154 765 2191 cominus
805 2155 1020 2204 gerebatur
1057 2169 1120 2192 res
1152 2159 1211 2202 et,
1251 2156 1319 2204 qui
1351 2168 1454 2204 aegre
1485 2158 1756 2192 successerant

324 2236 369 2259 ex
399 2223 520 2272 plano
552 2222 594 2258 in
624 2235 768 2268 muros,
800 2223 898 2269 loco,
930 2237 1046 2272 quem
1077 2224 1205 2273 magis
1230 2224 1456 2271 timuerant,
1486 2223 1606 2270 victo,
1635 2222 1755 2260 facile

284 2292 305 2325 7
323 2290 366 2326 in
396 2290 549 2327 hostem
580 2289 773 2338 imparem
805 2304 852 2327 ex
884 2305 997 2341 aequo
1028 2292 1276 2341 pugnabant,
1306 2292 1457 2329 relictis
1472 2291 1653 2328 turribus
1671 2304 1753 2328 mu-

322 2358 456 2407 risque
487 2358 530 2394 in
560 2357 690 2394 forum
722 2372 857 2396 omnes
888 2360 1104 2409 compulsi,
1141 2360 1344 2409 paulisper
1375 2359 1470 2396 inde
1499 2362 1755 2397 tentaverunt

280 2426 539 2463 Sextremam
569 2438 713 2475 pugnae
744 2426 965 2473 fortunam3
997 2427 1140 2465 deinde
1172 2428 1338 2465 abiectis
1363 2427 1482 2465 armis
1499 2426 1550 2464 ad
1566 2426 1753 2463 undecim

322 2493 448 2531 millia
478 2494 683 2530 hominum
715 2497 754 2530 et
784 2495 1072 2543 quadringenti
1111 2495 1154 2532 in
1184 2496 1302 2534 fidem
1335 2496 1508 2534 consulis
1537 2497 1751 2540 venerunt3

323 2574 421 2598 caesa
453 2561 503 2598 ad
535 2564 724 2610 quattuor
754 2561 883 2599 millia
914 2563 1135 2612 octingenti
1167 2564 1382 2613 octoginta.

283 2630 304 2664 9
437 2627 503 2666 Sic
535 2629 586 2666 ad
603 2628 838 2675 Cominium,
869 2630 925 2667 sio
952 2630 1002 2666 ad
1019 2631 1285 2680 Aquiloniam
1310 2632 1420 2679 gesta
1443 2643 1526 2675 res3
1557 2629 1650 2666 inde
1674 2643 1750 2666 me-

324 2696 389 2733 dio
419 2696 523 2733 inter
556 2697 653 2734 duas
684 2696 803 2734 urbes
835 2697 978 2747 spatio,
1008 2698 1078 2734 ubi
1108 2697 1229 2735 tertia
1252 2700 1480 2747 exspectata
1504 2701 1589 2734 erat
1604 2710 1750 2747 pugna,
