1821 2928
575 206 664 232 Liber
681 206 736 231 1x.
773 206 820 232 (A.
840 205 892 231 cn.
912 207 983 235 814.)
1362 197 1436 234 171

61 321 280 371 Latiorque
325 325 363 358 et
408 333 450 358 re
497 323 535 357 et
578 321 761 369 personis
808 321 974 370 quaestio
1013 320 1109 361 fieri.
1150 321 1260 359 haud
1302 322 1504 360 abnuente

61 389 268 434 dictatore,
306 389 391 426 sine
429 388 506 426 fine
543 388 627 425 ulla
664 389 896 438 quaestionis
935 402 1014 426 suae
1056 390 1116 426 ius
1149 404 1243 428 esse.
1317 391 1501 429 Postula·
1524 391 1574 428 lO

60 458 208 495 bantur
239 471 332 505 ergo
363 457 518 495 nobiles
549 456 738 503 homines,
771 458 1149 507 appellantibusque
1179 459 1364 497 tribunos
1388 473 1502 497 nemo

62 531 147 563 erat
177 526 339 572 auxilio,
380 525 476 575 quin
516 526 677 562 nomina
709 527 991 576 reciperentur.
1066 526 1168 564 Inde
1200 529 1400 574 nobilitas,
1431 542 1502 565 nee
1526 527 1566 563 ll

62 594 91 632 ii
134 594 265 641 modo,
311 595 351 631 in
398 606 497 643 quos
544 594 691 630 crimen
731 594 1024 642 intendebatur,
1065 595 1133 633 sed
1172 597 1348 634 universi
1386 597 1503 634 simul

63 676 219 712 negare,
258 662 453 700 nobilium
493 662 534 699 id
574 662 723 700 crimen
765 677 857 709 esse,
898 664 1060 712 quibus,
1098 664 1131 700 si
1170 665 1281 702 nulla
1324 665 1506 702 obstetur

61 730 212 778 fraude,
244 734 379 781 pateat¹
408 730 474 767 via
505 730 556 767 ad
588 730 792 777 honorem,
823 731 891 768 sed
922 732 1126 769 hominum
1157 746 1365 779 novorum,
1396 733 1503 782 ipsos
1527 731 1574 767 12

63 799 161 837 adeo
217 799 453 836 dictatorem
492 799 806 848 magistrumque
852 800 1030 848 equitum
1075 813 1166 837 reos
1211 802 1338 849 magis
1384 814 1503 850 quam

64 868 298 918 quaesitores
330 867 496 904 idoneos
527 867 610 904 eius
643 867 820 904 criminis
853 881 947 914 esse,
980 868 1345 918 intellecturosque,
1377 871 1432 907 {ta
1463 869 1506 907 id

63 950 158 983 esse,
189 935 307 973 simul
339 936 578 984 magistratu
609 935 797 973 abissent.
851 934 953 972 Tum
978 936 1178 973 enimvero
1209 937 1390 976 Maenius.
1423 938 1500 975 iam
1521 936 1571 973 13

63 1005 178 1042 famae
218 1005 346 1053 magis
388 1017 506 1053 quam
542 1003 701 1053 imperii
740 1017 900 1051 memor,
940 1018 1176 1054 progressus
1207 1005 1249 1042 in
1281 1007 1506 1044 contionem

63 1073 120 1110 ita
148 1073 273 1110 verba
302 1073 416 1110 fecit:
451 1072 528 1118 „Et
560 1086 694 1109 omnes
725 1077 816 1109 ante
843 1076 940 1109 actae
956 1073 1049 1110 vitae
1072 1087 1141 1110 vos
1165 1074 1344 1111 conscios
1367 1075 1505 1120 habeo,
1525 1073 1577 1110 14

64 1141 254 1189 Quirites,
287 1146 326 1178 et
355 1141 419 1178 hic
450 1141 534 1190 ipse
565 1140 690 1178 honos
722 1140 879 1178 delatus
903 1141 954 1178 ad
978 1155 1039 1179 me
1060 1142 1175 1179 testis
1193 1145 1252 1178 est
1270 1143 1506 1181 innocentiae

64 1223 179 1257 meae:
222 1223 351 1260 neque
383 1210 499 1256 enim,
531 1209 639 1259 quod
670 1222 774 1259 saepe
806 1209 918 1256 alias,
950 1211 1043 1259 quia
1073 1210 1129 1246 ita
1159 1214 1339 1261 tempora
1369 1216 1505 1262 postu-

63 1279 203 1316 labant
232 1279 291 1316 rei
322 1278 504 1328 publicae,
537 1277 605 1327 qui
630 1277 738 1315 bello
762 1278 1007 1316 clarissimus
1024 1281 1138 1324 esset,
1165 1277 1234 1314 sed
1252 1277 1321 1326 qui
1336 1276 1506 1314 maxime

35 1347 205 1398 'procul
242 1347 292 1384 ab
334 1347 395 1384 his
434 1346 675 1384 coitionibus
713 1346 834 1383 vitam
876 1347 1033 1395 egisset,
1065 1346 1238 1384 dictator
1269 1344 1505 1394 deligendus

65 1415 295 1453 exercendis
326 1414 614 1464 quaestionibus
645 1414 733 1451 fuit.
808 1414 887 1452 Sed
929 1415 1117 1464 quoniam
1159 1414 1322 1464 quidam
1351 1412 1506 1450 nobiles
1529 1414 1578 1451 15

65 1484 244 1521 homines
286 1484 382 1533 (qua
419 1482 467 1521 de
505 1496 635 1529 causa,
673 1496 743 1521 vos
775 1483 1001 1521 existimare
1033 1497 1151 1533 quam
1182 1497 1243 1520 me
1274 1495 1347 1532 pro
1386 1481 1508 1530 magi-

66 1556 195 1590 stratu
227 1552 440 1602 quicquam
472 1552 761 1601 incompertum
786 1551 916 1589 dicere
939 1551 1082 1589 melius
1107 1553 1182 1601 est)
1209 1551 1382 1601 primum
1399 1551 1507 1600 ipsas

67 1634 295 1671 expugnare
334 1621 574 1670 quaestiones
607 1621 714 1658 omni
753 1633 826 1670 ope
857 1621 987 1657 annisi
1025 1622 1129 1666 sunt,
1162 1619 1265 1666 dein,
1295 1623 1508 1669 postquam
1529 1619 1577 1656 16

66 1689 117 1727 ad
150 1689 190 1727 id
221 1702 363 1739 parum
393 1692 576 1739 potentes
607 1692 734 1735 erant,
763 1702 812 1726 ne
844 1702 1002 1726 causam
1034 1688 1225 1733 dicerent,
1257 1688 1298 1725 in
1322 1686 1512 1737 praesidia

66 1757 397 1804 adversariorum,
428 1756 738 1807 appellationem
770 1760 808 1794 et
838 1757 1099 1794 tribunicium
1123 1756 1327 1802 auxilium,
1351 1755 1510 1805 patricii

66 1826 343 1875 confugerunt,
373 1830 574 1875 postremo
606 1825 758 1874 repulsi
789 1824 882 1862 inde
913 1824 1028 1873 (adeo
1046 1825 1177 1862 omnia
1201 1825 1363 1869 tutiora,
1388 1836 1506 1872 quam
1527 1823 1577 1859 17

66 1899 111 1931 ut
156 1893 424 1931 innocentiam
463 1907 575 1931 suam
619 1898 852 1943 purgarent,
896 1894 998 1942 visa)
1041 1893 1082 1930 in
1120 1905 1191 1928 nos
1222 1892 1438 1938 irruerunt,
1470 1894 1510 1928 et

66 1963 234 2012 privatis
281 1962 516 2000 dictatorem
561 1975 724 2012 poscere
768 1975 879 1998 reum
926 1960 1174 1998 verecundiae
1219 1973 1299 1996 11011
1336 1959 1423 2005 fuit,
1464 1961 1509 1995 ut
1529 1958 1579 1996 18

67 2045 203 2068 omnes
236 2031 277 2068 di
307 2031 566 2080 hominesque
597 2030 735 2075 sciant,
767 2029 816 2066 ab
847 2029 928 2066 illis
961 2029 1092 2075 etiam,
1125 2041 1212 2078 quae
1238 2041 1318 2065 non
1343 2027 1510 2077 possint,

67 2099 227 2146 tentari,
258 2113 307 2136 ne
338 2099 533 2136 rationem
563 2099 657 2136 vitae
687 2097 871 2144 reddant,
910 2111 971 2134 me
1002 2096 1161 2134 obviam
1193 2097 1251 2133 ire
1283 2095 1441 2133 crimini
1472 2100 1511 2132 et

69 2167 209 2206 offerre
242 2181 302 2205 me
340 2167 512 2205 inimicis
552 2179 672 2212 reum,
706 2165 907 2203 dictatura
938 2179 999 2202 me
1031 2165 1185 2203 abdico.
1244 2164 1331 2202 Vos
1363 2177 1510 2214 quaeso,
1532 2165 1581 2203 19

71 2236 263 2282 consules,
300 2236 334 2273 si
369 2236 484 2273 vobis
523 2234 660 2272 (latum
701 2234 750 2271 ab
789 2238 930 2271 senatu
967 2234 1171 2283 negotium
1208 2233 1341 2278 fuerit,
1380 2233 1419 2269 in
1451 2245 1512 2269 me

70 2305 241 2355 primum
274 2310 311 2341 et
352 2303 457 2340 l=unc
488 2302 543 2339 M.
576 2302 735 2339 Folium
777 2303 1017 2351 quaestiones
1051 2302 1277 2347 exerceatis.
1314 2304 1359 2337 ut
1390 2313 1510 2349 appa·

70 2377 167 2419 reat,
200 2372 428 2410 innocentia
459 2377 594 2408 nostra
625 2384 709 2417 nos,
739 2384 818 2407 non
849 2371 1057 2408 maiestate
1080 2370 1241 2407 lionoris
1265 2373 1372 2406 tutos
1399 2382 1420 2405 a
1438 2368 1511 2405 cri·

71 2440 359 2478 minationibus
385 2441 472 2478 istis
498 2444 618 2478 esse.'·‘
665 2438 844 2476 Abdicat
866 2438 959 2476 inde
983 2453 1024 2476 se
1041 2439 1243 2476 dictatura
1261 2440 1404 2486 etpost
1422 2449 1510 2473 eum
1529 2436 1583 2473 20

72 2509 278 2547 confestim
311 2509 450 2547 Folius
482 2508 713 2558 magisterio
749 2507 943 2556 equitum3
974 2507 1174 2558 primique
1198 2505 1303 2555 apud
1334 2504 1513 2542 consules

72 2577 139 2626 (iis
185 2579 289 2615 enim
320 2578 370 2616 ab
411 2582 550 2615 senatu
589 2575 775 2614 mandata
810 2588 874 2612 res
906 2577 981 2624 est)
1011 2575 1069 2612 rei
1099 2575 1196 2612 facti
1227 2573 1415 2611 adversus
1444 2586 1512 2609 no-

73 2645 215 2684 bilium
244 2647 474 2684 testimonia
506 2645 664 2695 egregie
695 2644 970 2682 absolvuntur.
1015 2642 1220 2680 Publilius
1244 2642 1363 2680 etism
1381 2640 1512 2687 Philo,
1530 2640 1580 2677 21
