1821 2928
557 149 676 184 Liber
703 148 748 183 v.
800 150 863 193 (A.
890 148 956 184 eh.
980 149 1077 193 390.)
1458 152 1538 190 305

93 281 203 317 tator
242 277 469 324 intervenit,
512 276 739 326 auferrique
778 290 918 314 aurum
951 277 999 315 de
1032 275 1162 315 medio
1195 279 1234 314 et
1265 275 1406 315 Gallos
1437 289 1539 314 sum-

94 351 244 389 moveri
275 350 397 388 iubet.
444 349 577 397 Quum
609 349 672 387 illi
700 349 918 387 renitentes
936 353 1074 400 pactos
1092 348 1272 387 dicerent
1288 362 1384 397 sese,
1416 352 1536 398 negat
1554 350 1577 386 2

93 436 180 461 eam
212 423 437 472 pactionem
467 425 593 459 ratam
626 435 722 468 esse,
754 435 855 472 quae,
886 427 1100 472 postquam
1132 421 1217 472 ipse
1243 421 1415 459 dictator
1431 434 1538 458 crea-

92 499 158 532 tus
189 497 303 541 esset,
335 494 490 531 iniussu
522 507 593 531 suo
625 494 674 531 ab
701 494 902 532 inferioris
929 494 1030 532 iuris
1046 494 1287 543 magistratu
1303 494 1409 532 facta
1427 497 1540 538 esset,

94 567 386 616 denuntiatque
419 564 562 612 Gallis,
599 569 645 603 ut
685 579 725 604 se
766 565 816 607 ad
855 565 1042 616 proelium
1075 565 1299 615 expediant.
1360 564 1462 603 Suos
1495 565 1578 603 51.ss

93 651 279 677 acervum
312 638 510 676 coniicere
542 638 720 676 sarcinas
752 641 792 676 et
823 651 933 676 arma
964 640 1100 687 aptare
1118 637 1317 687 ferroque,
1347 650 1425 674 non
1442 650 1541 676 auro

93 723 332 761 recuperare
370 711 544 761 patriam
584 710 705 757 iubet,
752 710 792 748 in
825 715 1040 760 conspectu
1072 709 1266 747 habentes
1298 709 1391 747 fana
1422 710 1539 747 deum

95 786 135 820 et
173 783 364 832 coniuges
403 786 442 820 et
481 783 629 820 liberos
669 786 708 820 et
746 783 874 821 solum
915 782 1056 832 patriae
1089 781 1265 819 deforme
1297 781 1396 819 belli
1427 782 1541 819 malis

95 858 133 892 et
164 854 308 901 omnia,
347 867 435 905 quae
478 854 639 892 defendi
670 855 883 905 repetique
915 857 954 892 et
983 854 1122 892 ulcisci
1152 854 1212 892 fas
1244 854 1306 891 sit.
1366 853 1580 892 Instruit4

95 925 241 964 deinde
274 953 287 964 [Α
320 927 408 973 iem,
441 930 485 963 ut
509 926 587 964 loci
613 931 756 965 natura
772 927 1013 977 patiebatur,
1046 926 1087 963 in
1104 926 1307 964 semirutae
1325 927 1410 964 solo
1428 927 1541 964 urbis

95 1001 135 1036 et
166 1001 311 1036 natura
342 998 545 1048 inaequali,
577 1002 615 1036 et
647 1000 788 1045 omnia,
822 1012 909 1049 quae
936 1002 1021 1036 arte
1038 998 1138 1036 belli
1155 998 1329 1036 secunda
1345 998 1427 1036 suis
1445 999 1542 1048 eligi

95 1071 366 1120 praepararive
397 1074 595 1121 poterant,
635 1071 824 1122 providit.
888 1069 997 1108 Galli
1040 1084 1143 1109 nova
1173 1084 1215 1107 re
1245 1071 1399 1120 trepidi
1431 1070 1581 1109 arma5

96 1142 261 1193 capiunt
298 1143 438 1192 iraque
478 1144 602 1192 magis
641 1157 759 1194 quam
800 1143 966 1182 consilio
1008 1143 1049 1180 in
1080 1143 1283 1181 Romanos
1316 1143 1539 1181 incurrunt.

94 1214 182 1252 Iam
214 1218 390 1253 verterat
420 1215 592 1262 fortuna,
639 1216 718 1254 iam
757 1216 920 1254 deorum
961 1228 1055 1266 opes
1087 1215 1341 1266 humanaque
1373 1216 1541 1253 consilia

94 1299 179 1324 rem
226 1286 447 1325 Romanam
494 1287 750 1326 adiuvabant.
825 1287 959 1338 Igitur
1015 1287 1144 1338 primo
1191 1301 1387 1326 concursu
1431 1288 1540 1326 haud

59 1375 62 1377 ·
95 1359 245 1397 maiore
291 1363 491 1398 momento
532 1361 610 1398 fusi
642 1359 753 1397 Galli
794 1363 897 1406 sunt,
944 1373 1062 1410 quam
1094 1359 1144 1397 ad
1174 1359 1316 1398 Aliam
1347 1360 1539 1398 vicerant.

97 1430 273 1469 Iustiore
303 1431 430 1469 altero
462 1431 607 1469 deinde
639 1432 784 1482 proelio
811 1431 862 1469 ad
888 1436 1073 1470 octavum
1090 1431 1264 1482 lapidem
1282 1431 1444 1469 Gabina
1464 1432 1540 1478 via,
1560 1433 1582 1469 6

97 1516 176 1552 quo
217 1517 258 1540 se
289 1517 338 1541 ex
368 1504 464 1552 fuga
496 1504 759 1547 contulerant,
806 1504 985 1542 eiusdem
1018 1505 1141 1542 ductu
1172 1504 1434 1554 auspicioque
1467 1504 1536 1542 Ca-

95 1575 200 1612 milli
231 1575 456 1613 vincuntur.
511 1575 578 1614 Ibi
610 1576 735 1614 caedes
766 1577 899 1614 omnia
930 1576 1123 1623 obtinuit;
1156 1579 1288 1614 castra
1314 1577 1538 1627 capiuntur,

96 1650 135 1684 et
165 1660 214 1684 ne
246 1647 410 1686 nuntius
442 1648 606 1698 quidem
631 1648 758 1686 cladis
783 1648 958 1686 relictus.
1006 1648 1206 1695 Dictator,
1236 1652 1472 1699 recuperata
1488 1662 1537 1686 ex
1559 1651 1579 1686 7

94 1719 277 1758 hostibus
318 1720 465 1770 patria,
510 1719 763 1771 triumphans
805 1721 847 1758 in
877 1720 1017 1758 urbem
1049 1720 1166 1768 redit,
1211 1721 1396 1771 interque
1428 1722 1539 1759 iocos

94 1791 302 1839 militares,
333 1805 432 1843 quos
463 1793 691 1831 inconditos
722 1794 886 1840 iaciunt,
917 1793 1113 1831 Romulus
1144 1806 1189 1831 ac
1219 1806 1364 1843 parens
1395 1793 1538 1844 patriae

96 1864 361 1914 conditorque
392 1865 494 1903 alter
523 1864 637 1903 urbis
668 1865 777 1903 haud
808 1865 922 1903 vanis
953 1865 1142 1903 laudibus
1174 1865 1465 1915 appellabatur.

210 1934 418 1975 Servatam
451 1937 597 1974 deinde
626 1938 734 1975 bello
758 1937 932 1988 patriam
956 1938 1101 1975 iterum
1118 1937 1159 1975 in
1175 1950 1273 1988 pace
1290 1937 1398 1975 haud
1415 1937 1537 1976 dubie
1556 1938 1581 1975 8

96 2008 282 2055 servavit,
323 2022 443 2059 quum
474 2009 685 2060 prohibuit
716 2009 883 2059 migrari
913 2008 1050 2056 Veios,
1090 2012 1131 2047 et
1159 2009 1335 2047 tribunis
1365 2022 1450 2048 rem
1481 2010 1540 2048 in-

96 2081 248 2119 tentius
294 2081 506 2130 agentibus
551 2086 644 2131 post
682 2082 883 2119 incensam
924 2081 1066 2119 urbem
1105 2085 1144 2119 et
1173 2095 1245 2132 per
1276 2094 1317 2119 se
1349 2082 1541 2120 inclinata

96 2154 223 2202 magis
254 2153 372 2204 plebe
404 2152 454 2190 ad
486 2153 527 2190 id
558 2153 789 2200 consilium;
821 2166 946 2203 eaque
977 2167 1096 2192 causa
1111 2153 1189 2192 fuit
1204 2167 1283 2191 non
1300 2153 1536 2192 abdicandae
1555 2155 1578 2192 9

96 2231 188 2277 post
213 2226 462 2276 triumphum
480 2224 705 2273 dictaturae,
737 2229 876 2263 senatu
893 2226 1139 2272 obsecrante,
1170 2239 1220 2263 ne
1237 2238 1321 2263 rem
1337 2225 1540 2276 publicam

96 2299 141 2336 in
171 2299 324 2336 incerto
354 2297 601 2347 relinqueret
631 2301 749 2336 statu.
811 2297 1000 2336 Omnium
1030 2297 1214 2348 primum,
1247 2301 1294 2336 ut
1324 2301 1411 2336 erat
1443 2298 1533 2336 dili·
1610 2296 1665 2343 50

97 2370 353 2421 gentissimus
385 2369 629 2420 religionum
661 2371 802 2417 cultor,
835 2384 923 2421 quae
956 2370 1004 2407 ad
1030 2369 1125 2408 deos
1151 2370 1400 2408 immortales
1416 2370 1540 2420 perti·

65 2447 69 2451 '
97 2443 259 2490 nebant,
290 2442 449 2480 rettulit
480 2445 519 2479 et
548 2446 708 2480 senatus
739 2443 964 2480 consultum
995 2443 1102 2489 facit,
1134 2443 1228 2480 fana
1254 2442 1397 2488 omnia,
1429 2441 1535 2492 quod
1554 2443 1577 2479 2

98 2528 146 2553 ea
159 2515 289 2554 hostis
313 2514 567 2565 possedisset,
590 2514 908 2561 restituerentur,
933 2514 1246 2553 terminarentur
1263 2514 1537 2565 expiarentur-

100 2600 188 2638 que,
227 2587 483 2638 expiatioque
515 2599 650 2624 eorum
682 2586 725 2623 in
756 2586 873 2625 libris
905 2599 978 2637 per
1008 2586 1242 2624 duumviros
1274 2589 1540 2636 quaereretur;

100 2673 188 2697 cum
220 2659 443 2698 Caeretibus
482 2658 701 2708 hospitium
741 2658 905 2708 publice
944 2657 1069 2704 fieret,
1114 2658 1223 2708 quod
1255 2671 1369 2696 sacra
1398 2658 1582 2708 populi3

99 2731 274 2770 Romani
320 2745 366 2769 ac
403 2730 633 2769 sacerdotes
672 2731 930 2780 recepissent,
975 2729 1251 2780 beneficioque
1283 2729 1370 2767 eius
1400 2729 1543 2780 populi

169 2802 280 2828 Livius
299 2810 335 2828 ex
354 2809 413 2827 rec.
434 2801 588 2833 Madvigii.
625 2802 648 2826 1.
1269 2799 1316 2832 20
