1821 2928
727 157 842 193 Liber
866 161 894 192 Ι.
1478 161 1529 200 53

89 299 182 323 cum
213 286 378 324 coloniis
409 286 491 323 suis
523 286 564 322 in
582 285 808 323 Romanum
841 285 1006 323 cesserit
1024 285 1254 335 imperium;
1288 288 1462 323 ceterum
1488 299 1528 324 se
1547 288 1570 324 3

92 357 281 396 utilitatis
314 357 385 408 [id]
418 357 546 407 magis
593 357 769 395 omnium
801 369 918 394 causa
951 371 1123 404 censere,
1168 359 1213 394 ut
1244 360 1458 396 renovetur
1491 358 1531 396 id

90 428 233 477 foedus,
263 429 518 481 secundaque
549 429 684 480 potius
710 428 872 467 fortuna
896 429 1039 479 populi
1063 429 1236 467 Romani
1253 433 1298 467 ut
1313 429 1531 480 participes

91 500 232 539 Latini
263 502 459 548 fruantur,
491 514 609 551 quam
636 500 798 538 urbium
816 501 971 539 excidia
987 501 1315 551 vastationesque
1332 514 1532 551 agrorum,

90 585 192 623 quas
224 573 342 612 Anco
389 573 514 624 prius,
563 577 676 623 patre
719 572 865 610 deinde
895 586 966 610 suo
998 575 1190 621 regnante
1223 574 1403 623 perpessi
1435 574 1530 622 sint,

91 657 247 695 semper
289 650 357 683 aut
396 649 629 696 exspectent
659 649 728 684 aut-
758 645 977 695 patiantur.
1041 644 1161 683 Haud
1193 643 1411 682 difficulter
1441 658 1529 695 per·
1549 645 1574 682 4

89 729 251 756 suasum
283 718 454 767 Latinis,
502 731 731 768 quanquam
778 717 818 754 in
864 730 909 755 eo
956 716 1103 755 foedere
1134 717 1319 766 superior
1349 716 1532 755 Romana

89 803 153 827 res
197 793 301 836 erat3
348 794 523 828 ceterum
563 794 600 827 et
634 790 764 840 capita
796 789 968 827 nominis
999 788 1139 826 Latini
1171 791 1276 826 stare
1307 801 1353 826 ac
1383 789 1531 826 sentire

90 875 180 900 cum
210 874 305 911 rege
336 862 538 911 videbant,
581 866 620 900 et
651 861 810 899 Turnus
841 861 902 898 sui
933 861 1080 910 cuique
1111 860 1291 910 periculi,
1325 860 1358 897 si
1391 861 1530 898 adver-

90 937 200 972 satus
233 938 344 980 esset,
390 947 528 972 recens
561 937 644 972 erat
676 933 966 972 documentum.
1028 933 1093 970 Ita
1123 935 1358 971 renovatum
1388 932 1531 980 foedus,
1553 932 1576 970 5

91 1005 371 1056 indictumque
403 1005 627 1043 iunioribus
646 1005 896 1054 Latinorum,
928 1009 973 1043 ut
1005 1018 1053 1042 ex
1084 1004 1233 1043 foedere
1265 1004 1330 1042 die
1355 1007 1463 1042 certa
1482 1003 1533 1041 ad

91 1077 225 1115 lucum
243 1077 470 1115 Ferentinae
501 1078 645 1115 armati
670 1078 898 1127 frequentes
925 1078 1121 1116 adessent.
1170 1076 1251 1124 Qui
1268 1075 1340 1114 ubi
1359 1076 1410 1114 ad
1427 1075 1533 1113 edic·
1553 1075 1575 1112 6

90 1153 179 1188 tum
195 1149 371 1187 Romani
387 1150 497 1199 regis
514 1163 562 1187 ex
581 1149 764 1187 omnibus
788 1149 948 1200 populis
966 1161 1199 1195 convenere,
1230 1161 1279 1186 ne
1303 1147 1443 1186 ducem
1469 1160 1533 1185 su-

92 1235 159 1260 um
190 1235 289 1259 neve
321 1224 517 1260 secretum
533 1222 744 1272 imperium
776 1221 990 1271 propriave
1007 1222 1120 1270 signa
1137 1220 1342 1269 haberent,
1376 1219 1535 1258 miscuit

92 1293 316 1344 manipulos
348 1306 396 1331 ex
427 1292 585 1332 Latinis
617 1293 902 1343 Romanisque,
933 1298 977 1331 ut
1008 1306 1057 1330 ex
1085 1292 1189 1330 binis
1221 1291 1402 1342 singulos
1434 1292 1534 1329 face-

90 1370 153 1405 ret
192 1367 389 1416 binosque
429 1379 476 1402 ex
515 1365 704 1415 singulis;
749 1365 804 1402 ita
842 1365 1055 1414 geminatis
1086 1364 1302 1414 manipulis
1334 1363 1535 1402 centurio-

92 1451 162 1476 nes
194 1438 396 1488 imposuit.

207 1510 303 1556 Nec,
334 1512 379 1546 ut
410 1508 581 1546 iniustus
612 1509 653 1546 in
684 1522 781 1559 pace
813 1522 895 1555 rex,
928 1508 984 1546 ita
1016 1507 1098 1545 dux
1129 1507 1229 1545 belli
1261 1519 1410 1557 pravus
1441 1506 1534 1551 fuit3
1618 1501 1675 1550 53

94 1583 194 1634 quin
240 1594 286 1619 ea
325 1583 410 1619 arte
441 1583 638 1630 aequasset
668 1581 894 1631 superiores
924 1593 1051 1629 reges.
1099 1580 1141 1617 ni
1173 1579 1457 1628 degeneratum
1490 1577 1533 1614 in

93 1655 186 1694 aliis
216 1654 309 1691 huic
340 1664 500 1703 quoque
531 1652 666 1690 decori
697 1652 903 1692 offecisset.
950 1653 992 1690 Is
1022 1652 1174 1702 primus
1191 1650 1352 1690 Volscis
1382 1649 1575 1687 bellum2

95 1726 138 1764 in
171 1725 364 1764 ducentos
411 1724 584 1774 amplius
622 1728 714 1774 post
745 1737 857 1762 suam
889 1727 1047 1762 aetatem
1078 1736 1202 1761 annos
1234 1722 1370 1771 movit,
1417 1719 1533 1759 Sues-

93 1810 257 1848 samque
304 1796 527 1834 Pometiam
574 1809 621 1833 ex
667 1797 717 1834 iis
763 1796 804 1834 vi
850 1797 968 1847 oepit.
1029 1795 1114 1834 Ubi
1159 1808 1282 1846 quum
1329 1792 1578 1831 divendita3

93 1870 231 1922 praeda
261 1869 532 1920 quadraginta
561 1868 718 1906 talenta
749 1869 906 1917 argenti
936 1867 1152 1914 refecisset,
1183 1866 1368 1916 concepit
1399 1864 1532 1902 animo

95 1955 181 1981 eam
227 1940 532 1992 amplitudinem
578 1940 688 1979 Iovis
733 1941 895 1991 templi,
942 1953 1030 1990 quae
1076 1940 1200 1989 digna
1247 1938 1364 1976 deum
1409 1935 1534 1974 homi-

94 2027 269 2064 numque
298 2025 404 2063 rege,
450 2025 538 2062 quae
569 2012 751 2051 Romano
794 2013 977 2063 imperio,
1025 2025 1113 2062 quae
1144 2011 1272 2062 ipsius
1303 2010 1423 2048 etiam
1455 2007 1535 2046 loci

95 2086 304 2124 maiestate
342 2088 464 2128 essen
510 2085 709 2135 captivam
754 2084 965 2134 pecuniam
1010 2085 1051 2122 in
1098 2083 1404 2122 aedificationem
1451 2081 1535 2118 eius

93 2158 236 2208 templi
266 2157 460 2207 seposuit.

212 2229 386 2280 Excepit
418 2228 562 2266 deinde
594 2241 683 2266 eum
700 2228 848 2267 lentius
865 2241 936 2279 spe
952 2228 1118 2274 bellum,
1147 2239 1226 2278 quo
1244 2225 1410 2274 Gabios,
1442 2237 1532 2274 pro·
1550 2223 1576 2260 4

96 2302 290 2353 pinquam
306 2301 459 2346 urbem,
476 2300 743 2350 nequicquam
760 2301 800 2339 vi
817 2300 993 2347 adortus,
1010 2313 1132 2350 quum
1149 2297 1361 2337 obsidendi
1378 2308 1535 2347 quoque

97 2375 237 2412 urbem
268 2386 358 2423 spes
388 2372 503 2422 pulso
535 2386 559 2410 a
589 2372 786 2410 moenibus
803 2372 990 2423 adempta
1006 2376 1122 2422 esset,
1154 2375 1355 2422 postremo
1374 2367 1535 2406 minime

99 2449 186 2483 arte
216 2445 410 2491 Romana,
440 2443 582 2482 fraude
598 2457 643 2482 ac
660 2444 766 2494 dolo,
799 2457 1012 2495 aggressus
1028 2447 1100 2482 est.
1144 2442 1248 2482 Nam
1264 2453 1398 2492 quum,
1428 2436 1579 2476 velut5

98 2517 230 2568 posito
254 2516 373 2563 bello,
397 2515 668 2554 fundamentis
694 2517 835 2567 templi
858 2516 1053 2555 iaciendis
1076 2515 1245 2565 aliisque
1261 2512 1427 2551 urbanis
1444 2522 1535 2560 ope-

98 2588 213 2626 ribus
230 2589 427 2626 intentum
443 2601 484 2626 se
501 2601 585 2626 esse
600 2589 818 2638 simularet,
852 2587 1001 2626 Sextus
1015 2587 1121 2625 filius
1138 2587 1235 2636 eius,
1261 2585 1331 2634 qui
1349 2582 1536 2620 minimus

100 2673 150 2698 ex
179 2661 312 2699 tribus
343 2663 441 2707 erat,
480 2661 697 2710 transfugit
728 2674 777 2698 ex
809 2660 1030 2710 composito
1062 2658 1226 2702 Gabios,
1264 2656 1391 2706 patris
1423 2654 1464 2691 in
1495 2665 1537 2690 se

100 2733 294 2770 saevitiam
331 2731 629 2771 intolerabilem
668 2745 932 2782 conquerens:
972 2731 1058 2768 Iam
1100 2729 1150 2767 ab
1191 2727 1334 2766 alienis
1366 2727 1406 2763 in
1446 2725 1580 2763 811096
