1821 2928
499 112 614 148 Liber
638 112 691 148 II.
742 113 803 156 (A.
831 111 896 147 ch.
923 113 1131 155 502-499.)
1482 115 1531 152 79

213 243 356 281 Creato
383 241 581 280 dictatore
604 240 778 290 primum
797 239 947 286 Romae,
972 243 1184 290 postquam
1210 239 1393 290 praeferri
1418 252 1529 277 secu·
1547 239 1572 276 8

97 328 160 354 res
197 315 397 360 viderunt,
434 326 601 362 magnus
640 312 798 362 plebem
839 315 966 349 metus
1005 313 1180 361 incessit,
1222 315 1267 349 ut
1299 311 1534 350 intentiores

98 390 228 426 essent
259 385 308 424 ad
339 385 446 424 dicto
472 384 711 435 parendum;
744 396 873 434 neque
899 384 1016 434 enim,
1051 389 1095 422 ut
1122 385 1162 421 in
1188 384 1434 430 consulibus,
1467 383 1536 433 qui

97 459 185 509 pari
216 461 414 509 potestate
445 461 586 507 essent,
620 457 786 494 alterius
818 456 1012 494 auxilium
1038 469 1166 506 neque
1193 456 1425 506 provocatio
1452 458 1536 494 erat

98 543 226 581 neque
256 530 385 568 ullum
416 541 585 579 usquam
616 529 696 566 nisi
729 529 770 566 in
804 542 898 567 cura
929 528 1100 578 parendi
1117 529 1324 567 auxilium.
1372 527 1536 566 Sabinis
1555 528 1577 564 9

97 603 216 640 etiam
243 605 398 640 creatus
414 601 554 640 Romae
578 600 765 648 dictator,
797 613 842 638 eo
867 600 1006 649 magis,
1040 600 1146 649 quod
1172 604 1338 650 propter
1364 613 1405 638 se
1430 613 1536 638 crea-

96 677 180 712 tum
223 673 490 724 crediderant,
532 676 679 710 metum
721 673 899 711 incussit.
974 671 1120 721 Itaque
1159 672 1313 721 legatos
1352 671 1400 710 de
1440 684 1537 722 pace

99 745 274 785 mittunt.
324 745 480 793 Quibus
506 746 714 784 orantibus
740 745 979 783 dictatorem
1006 747 1279 794 senatumque,
1311 748 1356 782 ut
1379 744 1535 782 veniam
1557 744 1605 781 10

98 818 245 855 erroris
286 818 517 856 hominibus
548 817 874 856 adolescentibus
907 816 1059 863 darent,
1099 829 1344 866 responsum,
1384 815 1537 865 ignosci

99 890 422 929 adolescentibus
453 903 580 940 posse,
621 890 786 927 senibus
817 902 896 927 non
927 902 1055 939 posse,
1099 889 1169 939 qui
1200 888 1308 926 bella
1339 901 1389 925 ex
1420 888 1538 925 bellis

99 966 288 1000 sererent.
350 963 499 1000 Actum
531 965 665 1000 tamen
697 966 757 1000 est
788 961 837 999 de
868 974 976 1012 pace,
1016 961 1310 1011 impetrataque
1342 960 1455 1006 foret,
1496 960 1540 1007 si,
1561 960 1606 997 11

99 1033 206 1084 quod
231 1035 422 1085 impensae
450 1035 599 1073 factum
625 1035 665 1072 in
689 1034 842 1072 bellum
868 1036 964 1079 erat,
988 1037 1181 1083 praestare
1198 1031 1341 1071 Sabini
1357 1032 1417 1082 (id
1434 1032 1538 1070 enim

99 1106 345 1157 postulatum
385 1107 487 1157 erat)
526 1107 567 1144 in
599 1107 774 1144 animum
808 1106 1072 1144 induxissent.
1133 1105 1295 1143 Bellum
1326 1105 1539 1150 indictum;

98 1179 232 1217 tacitae
264 1178 432 1217 indutiae
464 1179 646 1230 quietum
677 1192 823 1216 annum
855 1181 1031 1215 tenuere.

214 1250 409 1290 Consules
433 1251 518 1290 Ser.
536 1250 755 1301 Sulpicius,
784 1250 853 1289 Μ’.
872 1250 1050 1297 Tullius;
1075 1250 1175 1287 nihil
1202 1249 1367 1298 dignum
1394 1262 1536 1286 memo·
1630 1243 1677 1290 19

99 1323 159 1361 ria
189 1327 344 1370 actum3
376 1323 424 1363 Τ.
442 1323 633 1360 AEbutius
658 1322 805 1361 deinde
830 1325 870 1360 et
888 1321 932 1362 C.
951 1321 1158 1359 Vetusius.
1206 1321 1284 1358 His
1309 1320 1540 1358 consulibus
1558 1311 1595 1375 ’λζ
1606 1317 1674 1376 {312²
1688 1310 1746 1375 {gg

101 1394 267 1432 Fidenae
298 1396 481 1441 obsessae,
514 1394 789 1432 Crustumeria
821 1397 958 1443 capta3
990 1393 1194 1431 Praeneste
1226 1393 1275 1431 ab
1302 1393 1460 1430 Latinis
1491 1391 1542 1429 ad

101 1465 305 1505 Romanos
331 1467 513 1514 descivit,
539 1480 610 1504 nec
634 1467 743 1504 ultra
768 1466 918 1504 bellum
936 1465 1141 1512 Latinum,
1166 1466 1340 1515 gliscens
1364 1465 1441 1502 iam
1468 1477 1540 1514 per
1559 1453 1672 1519 {2:¹35
1689 1452 1750 1525 Ξζξ

103 1538 260 1588 aliquot
291 1552 427 1588 annos,
461 1539 641 1579 dilatum.
703 1538 757 1578 A.
790 1538 1022 1576 Postumius
1055 1538 1241 1588 dictator,
1275 1537 1320 1574 Τ.
1347 1537 1582 1574 AEbutius3

103 1611 294 1660 magister
319 1612 511 1661 equitum,
541 1611 698 1660 magnis
723 1610 852 1661 copiis
877 1611 1060 1660 peditum
1083 1611 1343 1660 equitumque
1360 1609 1542 1660 profecti,

103 1681 153 1720 ad
184 1682 314 1721 lacum
330 1683 535 1733 Regillum
567 1683 608 1720 in
641 1696 738 1732 agro
756 1682 986 1721 Tusculano
1018 1682 1170 1731 agmini
1200 1682 1374 1719 hostium
1406 1694 1541 1719 occur-

102 1758 255 1801 rerunt,
296 1759 335 1794 et
365 1755 459 1805 quia
491 1755 732 1805 Tarquinios
763 1768 847 1793 esse
879 1755 920 1792 in
953 1755 1133 1792 exercitu
1163 1754 1400 1792 Latinorum
1433 1753 1543 1791 audi·
1562 1753 1587 1789 4

102 1829 187 1864 tum
219 1831 289 1873 est,
322 1827 511 1866 sustineri
542 1828 603 1866 ira
633 1841 712 1866 non
744 1828 890 1878 potuit,
923 1827 1021 1877 quin
1053 1827 1252 1877 extemplo
1269 1826 1542 1876 confligerent.

105 1897 214 1949 Ergo
240 1899 359 1937 etiam
385 1900 573 1950 proelium
599 1900 809 1950 aliquanto
836 1914 955 1949 quam
973 1903 1106 1937 cetera
1122 1899 1285 1949 gravius
1302 1901 1422 1948 atque
1440 1902 1543 1936 atro·
1563 1897 1586 1934 5

106 1970 189 2008 cius
219 1971 306 2008 fuit.
364 1970 454 2010 Non
495 1973 600 2010 enim
633 1972 752 2010 duces
784 1972 834 2010 ad
865 1971 1081 2021 regendam
1113 1971 1230 2008 modo
1264 1971 1430 2009 consilio
1461 1983 1544 2008 rem

108 2043 267 2094 affuere,
300 2044 369 2082 sed
400 2044 566 2082 suismet
597 2044 673 2094 ipsi
705 2044 942 2094 corporibus
974 2043 1213 2081 dimicantes
1243 2043 1438 2081 miscuere
1463 2056 1544 2080 cer·

107 2116 271 2166 tamina,
313 2129 385 2153 nec
427 2116 639 2166 quisquam
669 2129 881 2166 procerum
914 2116 1038 2154 ferme
1069 2115 1145 2153 hac
1176 2119 1246 2153 aut
1276 2115 1348 2153 illa
1380 2129 1427 2153 ex
1459 2115 1545 2153 acie

109 2188 193 2225 sine
231 2187 396 2225 vulnere
436 2191 582 2238 praeter
613 2188 850 2226 dictatorem
881 2188 1107 2226 Romanum
1139 2188 1324 2226 excessit.
1386 2187 1435 2224 In
1467 2187 1543 2225 Po·
1563 2186 1585 2223 6

109 2260 293 2297 stumium
327 2260 456 2310 prima
487 2260 526 2297 in
551 2261 634 2298 acie
658 2273 749 2298 suos
776 2261 1057 2299 adhortantem
1084 2261 1425 2310 instruentemque
1449 2259 1546 2297 Tar-

110 2333 274 2383 quinius
301 2331 517 2382 Superbus,
543 2345 766 2382 quanquam
799 2333 876 2370 iam
906 2335 1022 2371 aetate
1040 2335 1080 2370 et
1095 2332 1250 2370 viribus
1269 2334 1355 2370 erat
1370 2331 1545 2381 gravior,

111 2418 254 2455 equum
288 2405 456 2442 infestus
488 2404 662 2452 admisit,
703 2405 884 2455 ictusque
925 2405 973 2442 ab
1006 2405 1133 2442 latere
1161 2416 1356 2442 concursu
1387 2414 1546 2440 suorum

111 2480 298 2526 receptus
326 2476 365 2513 in
389 2479 520 2514 tutum
543 2481 613 2515 est.
660 2476 714 2515 Et
733 2477 784 2515 ad
809 2477 979 2514 alterum
1004 2489 1127 2514 cornu
1144 2476 1336 2513 AEbutius
1359 2474 1550 2522 magister
1568 2473 1589 2509 7

113 2549 292 2599 equitum
325 2549 365 2586 in
383 2547 595 2586 Octaviam
610 2547 835 2587 Mani-ilium
869 2549 1060 2599 impetum
1095 2547 1280 2592 dederat;
1310 2560 1381 2583 nec
1406 2544 1549 2582 fefellit

112 2621 276 2659 veniens
299 2620 570 2659 Tusculanum
603 2620 756 2668 ducem,
785 2624 1005 2669 contraque
1036 2624 1076 2658 et
1100 2620 1167 2656 ille
1194 2618 1368 2655 concitat
1392 2629 1547 2666 equum.

113 2691 321 2742 Tantaque
366 2693 425 2731 vis
472 2693 626 2731 infestis
670 2693 915 2731 venientium
964 2691 1089 2729 hastis
1128 2690 1215 2736 fuit,
1259 2692 1304 2726 ut
1341 2687 1590 2726 brachiumss
