1821 2928
552 121 668 157 Liber
691 122 743 157 11.
793 124 854 168 (A.
882 123 950 159 Ch.
976 124 1072 166 494.)
1480 127 1528 164 91

89 256 253 303 tumque
283 254 353 289 est.
413 249 512 288 Post
542 262 717 300 pugnam
750 250 799 288 ad
834 251 1042 301 Regillum
1074 251 1204 289 lacum
1235 264 1313 288 non
1338 251 1420 288 alia
1446 250 1529 288 illis
1549 251 1572 288 3

89 325 204 363 annis
221 336 355 374 pugna
387 323 530 360 clarior
553 322 639 360 fuit.
671 323 860 361 Dictator
886 323 1138 373 triumphans
1154 323 1292 360 urbem
1309 322 1523 362 invehitur.

94 395 223 447 Super
253 395 391 434 solitos
422 394 592 433 honores
623 395 733 433 locus
766 396 807 433 in
840 395 944 433 circo
979 395 1058 444 ipsi
1084 395 1334 446 posterisque
1353 395 1403 433 ad
1422 408 1532 445 spec·

91 467 270 506 taculum
301 467 438 513 datus3
482 467 579 505 sella
618 468 658 504 in
698 481 742 506 eo
782 467 869 505 loco
902 467 1054 505 curulis
1085 467 1227 517 posita.
1277 467 1436 505 Volscis
1467 467 1574 506 ‹ie-4

92 540 210 578 victis
242 539 474 578 Veliternus
506 552 600 588 ager
631 539 860 590 ademptus;
885 538 1064 577 Velitras
1093 539 1222 576 coloni
1243 540 1291 577 ab
1311 540 1408 577 urbe
1426 540 1535 577 missi

92 618 132 651 et
177 612 336 650 colonia
382 611 564 649 deducta.
627 610 726 649 Cum
763 611 909 662 AEquis
949 614 1040 660 post
1071 611 1278 660 aliquanto
1311 617 1534 662 pugnatum

93 687 165 734 est,
199 684 325 722 invito
359 683 518 734 quidem
551 684 726 734 consule,
759 683 856 734 quia
888 684 978 721 loeo
1011 683 1152 733 iniquo
1179 683 1428 721 subeundum
1448 688 1535 722 erat

93 756 146 795 ad
177 756 326 802 hostes3
359 755 428 794 sed
460 755 609 794 milites
642 756 798 794 extrahi
829 768 913 793 rem
946 755 1220 804 criminantes,
1263 759 1307 792 ut
1347 755 1532 801 dictator,
1554 763 1578 802 5

93 829 328 880 priusquam
354 828 430 878 ipsi
456 828 635 866 redirent
660 828 700 866 in
728 827 881 877 urbem,
909 828 1145 877 magistratu
1173 828 1302 865 abiret
1328 828 1536 878 irritaque,

92 903 197 940 sicut
223 904 315 940 ante
342 900 530 947 consulis,
554 901 748 950 promissa
773 901 857 938 eius
884 899 1083 946 caderent,
1109 900 1332 950 perpulere,
1358 902 1402 937 ut
1432 900 1536 937 forte

94 978 243 1012 temere
274 973 315 1011 in
342 973 531 1011 adversos
557 976 710 1011 montes
737 985 878 1021 agmen
906 973 1088 1022 erigeret.
1136 972 1187 1009 Id
1218 972 1321 1009 male
1355 972 1534 1009 commis·
1554 979 1576 1016 6

94 1058 180 1083 sum
213 1045 375 1094 ignavia
401 1045 574 1083 hostium
601 1045 640 1082 in
668 1045 815 1083 bonum
839 1045 973 1092 vertit,
1000 1045 1081 1094 qui,
1105 1045 1342 1094 priusquam
1369 1043 1417 1081 ad
1445 1058 1534 1082 con-

96 1119 242 1156 iectum
272 1117 345 1155 teli
371 1117 587 1162 veniretur,
606 1117 873 1168 obstupefacti
891 1117 1059 1154 audacia
1076 1116 1364 1165 Romanorum,
1383 1116 1535 1154 relictis

96 1190 252 1239 castris,
285 1203 372 1240 quae
404 1190 678 1227 munitissimis
709 1194 922 1227 tenuerant
948 1189 1059 1235 loeis,
1087 1189 1127 1225 in
1146 1202 1303 1226 aversas
1322 1189 1447 1226 valles
1468 1189 1534 1226 de-

95 1262 253 1301 siluere.
315 1262 381 1300 Ibi
411 1262 509 1300 satis
542 1261 688 1312 praedae
721 1266 760 1299 et
791 1262 970 1300 victoria
1003 1261 1212 1298 incruenta
1243 1261 1330 1299 fuit.

209 1334 275 1372 Ita
303 1335 500 1372 trifariam
525 1348 568 1372 re
592 1334 700 1372 bello
731 1335 831 1372 bene
857 1338 979 1383 gesta,
1009 1333 1056 1370 de
1075 1333 1385 1370 domesticarum
1403 1345 1537 1370 rerum
1556 1336 1578 1372 7

96 1410 238 1444 eventu
278 1419 348 1444 nec
391 1406 573 1456 patribus
616 1419 688 1444 nec
720 1406 828 1456 plebi
862 1420 957 1444 cura
989 1405 1234 1443 decesserat:
1265 1408 1380 1442 tanta
1413 1418 1535 1454 quum

99 1478 242 1528 gratia,
288 1483 371 1516 tum
414 1481 498 1515 arte
529 1482 853 1528 praeparaverant
891 1479 1146 1527 feneratores,
1188 1490 1275 1526 quae
1307 1490 1386 1514 non
1419 1476 1535 1514 modo

99 1549 267 1600 plebem,
300 1550 369 1588 sed
401 1550 531 1600 ipsum
563 1551 680 1587 etiam
713 1550 948 1588 dictatorem
990 1550 1292 1587 frustrarentur.
1353 1548 1579 1598 Namque8

101 1621 288 1660 Valerius
319 1625 409 1672 post
441 1621 602 1660 Vetusii
634 1622 806 1660 consulis
839 1622 1014 1659 reditum
1048 1621 1222 1659 omnium
1254 1621 1461 1658 actionum
1492 1620 1534 1658 in

99 1697 238 1732 senatu
267 1694 438 1744 primam
471 1694 613 1732 habuit
643 1707 716 1745 pro
749 1694 901 1731 victore
918 1694 1078 1745 populo,
1097 1693 1349 1744 rettulitque,
1369 1693 1468 1743 quid
1488 1693 1536 1731 de

97 1766 212 1804 nexis
242 1765 330 1804 fieri
362 1767 550 1817 placeret.
611 1766 710 1814 Quae
739 1780 860 1817 quum
900 1767 1050 1805 reiecta
1089 1766 1236 1804 relatio
1277 1771 1389 1812 esset,
1425 1766 1581 1813 „Non9

99 1839 263 1888 placeo“
310 1838 441 1889 inquit
483 1838 730 1886 „concordiae
771 1844 920 1877 auctor.
982 1838 1198 1889 Optabitis,
1240 1837 1535 1887 mediusfidius,

98 1911 346 1961 propediem,
379 1916 424 1949 ut
453 1912 530 1948 mei
562 1911 712 1950 similes
744 1911 926 1950 Romana
968 1911 1105 1962 plebes
1145 1915 1337 1961 patronos
1381 1909 1538 1948 habeat.

100 1981 218 2030 Quod
249 1983 298 2020 ad
330 1997 390 2021 me
423 1984 578 2032 attinet,
605 1997 732 2034 neque
757 1984 981 2022 frustrabor
1007 1983 1112 2020 ultra
1137 1983 1242 2021 cives
1276 1996 1382 2020 meos
1408 1995 1538 2032 neque

106 2055 190 2104 ipse
225 2056 375 2094 frustra
409 2056 580 2094 dictator
611 2070 692 2094 ero.
724 2056 954 2094 Discordiae
986 2056 1200 2103 intestinae,
1232 2055 1380 2093 bellum
1406 2059 1533 2092 exter·
1556 2052 1606 2090 10

98 2139 193 2164 num
225 2127 366 2174 fecere,
395 2134 439 2165 ut
469 2128 543 2166 hoc
574 2129 813 2178 magistratu
845 2132 979 2177 egeret
1009 2141 1071 2166 res
1112 2127 1295 2179 publica3
1328 2141 1407 2177 pax
1439 2127 1538 2165 foris

101 2203 217 2249 parta
244 2203 314 2246 est,
341 2199 447 2237 domi
473 2200 712 2250 impeditum
736 2200 915 2250 privatus
939 2201 1073 2250 potius
1100 2213 1218 2250 quam
1245 2200 1418 2237 dictator
1450 2198 1537 2237 sed-

100 2271 217 2309 itioni
255 2272 467 2309 interero.“
521 2272 586 2310 Ita
617 2273 727 2310 curia
773 2285 955 2321 egressus
998 2273 1198 2310 dictatura
1239 2286 1279 2310 se
1320 2270 1534 2309 abdicavit.

100 2343 306 2394 Apparuit
346 2357 463 2381 causa
503 2344 627 2394 plebi,
666 2357 774 2382 suam
817 2344 942 2381 vicem
984 2344 1261 2394 indignantem
1302 2345 1539 2392 magistratu
1562 2343 1607 2380 ll

99 2415 252 2461 abisse;
300 2416 434 2466 itaque
479 2416 589 2454 velut
634 2417 836 2466 persoluta
882 2416 969 2462 fide,
1011 2417 1201 2467 quoniam
1234 2429 1307 2466 per
1339 2428 1426 2452 eum
1460 2427 1538 2451 non

101 2487 287 2536 stetisset,
322 2488 421 2538 quin
452 2491 722 2538 praestaretur,
756 2488 1011 2526 decedentem
1040 2488 1200 2526 domum
1229 2501 1317 2524 cum
1336 2487 1474 2524 favore
1493 2499 1538 2523 ac

103 2558 288 2597 laudibus
320 2560 521 2609 prosecuti
553 2564 657 2600 sunt.

214 2631 353 2670 Timor
386 2631 479 2669 inde
511 2636 644 2682 patres
675 2632 848 2678 incessit,
866 2645 928 2677 ne,
947 2632 981 2669 si
999 2632 1184 2669 dimissus
1202 2629 1406 2667 exercitus
1424 2629 1540 2676 foret,
1621 2627 1677 2677 32

104 2714 240 2741 rursus
271 2707 393 2741 coetus
426 2704 574 2742 occulti
605 2703 980 2753 coniurationesque
1012 2702 1166 2739 fierent.
1229 2701 1370 2750 Itaque
1413 2713 1540 2750 quan-
