1821 2928
191 1396 221 1446 3

318 128 399 166 198
762 120 875 156 Liber
899 119 968 155 iv.
1017 120 1077 164 (A.
1100 130 1137 156 u.
1162 129 1191 153 e.
1217 119 1312 162 309.)

312 252 496 291 tribunos
514 251 644 302 plebis
661 255 701 288 et
716 255 848 301 patres
865 263 969 297 esse;
1000 254 1069 288 aut
1084 250 1188 287 hunc
1205 249 1384 288 ordinem
1401 252 1471 288 aut
1486 249 1600 288 illum
1616 250 1739 299 magi·

312 328 480 362 stratum
505 323 727 361 tollendum
750 335 848 372 esse,
880 322 1092 372 potiusque
1116 334 1204 359 sero
1228 335 1347 372 quam
1362 334 1566 372 nunquam
1581 320 1739 360 obviam

249 396 299 433 12
317 395 485 434 eundum
518 394 696 432 audaciae
725 394 1034 443 temeritatique.
1082 392 1204 430 Illine
1235 397 1280 431 ut
1310 393 1470 444 impune
1499 393 1627 443 primo
1658 392 1736 432 dis-

314 467 470 506 cordias
500 470 675 504 serentes
707 466 907 504 concitent
936 466 1107 503 finitima
1137 465 1256 511 bella,
1287 464 1430 503 deinde
1461 460 1649 504 adversus
1680 478 1738 512 ea,

315 552 402 590 quae
428 539 725 584 concitaverint,
757 538 901 575 armari
927 537 1129 575 civitatem
1159 536 1399 587 defendique
1415 536 1668 587 prohibeant,
1699 541 1739 575 et

312 625 433 662 quum
461 611 595 649 hostes
625 613 779 648 tantum
810 623 889 648 non
925 609 1194 657 arcessierint,
1226 609 1422 647 exercitus
1448 608 1645 647 conscribi
1668 609 1738 647 ad-

246 682 296 720 13
316 696 453 721 versus
483 682 617 720 hostes
647 695 727 719 non
756 682 974 731 patiantur,
1006 680 1075 718 sed
1106 680 1251 718 audeat
1282 680 1495 719 Canuleius
1526 681 1569 719 in
1599 684 1739 719 senatu

310 755 507 805 proloqui,
548 768 599 801 se,
641 754 720 791 nisi
761 766 852 791 suas
892 753 999 803 leges
1030 757 1218 803 tanquam
1249 752 1414 791 victoris
1444 756 1578 803 patres
1609 753 1738 804 accipi

309 827 451 872 sinant,
482 826 671 864 dilectum
702 825 840 862 haberi
869 824 1194 874 prohibiturum?
1239 824 1346 872 Quid
1376 838 1460 862 esse
1491 825 1601 863 aliud
1618 838 1738 875 quam

314 898 467 945 minari,
499 911 539 935 se
570 897 822 948 proditurum
853 897 1036 946 patriam,
1075 896 1300 947 oppugnari
1331 899 1452 946 atque
1481 897 1570 947 capi
1601 910 1737 947 passu-

309 969 426 1007 rum?
485 968 592 1015 Quid
623 983 708 1006 eam
738 982 874 1006 vocem
905 969 1139 1018 animorum,
1181 981 1261 1006 non
1291 968 1401 1019 plebi
1432 967 1638 1018 Romanae,
1669 969 1738 1007 sed

244 1042 295 1079 14
313 1041 472 1080 Volscis
503 1044 540 1078 et
572 1041 716 1091 AEquis
746 1045 785 1078 et
817 1039 1054 1078 Veientibus
1085 1039 1325 1078 allaturam?
1383 1039 1526 1079 Nonne
1545 1039 1736 1079 Canuleio

309 1113 406 1151 duce
444 1127 485 1150 se
523 1117 750 1162 speraturos
783 1112 1024 1162 Capitolium
1064 1116 1182 1162 atque
1214 1126 1345 1150 arcem
1377 1111 1565 1150 scandere
1595 1113 1739 1163 posse?

306 1185 360 1223 Ni
397 1184 577 1235 patribus
616 1184 769 1222 tribuni
808 1198 896 1222 cum
933 1184 1018 1221 iure
1057 1198 1101 1222 ac
1133 1184 1338 1223 maiestate
1370 1185 1556 1236 adempta
1586 1185 1738 1224 animos

306 1257 428 1294 etiam
460 1256 696 1306 eripuerint,
734 1256 914 1294 consules
945 1260 1103 1306 paratos
1136 1270 1220 1294 esse
1253 1256 1373 1294 duces
1405 1257 1516 1307 prius
1547 1258 1737 1296 adversus

305 1329 432 1367 scelus
464 1329 610 1367 civium
642 1314 761 1379 quam
792 1329 980 1367 adversus
1012 1329 1188 1367 hostium
1219 1343 1340 1369 arma.

421 1401 552 1449 Quum
582 1401 749 1438 maxime
788 1401 872 1439 haec
905 1402 944 1438 in
975 1404 1114 1439 senatu
1146 1404 1370 1450 agerentur,
1418 1401 1633 1440 Canuleius
1663 1415 1737 1452 pro

266 1474 460 1523 2legibus
491 1474 573 1511 suis
604 1477 644 1511 et
673 1473 862 1511 adversus
893 1473 1073 1511 consules
1104 1473 1162 1511 ita
1194 1473 1402 1511 disseruit:
1455 1472 1736 1524 „Quantopere

307 1559 388 1591 vos,
419 1545 610 1592 Quirites,
651 1548 952 1582 contemnerent
981 1550 1126 1595 patres,
1165 1558 1284 1595 quam
1315 1544 1502 1593 indignos
1532 1545 1744 1597 ducerent,-

306 1618 375 1666 qui
404 1630 483 1654 una
514 1629 646 1654 secum
675 1616 774 1653 urbe
806 1617 911 1654 intra
942 1617 1077 1654 eadem
1102 1617 1246 1654 moenia
1269 1617 1468 1666 viveretis,
1500 1630 1604 1667 saepe
1621 1618 1733 1668 equi-

268 1688 291 1725 3
312 1688 399 1726 dem
431 1693 470 1726 et
500 1692 591 1726 ante
608 1688 754 1742 ’videor
780 1688 1117 1734 animadvertisse,
1148 1701 1252 1725 nunc
1268 1693 1399 1725 tamen
1415 1689 1596 1735 maxime,
1627 1689 1735 1739 quod

304 1760 401 1798 adeo
439 1764 593 1798 atroces
633 1761 673 1796 in
710 1759 781 1796 has
818 1760 1047 1809 rogationes
1088 1764 1241 1798 nostras
1283 1760 1411 1798 coorti
1443 1764 1547 1807 sunt,
1588 1761 1732 1810 quibus

306 1832 403 1882 quid
434 1831 541 1869 aliud
573 1845 690 1882 quam
721 1831 987 1878 admonemus,
1019 1832 1124 1869 cives
1149 1845 1220 1869 nos
1246 1845 1383 1870 eorum
1407 1845 1490 1870 esse
1514 1836 1565 1878 et,
1596 1833 1630 1870 si
1655 1846 1734 1871 non

268 1904 466 1942 4easdem
497 1917 590 1954 opes
620 1903 778 1944 habere.
811 1905 974 1942 eandem
1005 1909 1135 1942 tamen
1158 1904 1330 1954 patriam
1354 1904 1557 1942 incolere?
1593 1904 1734 1943 Altera

307 1977 545 2015 connubium
570 1979 752 2028 petimus,
785 1977 892 2027 quod
915 1976 1094 2014 finitimis
1119 1976 1377 2026 externisque
1399 1975 1488 2014 dari
1511 1976 1629 2022 solet3
1661 1988 1732 2013 nos

302 2049 462 2100 quidem
484 2050 700 2099 civitatem,
725 2062 812 2099 quae
828 2049 919 2099 plus
937 2062 1055 2098 quam
1073 2048 1314 2086 connubium
1330 2051 1401 2095 est,
1417 2047 1598 2085 hostibus
1615 2047 1733 2085 etiam

267 2121 290 2157 5
307 2121 422 2159 victis
440 2121 639 2167 dedimus;
665 2122 790 2159 altera
806 2121 908 2158 nihil
925 2120 1018 2157 novi
1034 2120 1210 2168 ferimus,
1229 2119 1296 2157 sed
1314 2119 1367 2166 id,
1385 2119 1492 2169 quod
1508 2119 1648 2169 populi
1664 2123 1733 2166 est,

303 2193 519 2243 repetimus
538 2198 658 2242 atque
675 2205 922 2242 usurpamus,
953 2196 1007 2238 ut,
1039 2191 1185 2241 quibus
1200 2192 1309 2238 velit,
1339 2190 1512 2241 populus
1527 2190 1732 2228 Romanus

261 2264 283 2301 6
301 2264 471 2302 honores
487 2263 658 2301 mandet.
689 2264 798 2311 Quid
813 2263 972 2301 tandem
990 2268 1059 2308 est,
1077 2276 1147 2300 cur
1163 2263 1302 2300 caelum
1319 2276 1363 2300 ac
1378 2266 1508 2300 terras
1526 2262 1730 2308 misceant,

304 2348 374 2373 cur
404 2335 444 2372 in
475 2348 534 2371 me
565 2336 734 2384 impetus
766 2336 881 2373 modo
906 2348 1017 2384 paene
1043 2334 1082 2371 in
1106 2339 1248 2372 senatu
1270 2335 1323 2371 sit
1345 2334 1484 2381 factus,
1515 2337 1663 2383 negent
1687 2347 1729 2371 se

303 2406 488 2445 manibus
517 2409 821 2455 temperaturos,
853 2406 1154 2455 violaturosque
1178 2405 1415 2443 denuntient
1437 2408 1728 2443 sacrosanctam

253 2479 276 2513 7
294 2477 560 2528 potestatem?
607 2475 649 2513 Si
672 2477 819 2526 populo
836 2477 1017 2514 Romano
1052 2477 1222 2514 liberum
1246 2476 1478 2526 suffragium
1508 2476 1639 2523 datur,
1670 2481 1728 2526 ut,

302 2549 447 2599 quibus
478 2549 588 2594 velit,
621 2548 867 2585 consulatum
899 2548 1071 2597 mandet,
1104 2553 1144 2585 et
1167 2562 1246 2586 non
1271 2547 1509 2597 praeciditur
1529 2559 1619 2596 spes
1642 2547 1729 2596 ple-

301 2620 390 2657 beio
421 2633 589 2669 quoque,
629 2619 662 2657 si
693 2619 838 2667 dignus
868 2631 1019 2655 summo
1051 2619 1198 2656 honore
1230 2619 1316 2663 erit,
1348 2617 1554 2667 apiscendi
1585 2619 1729 2656 summi

300 2690 476 2737 honoris,
506 2696 610 2728 stare
642 2691 737 2727 urbs
767 2690 848 2726 haec
880 2703 957 2726 non
988 2689 1164 2739 poterit?
1197 2689 1245 2726 de
1278 2689 1445 2737 imperio
1477 2694 1609 2727 actum
1640 2689 1728 2727 est?
