1821 2928
566 199 656 224 Liber
674 199 742 224 vn.
781 199 827 227 (A.
848 198 900 224 ch.
920 198 1078 227 355-—3530
1438 187 1489 223 67

113 317 290 356 lissimus
321 315 500 366 quisque⁷
533 315 602 364 qui
618 314 788 351 Romam
812 314 1083 359 mitterentur3
1114 313 1258 361 vulgus
1282 312 1395 350 aliud
1425 310 1547 348 truci-

113 386 260 424 datum.
319 384 403 421 Nec
434 383 605 433 populus
638 383 678 420 in
711 396 787 429 eos,
819 383 888 432 qui
921 382 1031 420 missi
1049 382 1219 419 Romam
1252 385 1376 428 erant,
1407 380 1545 417 mitior
1565 381 1587 417 3

112 454 206 498 fuit;
237 453 368 491 medio
402 452 443 489 in
474 452 560 489 foro
593 465 728 489 omnes
745 452 872 500 virgis
897 452 987 488 caesi
1021 465 1065 489 ac
1098 451 1229 488 securi
1261 450 1451 500 percussi.
1498 449 1546 486 Id

112 536 184 573 p-:o
217 521 435 559 immolatis
468 521 509 558 in
527 521 612 558 foro
631 520 984 570 Tarquiniensium
1002 519 1197 557 Romanis
1214 532 1339 568 poenae
1364 517 1548 555 hostibus

111 591 326 629 redditum.
386 590 466 627 Res
498 590 606 626 bello
638 590 738 627 ben(-
769 594 902 638 gestae,
933 594 977 626 ut
995 587 1195 626 Samnites
1227 601 1384 637 quoque
1409 586 1546 624 amici·
1565 586 1590 623 4

111 661 210 698 tiam
241 663 433 709 peterent,
474 659 698 696 effecerunt.
765 658 929 707 Legatis
962 671 1099 696 eorum
1131 657 1298 694 comiter
1329 656 1377 692 ab
1409 657 1548 691 senatu

110 741 362 778 responsum3
394 727 541 765 foedere
574 728 616 764 in
648 727 880 764 societatem
912 727 1081 776 accepti.

225 796 315 834 Non
333 796 470 833 eadem
489 796 609 834 domi.
636 810 722 846 quae
742 796 912 842 militiae,
939 796 1096 833 fortuna
1116 798 1201 832 erat
1216 793 1327 844 plebi
1344 793 1547 829 Romanae.
1567 791 1589 828 5

112 865 213 904 Nam
255 865 341 912 etsi,
386 865 569 902 unciario
616 865 751 902 fenore
798 865 916 911 facto,
961 865 1092 902 levata
1137 877 1258 901 usura
1305 866 1400 907 erat,
1445 865 1550 913 sorte

112 934 200 984 ipsa
231 933 505 972 obruebantur
538 934 675 983 inopes
706 947 931 984 nexumque
963 933 1143 980 inibant3
1176 946 1220 970 eo
1252 946 1325 969 nec
1355 923 1550 981 patricios

113 1004 228 1041 ambo
261 1003 442 1040 consules
474 1016 601 1052 neque
619 1002 874 1039 comitiorum
892 1015 1026 1039 curam
1058 1001 1272 1051 publicave
1305 1000 1438 1037 studia
1468 1011 1548 1049 prae

111 1072 280 1123 privatis
304 1071 568 1109 incommodis
594 1072 708 1121 plebs
733 1071 784 1108 ad
810 1071 986 1108 animum
1011 1070 1262 1108 admittebat.
1309 1068 1550 1111 Consulatus
1569 1069 1591 1104 6

112 1146 279 1190 uterque
319 1139 425 1190 apud
464 1140 659 1190 patricios
700 1143 852 1185 manetq
894 1140 1075 1177 consules
1117 1139 1240 1176 creati
1272 1138 1313 1175 C.
1345 1136 1549 1187 Sulpicius
1570 1124 1755 1186 ἒζιέζζζὲζζ

113 1210 277 1247 Peticus
308 1212 504 1259 quartum,
535 1208 590 1245 M.
622 1208 813 1245 Valerius
844 1208 1060 1246 Publicola
1091 1209 1250 1246 iterum.

225 1279 275 1316 In
316 1278 466 1315 bellum
496 1278 708 1315 Etruscum
752 1278 946 1314 intentam
979 1278 1195 1323 civitatem,
1237 1277 1331 1326 quia
1365 1275 1551 1313 Caeritem

63 1357 67 1359 ’
112 1347 303 1397 populum
326 1346 606 1383 misericordia
623 1346 983 1395 consanguinitatis
1001 1345 1368 1395 Tarquiniensibus
1386 1344 1549 1381 adiunc-

111 1422 199 1453 tum
228 1417 331 1454 fama
363 1415 527 1460 ferebat,
567 1415 691 1463 legati
723 1415 862 1452 Latini
894 1414 944 1452 ad
978 1415 1147 1452 Volscos
1179 1418 1422 1460 convertere,
1453 1427 1550 1450 nun—

113 1485 273 1530 tiantes,
311 1484 529 1521 exercitum
562 1484 832 1533 conscriptum
864 1488 1140 1534 armatumque
1180 1483 1259 1521 iam
1290 1483 1370 1520 suis
1400 1482 1549 1519 finibus

116 1553 341 1598 imminere3
383 1552 477 1589 inde
515 1552 823 1602 populabundos
863 1553 903 1590 in
936 1566 1075 1601 agrum
1106 1552 1333 1589 Romanum
1364 1556 1550 1588 venturos

115 1636 209 1659 esse.
263 1621 426 1659 Censuit
459 1621 586 1669 igitur
617 1626 776 1659 senatus
807 1625 989 1659 neutram
1019 1621 1302 1669 negligendam
1332 1635 1417 1658 rem
1449 1634 1549 1667 esse;
1571 1620 1591 1654 7

114 1695 284 1740 utroque
323 1690 499 1739 legiones
540 1690 663 1727 scribi
702 1691 962 1740 consulesque
993 1690 1132 1728 sortiri
1163 1689 1392 1740 provincias
1424 1689 1551 1726 iussit.

113 1759 333 1797 Inclinavit
357 1759 502 1796 deinde
533 1773 624 1808 pars
656 1759 783 1796 maior
815 1773 916 1796 curae
951 1760 989 1796 in
1006 1759 1219 1796 Etruscum
1251 1758 1414 1804 bellum,
1444 1756 1592 1806 post-8

113 1842 231 1878 quam
263 1828 411 1865 litteris
429 1826 600 1877 Sulpicii
633 1828 818 1874 consulis,
851 1828 913 1865 cui
931 1827 1145 1878 Tarquinii
1175 1827 1384 1878 provincia
1415 1840 1552 1864 evene-

113 1901 187 1944 rat,
219 1897 421 1946 cognitum
454 1900 523 1943 est,
555 1896 842 1946 depopulatum
875 1910 1014 1946 agrum
1040 1898 1145 1934 circa
1169 1896 1373 1934 Romanas
1405 1895 1553 1932 salinas

113 1965 338 2016 praedaeque
379 1969 533 2015 partem
566 1966 608 2003 in
640 1965 828 2003 Caeritum
860 1966 958 2003 fines
990 1970 1180 2011 avectam,
1221 1969 1259 2002 et
1289 1963 1396 2002 haud
1428 1964 1551 2001 dubie

114 2035 360 2072 iuventutem
392 2033 475 2071 eius
506 2034 646 2083 populi
679 2034 782 2071 inter
812 2034 1057 2084 praedatores
1088 2034 1219 2072 fuisse.
1266 2034 1410 2083 Itaque
1429 2033 1549 2071 Vale·
1569 2032 1591 2067 9

112 2103 216 2140 rium
248 2103 461 2147 consulem,
493 2101 652 2140 Volscis
684 2103 911 2153 oppositum
944 2106 1152 2152 castraque
1184 2101 1236 2140 ad
1266 2102 1385 2140 finem
1402 2101 1551 2139 Tuscu-

114 2171 249 2209 lanum
287 2171 512 2218 habentem,
550 2175 778 2209 revocatum
817 2171 911 2209 inde
949 2175 1108 2210 senatus
1148 2171 1386 2209 dictatorem
1418 2170 1552 2207 dicere

114 2241 241 2278 iussit.
287 2240 331 2278 T.
348 2240 548 2278 Manlium
580 2240 625 2277 L.
656 2240 783 2277 filium
816 2240 933 2277 dixit.
978 2240 1019 2278 Is
1051 2254 1171 2290 quum
1204 2241 1284 2278 sibi
1316 2240 1550 2289 magistrum
1573 2237 1621 2274 10

113 2309 293 2358 equitum
333 2309 385 2346 A.
428 2309 658 2347 Cornelium
702 2308 867 2346 Cossum
910 2309 1090 2357 dixisset,
1131 2309 1332 2347 consulari
1373 2308 1552 2345 exercitu

114 2381 322 2416 contentus
362 2392 409 2415 ex
440 2378 680 2416 auctoritate
717 2381 875 2427 patrum
916 2391 961 2415 ac
1001 2379 1142 2428 populi
1185 2379 1294 2416 iussu
1337 2376 1552 2415 Caeritibus

113 2445 263 2484 bellum
304 2446 464 2484 indixit.
524 2446 626 2484 Tum
667 2447 840 2497 primum
882 2446 1058 2494 Caerites,
1097 2451 1289 2497 tanquam
1331 2447 1373 2483 in
1414 2445 1546 2483 verbis
1621 2437 1678 2485 20

114 2514 288 2553 hostium
303 2516 363 2553 vis
386 2516 514 2554 maior
538 2515 588 2553 ad
612 2515 760 2553 bellum
783 2515 1089 2565 significandum
1106 2529 1224 2566 quam
1251 2516 1292 2553 in
1316 2515 1398 2552 suis
1421 2513 1550 2560 factis,

116 2584 183 2633 qui
213 2598 283 2635 per
314 2585 617 2636 populationem
633 2585 837 2623 Romanos
868 2585 1136 2631 lacessierant,
1168 2589 1280 2631 esset,
1311 2597 1427 2621 verus
1452 2582 1550 2619 belli

115 2655 244 2690 terror
275 2653 431 2702 invasit,
463 2658 512 2701 et,
543 2667 662 2704 quam
694 2667 772 2691 non
804 2667 963 2693 suarum
996 2654 1145 2691 virium
1177 2667 1222 2691 ea
1253 2652 1460 2690 dimicatio
1493 2665 1549 2689 es-

1235 2733 1276 2763 ὓ*
