1821 2928
353 222 436 260 220
786 231 874 256 Liber
892 230 929 255 x.
967 228 1015 258 (A.
1035 236 1059 254 c.
1079 236 1106 254 u.
1126 229 1199 259 458.)

295 350 375 384 tem
408 345 567 384 ordines
590 345 895 393 hortantemque
920 343 1132 390 invadu11t3
1164 343 1369 393 dissipatis
1394 343 1488 381 inde
1513 342 1731 393 equitibus,

297 415 367 464 qui
400 429 487 452 cum
519 428 564 452 eo
588 414 766 460 aderant,
797 414 928 463 ipsum
953 411 1262 459 circumsistunt,
1286 412 1605 461 insidentemque
1629 423 1730 460 equo

229 483 280 520 14
298 487 456 533 captum
497 483 548 520 ad
590 482 790 520 consulem
827 481 1055 518 Romanum
1095 480 1270 529 rapiunt.
1339 480 1544 518 Revocata
1584 493 1630 519 eo
1668 481 1731 515 tu-

297 552 424 589 multu
456 551 586 601 prima
627 551 742 599 signa
774 549 1015 587 Samnitium
1053 548 1318 598 proeliumque
1358 549 1436 586 iam
1475 548 1733 598 profligatum

226 619 276 656 15
294 621 538 669 integratum
570 622 646 665 est3
686 632 758 656 nec
800 618 951 655 diutius
993 617 1183 654 sustineri
1220 617 1364 667 potuit.
1425 616 1536 655 Caesa
1573 617 1626 655 ad
1663 630 1733 654 sex

296 688 424 725 millia
453 687 674 734 hominum,
715 687 794 724 duo
832 686 959 723 millia
999 689 1037 722 et
1075 686 1286 735 quingenti
1317 685 1444 735 capti,
1486 685 1527 723 in
1567 685 1622 723 eis
1658 683 1731 722 tri-

295 757 393 794 buni
437 756 611 793 militum
659 759 859 805 quattuor,
905 755 1021 803 signa
1065 754 1259 791 militaria
1301 754 1482 802 triginta,
1527 756 1577 801 et,
1623 752 1732 803 quod

295 824 543 862 laetissimum
573 824 794 861 victoribus
825 822 913 869 fuit,
946 822 1193 872 captivorum
1234 825 1395 872 recepta
1425 824 1575 872 septem
1605 821 1733 859 millia
1788 825 1792 829 ’

296 897 335 931 et
379 893 682 943 quadringenti,
727 892 864 942 praeda
910 891 1051 939 ingens
1096 891 1310 938 sociorum,
1355 890 1552 939 accitique
1599 889 1732 927 edicto

297 962 450 999 domini
483 961 534 999 ad
564 974 626 997 res
658 974 747 997 suas
779 960 998 997 noscendas
1029 959 1370 1009 recipiendasque,
1402 958 1629 1008 praestituta
1654 957 1731 995 die.

225 1031 275 1067 16
295 1030 474 1078 Quarum
499 1042 630 1066 rerum
656 1042 736 1066 non
755 1028 912 1065 exstitit
931 1028 1125 1074 dominus,
1150 1027 1270 1064 militi
1287 1039 1498 1073 concessae;
1523 1026 1733 1076 coactique

295 1099 467 1136 vendere
497 1097 686 1148 praedam,
724 1110 773 1133 ne
812 1096 912 1133 alibi
944 1110 1061 1146 quam
1100 1096 1141 1133 in
1173 1095 1292 1133 armis
1323 1096 1498 1132 animum
1527 1095 1733 1133 haberent.

168 1162 224 1209 21
413 1166 606 1214 Magnum
647 1179 692 1202 ea
731 1165 941 1215 populatio
982 1164 1175 1214 Campani
1215 1163 1303 1212 agri
1340 1164 1557 1201 tumultum
1593 1163 1733 1201 Romae

254 1236 277 1272 2
295 1235 540 1284 praebuerat,
573 1237 612 1271 et
641 1248 711 1283 per
743 1247 808 1271 eos
833 1234 935 1270 forte
961 1232 1043 1270 dies
1069 1246 1115 1269 ex
1137 1232 1304 1269 Etruria
1328 1231 1495 1269 allatum
1519 1235 1616 1280 erat,
1641 1235 1734 1282 post

295 1303 509 1340 deductum
550 1303 643 1340 inde
682 1302 996 1339 Volumnianum
1039 1301 1256 1338 exercitum
1293 1300 1498 1338 Etruriam
1537 1301 1732 1338 concitam

295 1371 338 1408 in
369 1385 478 1408 arma
509 1374 548 1408 et
575 1369 753 1408 Gellium
778 1370 1008 1419 Egnatium,
1041 1368 1281 1406 Samnitium
1312 1368 1462 1415 ducem,
1493 1371 1532 1406 et
1554 1368 1732 1406 Umbros

296 1439 349 1477 ad
392 1439 655 1476 defectionem
700 1439 835 1476 vocari
883 1442 923 1474 et
961 1436 1100 1475 Gallos
1145 1437 1277 1487 pretio
1318 1436 1473 1486 ingenti
1511 1436 1736 1474 sollicitari.

257 1509 280 1545 3
298 1508 375 1545 His
393 1508 543 1545 nuntiis
561 1510 720 1544 senatus
744 1506 984 1543 conterritus
1009 1505 1210 1543 iustitium
1234 1505 1372 1552 indici,
1396 1504 1587 1542 dilectum
1608 1505 1735 1542 omnis

257 1576 282 1613 4
299 1577 456 1624 generis
482 1576 689 1613 hominum
715 1575 855 1612 haberi
884 1575 1009 1612 iussit.
1064 1573 1146 1611 Nec
1179 1574 1342 1622 ingenui
1368 1573 1485 1611 modo
1512 1577 1582 1611 aut
1607 1573 1735 1611 iunio-

297 1657 360 1681 res
401 1647 647 1681 sacramento
689 1643 832 1689 adacti,
879 1642 947 1679 sed
995 1642 1194 1679 seniorum
1235 1643 1356 1679 etiam
1401 1642 1582 1680 cohortes
1619 1641 1734 1679 factae

298 1712 558 1761 libertinique
598 1711 825 1756 centuriati,
867 1714 905 1747 et
947 1709 1205 1746 defendendae
1251 1711 1361 1747 urbis
1401 1710 1571 1748 consilia
1608 1710 1734 1758 agita-

297 1781 455 1827 bantur,
501 1792 741 1828 summaeque
786 1791 918 1814 rerum
965 1781 1112 1827 praetor
1158 1777 1204 1814 P.
1250 1776 1508 1827 Sempronius
1552 1781 1734 1827 praeerat.

257 1849 280 1886 5
299 1848 484 1886 Ceterum
522 1850 634 1897 parte
674 1860 776 1883 curae
809 1839 1075 1883 exonerarunt
1113 1849 1293 1883 senatum
1324 1846 1370 1883 L.
1402 1845 1613 1883 Volumnii
1643 1859 1734 1883 0011-

298 1917 394 1954 sulis
435 1917 593 1961 litterae,
635 1915 778 1965 quibus
821 1928 940 1951 caesos
981 1915 1166 1963 fusosque
1204 1914 1462 1963 populatores
1503 1913 1734 1963 Campaniae

258 1986 280 2022 6
300 1985 500 2033 cognitum
533 1988 601 2021 est.
669 1984 814 2033 ltaque
846 1987 885 2020 et
915 1982 1226 2032 supplicationes
1258 1983 1306 2019 ob
1338 1996 1421 2019 rem
1451 1982 1552 2019 bene
1582 1985 1731 2031 gestam

299 2053 472 2090 consulis
495 2053 658 2089 nomine
679 2052 908 2098 decernunt,
933 2051 971 2089 et
996 2050 1192 2087 iustitium
1217 2051 1448 2097 remittitur,
1473 2051 1580 2100 quod
1603 2051 1736 2088 fuerat

260 2123 281 2158 7
300 2121 384 2157 (lies
402 2120 690 2168 duodeviginti,
708 2120 1031 2169 supplicatioque
1048 2119 1213 2167 perlaeta
1230 2118 1318 2155 fuit.
1359 2118 1459 2156 Tum
1478 2119 1526 2155 de
1543 2119 1734 2169 praesidio

298 2188 475 2238 regionis
517 2187 769 2237 depopulatae
811 2188 860 2225 ab
893 2186 1143 2224 Samnitibus
1182 2186 1330 2234 agitari
1368 2189 1558 2236 coeptum;
1598 2187 1734 2236 itaque

297 2257 461 2307 placuit,
493 2260 536 2292 ut
567 2256 654 2292 duae
686 2256 852 2293 coloniae
885 2255 991 2292 circa
1025 2253 1239 2291 Vescinum
1275 2258 1313 2291 et
1344 2255 1560 2292 Falernum
1591 2268 1733 2304 agrum

255 2325 280 2362 8
299 2324 601 2370 deducerentur,
623 2337 702 2360 una
726 2324 776 2360 ad
802 2324 946 2361 ostium
963 2322 1073 2359 Liris
1098 2322 1222 2368 fluvii,
1248 2336 1336 2372 quae
1355 2323 1573 2361 Minturnae
1597 2324 1732 2374 appel—

298 2393 392 2430 lata.
431 2392 557 2429 altera
598 2391 640 2427 in
673 2391 777 2427 saltu
809 2391 992 2436 Vescino,
1033 2390 1247 2427 Falernum
1288 2391 1543 2440 contingente
1581 2405 1733 2440 agrum,

297 2460 368 2496 ubi
407 2459 557 2509 Sinope
596 2458 743 2495 dicitur
783 2457 922 2496 Graeca
963 2459 1060 2495 urbs
1097 2458 1229 2504 fuisse,
1271 2457 1459 2496 Sinuessa
1499 2459 1642 2496 deinde
1681 2459 1733 2496 ab

260 2530 282 2564 9
301 2528 453 2565 colonis
484 2527 678 2565 Romanis
710 2527 924 2575 appellata.
985 2525 1178 2563 Tribunis
1209 2525 1337 2575 plebis
1364 2527 1571 2576 negotium
1597 2526 1733 2563 datum

299 2599 367 2641 est,
399 2599 445 2632 ut
474 2594 708 2644 plebeiscito
741 2594 945 2630 iuberetur
968 2593 1014 2630 P.
1039 2593 1298 2642 Sempronius
1327 2597 1475 2643 praetor
1498 2594 1733 2631 triumviros

233 2664 283 2700 10
302 2663 342 2699 in
368 2677 412 2700 ea
436 2663 525 2700 loca
549 2662 699 2700 colonis
725 2660 968 2698 deducendis
994 2674 1143 2706 creare,
1174 2674 1264 2708 nec,
1300 2662 1368 2710 qui
1393 2662 1554 2699 nomina
1579 2661 1731 2708 darent,
