1821 2928
388 187 438 223 18
792 195 882 220 Liber
900 194 952 220 VI.
989 194 1037 223 (Α.
1056 203 1084 220 u.
1106 202 1130 220 e.
1149 197 1306 222 369—370.)

329 316 448 361 atque
482 310 571 347 ideo
602 323 681 347 non
721 310 919 355 habuisse,
965 309 1071 358 quod
1108 313 1192 346 tum
1230 310 1506 359 responderet;
1552 312 1616 349 cui
1647 325 1763 351 servo

286 379 501 429 4unquan1
541 378 741 415 mendacii
788 391 944 427 poenam
990 377 1122 414 vincla
1167 377 1316 417 fuisse?
1375 378 1466 416 Non
1511 379 1761 418 obversatam

326 461 409 485 esse
440 446 670 484 memoriam
701 446 831 484 noctis
870 446 992 492 illius,
1030 457 1117 494 quae
1147 458 1258 494 paene
1288 446 1432 483 ultima
1463 450 1583 496 atque
1613 451 1762 485 aeterna

326 516 479 554 nomini
511 515 692 552 Romano
723 514 875 551 fuerit?
920 527 998 550 non
1037 513 1208 562 speciem
1247 515 1419 563 agminis
1451 512 1659 552 Gallorum
1690 528 1762 564 per

327 584 541 634 Tarpeiam
571 596 710 632 rupem
742 581 997 620 scandentis?
1056 595 1136 618 non
1168 582 1294 631 ipsius
1324 582 1379 619 M.
1410 581 1570 629 Manlii,
1601 583 1759 632 qualem

327 667 414 691 eum
446 655 653 697 armatum,
692 651 852 700 plenum
884 649 1041 687 sudoris
1073 663 1118 686 ac
1149 651 1367 698 sanguinis,
1406 651 1492 700 ipso
1523 664 1634 700 paene
1664 651 1762 689 Iove

288 720 311 757 5
329 725 464 771 erepto
483 734 530 757 ex
546 719 719 756 hostium
738 719 931 764 manibus,
962 717 1189 754 vidissent?
1215 717 1437 756 Selibrisne
1453 719 1571 756 farris
1587 719 1761 768 gratiam

328 789 521 828 servatori
553 787 693 836 patriae
711 786 905 824 relatam?
937 790 976 822 et
1000 799 1115 835 quem
1140 799 1264 835 prope
1288 786 1493 834 caelestem‚
1525 787 1760 836 cognomine

328 862 432 896 certe
464 856 695 906 Capitolino
726 855 816 892 Iovi
861 868 997 904 parem
1034 854 1219 900 fecerint,
1257 866 1345 890 eum
1383 854 1468 903 pati
1507 855 1687 892 vinctum
1717 855 1760 892 in

328 940 495 971 carcere,
512 925 554 961 in
570 923 746 961 tenebris
765 923 977 960 obnoxiam
994 921 1194 959 carnificis
1211 922 1381 959 arbitrio
1400 922 1541 960 ducere
1557 923 1731 960 animam
1742 922 1760 959 ἶ)

327 995 444 1033 Adeo
476 993 517 1030 in
549 1006 626 1029 uno
666 991 849 1029 omnibus
890 991 986 1027 satis
1025 989 1168 1027 auxilii
1206 990 1340 1035 fuisse,
1384 990 1534 1027 nullam
1572 1004 1686 1040 opem
1716 991 1761 1028 in

288 1063 410 1100 fitam
441 1061 578 1099 multis
609 1060 679 1096 uni
711 1058 821 1096 esse?
867 1058 954 1096 Iam
985 1071 1032 1095 ne
1064 1060 1177 1095 nocte
1201 1057 1363 1106 quidem
1384 1058 1503 1095 turba
1527 1071 1574 1095 ex
1597 1071 1641 1096 eo
1672 1059 1760 1097 loco

329 1130 593 1173 dilabebatur,
615 1128 934 1175 refracturosque
952 1139 1148 1163 carcerem
1165 1127 1432 1172 minabantur,
1449 1139 1570 1175 quum
1584 1126 1762 1173 remisso,

329 1198 437 1249 quod
482 1196 658 1245 erepturi
705 1199 828 1241 erant,
875 1207 920 1230 ex
965 1197 1123 1231 senatus
1169 1194 1348 1232 consulto
1393 1193 1570 1232 Manlius
1614 1194 1760 1232 vinclis

328 1267 541 1309 liberatum
588 1278 664 1313 quo
712 1264 814 1300 facto
860 1275 939 1299 non
980 1261 1126 1298 seditio
1167 1261 1293 1309 finita,
1337 1263 1406 1300 sed
1448 1263 1527 1299 dux
1568 1263 1761 1300 seditioni

329 1335 446 1372 datus
477 1337 544 1380 est.

293 1405 314 1440 7
444 1401 524 1438 Per
556 1399 713 1438 eosdem
745 1398 830 1436 dies
861 1397 1020 1435 Latinis
1052 1400 1091 1435 et
1120 1397 1323 1444 Hernicis,
1355 1398 1473 1435 simul
1505 1398 1656 1436 colonis
1673 1397 1760 1436 Gir-

332 1470 556 1507 ceiensibus
587 1472 624 1505 et
656 1482 678 1504 a
709 1466 891 1513 Velitris,
922 1466 1187 1516 purgantibus
1219 1479 1259 1503 se
1290 1465 1431 1503 Volsci
1464 1466 1631 1504 crimine
1661 1466 1759 1504 belli

333 1539 593 1588 captivosque
609 1536 894 1585 repetentibus,
918 1539 961 1571 ut
979 1534 1061 1571 suis
1078 1534 1234 1582 legibus
1252 1534 1294 1571 in
1312 1547 1376 1571 eos
1393 1533 1768 1581 animadverterent,

332 1606 467 1643 tristia
497 1618 686 1653 responsa
716 1603 889 1648 reddita,
918 1602 1103 1640 tristiora
1135 1601 1298 1649 colonis,
1331 1602 1438 1651 quod
1470 1602 1575 1640 cives
1591 1602 1767 1640 Romani

291 1674 474 1724 Spatriae
506 1672 784 1722 oppugnandae
816 1670 987 1708 nefanda
1020 1670 1188 1707 consilia
1219 1670 1399 1706 inissent.
1459 1669 1549 1707 Non
1580 1673 1765 1719 negatum

333 1743 468 1792 itaque
498 1745 655 1778 tantum
689 1741 736 1776 de
769 1739 952 1788 captivis,
982 1736 1062 1783 sed,
1094 1738 1135 1775 in
1167 1750 1244 1786 quo
1276 1737 1325 1773 ab
1357 1737 1476 1774 sociis
1505 1741 1639 1775 tamen
1668 1740 1766 1775 tem-

332 1813 580 1860 peraverant.
626 1807 904 1845 denuntiatum
943 1808 1101 1843 senatus
1130 1806 1276 1851 verbis,
1322 1805 1560 1842 facesserent
1596 1819 1765 1855 propere

333 1892 379 1916 ex
409 1878 505 1914 urbe
547 1877 595 1913 ab
628 1889 693 1913 ore
734 1879 852 1923 atque
894 1874 1019 1911 oculis
1060 1873 1200 1923 populi
1231 1873 1423 1920 Romani⁷
1468 1886 1516 1910 ne
1554 1873 1660 1910 nihil
1701 1887 1768 1911 eos

331 1945 546 1995 legationis
578 1945 650 1989 ius,
681 1947 852 1989 externo,
883 1955 963 1979 non
994 1942 1072 1979 civi
1105 1945 1388 1990 comparatum,
1416 1944 1580 1990 tegeret.

200 2012 255 2058 18
453 2012 771 2050 Recrudescente
786 2010 993 2047 Manliana
1010 2009 1218 2056 seditione,
1235 2010 1307 2047 sub
1325 2010 1474 2047 exitum
1490 2009 1586 2047 anni
1603 2009 1767 2047 comitia

127 2083 243 2142 2³16?
258 2084 314 2141 {31¹
336 2081 487 2128 habita,
533 2080 734 2129 creatique
778 2079 933 2115 tribuni
979 2078 1154 2115 militum
1199 2078 1399 2115 consulari
1443 2080 1639 2128 potestate
1683 2076 1768 2115 Ser.

159 2136 166 2143 ι
232 2136 237 2141 ’
310 2136 544 2188 'Cornelius
581 2147 872 2195 Maluginensis
911 2147 1066 2192 iterum,
1103 2146 1150 2183 P.
1182 2145 1371 2183 Valerius
1409 2146 1572 2184 Potitus
1608 2146 1767 2192 iterum,

332 2219 387 2255 M.
418 2217 566 2256 Furius
599 2215 791 2252 Camillus
833 2215 1027 2263 quintum⁷
1070 2212 1152 2252 Ser.
1194 2213 1399 2264 Sulpicius
1439 2214 1568 2251 Rufus
1608 2214 1766 2260 iterum,

295 2288 317 2324 2
338 2286 380 2324 C.
411 2285 603 2335 Papirius
637 2283 813 2328 Crassus,
845 2282 889 2318 T.
914 2282 1128 2329 Quinctius
1147 2282 1408 2320 Cincinnatus
1439 2283 1595 2320 iterum.
1641 2280 1765 2319 Cuius

335 2353 538 2404 principio
570 2351 664 2389 anni
696 2356 733 2387 et
764 2350 948 2399 patribus
979 2354 1018 2388 et
1048 2350 1157 2399 plebi
1183 2354 1478 2401 peropportune
1503 2352 1664 2387 externa
1687 2361 1766 2398 pax

335 2423 439 2468 data,
478 2420 598 2471 plebi,
636 2418 742 2468 quod
780 2431 858 2454 non
889 2421 1053 2455 avocata
1084 2419 1234 2456 dilectu
1265 2432 1374 2468 spem
1405 2418 1523 2467 cepit,
1561 2417 1653 2454 dum
1682 2419 1765 2453 tam

335 2494 538 2541 potentem
560 2488 725 2525 haberet
749 2486 898 2531 ducem,
930 2486 1079 2523 fenoris
1096 2487 1364 2535 expugnandi,
1396 2485 1590 2536 patribus,
1620 2495 1764 2531 nequo

335 2562 496 2596 externo
540 2560 691 2593 terrore
739 2557 1000 2591 avocarentur
1041 2555 1165 2591 animi
1205 2555 1254 2592 ab
1303 2553 1490 2592 sanandis
1535 2550 1765 2588 domesticis

295 2626 464 2664 3malis.
524 2624 675 2672 Igitur?
703 2635 824 2671 quum
869 2634 961 2670 pars
1007 2625 1175 2671 utraque
1216 2622 1347 2659 acrior
1388 2622 1594 2670 aliquanto
1629 2621 1764 2656 coorta
