1821 2928
503 145 618 180 Liber
643 145 694 180 ΙΙ.
724 148 786 189 (A.
813 145 878 181 Oh.
904 146 1115 188 471-470.)
1455 148 1528 185 121

93 288 251 326 quoque
281 288 359 312 non
390 277 537 311 temere
568 287 639 323 pro
672 273 755 311 ullo
773 286 884 323 aeque
907 273 1040 312 annisi
1065 276 1174 310 sunt:
1193 277 1531 323 propugnatorem

94 351 254 385 senatus
300 346 600 396 maiestatisque
646 345 846 383 vindicem
893 358 985 389 suae,
1031 344 1080 382 ad
1120 357 1254 383 omnes
1293 345 1531 383 tribunicios

94 419 353 470 plebeiosque
371 419 601 469 oppositum
618 418 825 464 tumultus,
844 417 1002 455 modum
1022 418 1228 455 dumtaxat
1247 417 1287 454 in
1314 417 1530 455 certamine·

93 504 308 540 egressum,
354 491 466 528 iratae
513 490 635 528 obiici
682 489 801 540 plebi.
862 489 976 527 Unus
1018 503 1038 527 e
1079 490 1259 539 patribus
1298 490 1383 539 ipse
1414 487 1562 539 App.5

95 562 289 601 Claudius
321 567 359 600 et
389 562 573 600 tribunos
606 566 645 600 et
676 563 833 613 plebem
865 568 904 600 et
935 575 1047 599 suum
1073 561 1262 598 iudicium
1295 575 1367 611 pro
1398 560 1526 599 nihilo

94 635 276 673 babebat.
338 635 459 672 Illum
506 648 584 672 non
624 636 740 672 minae
781 635 926 685 plebis.
961 647 1039 671 non
1071 637 1231 671 senatus
1271 646 1410 683 preces
1441 646 1527 683 per-

93 707 242 757 pellere
274 720 449 757 unquam
480 712 659 758 potuere,
698 721 776 744 non
816 707 930 744 modo
971 710 1016 744 ut
1055 709 1205 743 vestem
1248 710 1421 743 mutaret
1461 709 1528 743 aut

93 780 263 830 supplex
309 783 518 829 prensaret
564 779 756 826 homines,
804 779 872 816 sed
911 792 960 816 ne
992 782 1037 816 ut
1068 792 1115 815 ex
1147 781 1337 816 consueta
1368 777 1530 827 quidem

93 852 309 902 asperitate
339 851 544 897 orationis,
592 865 712 902 quum
759 851 809 890 ad
855 851 1047 902 populum
1079 850 1234 900 agenda
1266 862 1385 888 causa
1416 854 1530 890 esset.

94 924 251 974 aliquid
283 924 430 961 leniret
461 928 582 974 atque
613 925 891 963 summitteret.
939 924 1053 961 Idem
1085 923 1248 960 habitus
1275 922 1368 970 oris,
1398 921 1535 959 eadem
1554 923 1576 959 6

94 996 346 1034 contumacia
378 997 417 1033 in
450 997 575 1042 vultu,
608 997 711 1035 idem
745 997 785 1034 in
817 996 1000 1034 oratione
1031 995 1196 1046 spiritus
1229 998 1326 1041 erat,
1361 994 1458 1032 adeo
1490 997 1533 1031 ut

96 1082 239 1118 magna
270 1082 362 1119 pars
392 1069 526 1119 plebis
569 1070 750 1120 Appium
788 1083 868 1108 non
906 1069 1038 1106 minus
1070 1081 1180 1105 reum
1211 1067 1382 1116 timeret,
1415 1079 1533 1116 quam

96 1141 298 1180 consulem
329 1141 530 1179 timuerat.
594 1141 725 1180 Semel
764 1155 922 1180 causam
962 1141 1079 1187 dixit,
1120 1153 1198 1190 quo
1230 1152 1386 1189 semper
1417 1151 1534 1187 agere
1556 1139 1577 1174 7

96 1214 228 1252 omnia
266 1214 412 1251 solitus
451 1219 548 1260 erat,
588 1215 838 1252 accusatorio
877 1214 1035 1264 spiritu,
1084 1212 1262 1262 adeoque
1308 1210 1533 1248 constantia

96 1298 168 1324 sua
214 1289 253 1323 et
291 1285 477 1323 tribunos
518 1287 785 1337 obstupefecit
823 1290 862 1323 et
901 1286 1072 1336 plebem,
1109 1290 1153 1322 ut
1193 1284 1297 1321 diem
1339 1283 1416 1332 ipsi
1462 1295 1531 1320 sua

95 1358 303 1396 voluntate
335 1358 601 1408 prodicerent.
635 1358 742 1396 trahi
773 1358 919 1396 deinde
950 1371 1032 1395 rem
1071 1358 1256 1394 sinerent.
1317 1354 1439 1392 Haud
1478 1353 1575 1392 ita8

96 1431 265 1468 multum
295 1430 455 1468 interim
487 1431 679 1480 temporis
709 1430 806 1476 fuit;
838 1434 929 1468 ante
958 1434 1104 1478 tamen,
1130 1441 1248 1478 quam
1265 1427 1449 1477 prodicta
1465 1425 1524 1463 di·

97 1515 139 1539 es
170 1502 338 1548 veniret,
369 1502 506 1540 morbo
531 1503 712 1542 moritur.
769 1502 892 1540 Cuius
925 1515 1045 1552 quum
1078 1500 1351 1538 laudationem
1381 1498 1535 1536 tribuni
1554 1498 1576 1535 9

98 1574 226 1624 plebis
268 1573 461 1624 impedire
502 1580 752 1624 conarentur,
792 1575 906 1624 plebs
946 1573 1125 1611 fraudari
1163 1572 1345 1611 sollemni
1384 1571 1534 1609 honore

98 1659 326 1696 supremum
359 1646 464 1684 diem
495 1647 600 1684 tanti
630 1648 707 1684 viri
741 1647 881 1695 noluit,
923 1650 962 1684 et
992 1645 1264 1684 laudationem
1294 1648 1375 1682 tam
1408 1643 1534 1693 aequis

98 1719 263 1757 auribus
294 1719 440 1757 mortui
471 1718 638 1767 audivit,
671 1732 788 1768 quam
827 1720 910 1757 vivi
941 1719 1231 1757 accusationem
1271 1716 1464 1762 audierat,
1495 1719 1532 1752 et

99 1792 309 1841 exsequias
340 1792 527 1841 frequens
559 1791 788 1830 celebravit.

212 1863 364 1901 Eodem
411 1877 514 1901 anno
561 1863 750 1902 Valerius
797 1865 933 1902 consul
973 1877 1060 1902 cum
1093 1861 1345 1901 exercituin
1379 1860 1534 1909 AEquos
1592 1846 1650 1896 62

97 1937 310 1986 profectus,
342 1949 462 1986 quum
495 1936 647 1974 hostem
679 1936 730 1974 ad
753 1937 940 1987 proelium
964 1937 1109 1974 elicere
1136 1949 1214 1973 non
1241 1936 1386 1984 posset,
1403 1936 1533 1970 castra

98 2020 331 2058 oppugnare
363 2012 423 2046 est
453 2007 627 2046 adortus.
677 2009 895 2047 Prohibuit
925 2009 1029 2047 foeda
1054 2011 1269 2058 tempestas
1300 2019 1388 2044 cum
1414 2017 1532 2053 gran-

97 2079 192 2118 dine
223 2093 267 2118 ac
296 2080 514 2119 tonitribus
547 2081 642 2119 caelo
673 2081 840 2120 deiecta.
886 2081 1208 2120 Admirationem
1233 2078 1378 2117 deinde
1409 2077 1532 2123 auxit,
1550 2079 1573 2115 2

99 2151 212 2201 signo
243 2153 424 2203 receptui
457 2153 563 2200 dato,
596 2153 695 2192 adeo
725 2154 949 2204 tranquilla
966 2153 1161 2192 serenitas
1178 2151 1347 2197 reddita,
1363 2155 1408 2188 ut
1422 2150 1532 2187 velut

98 2225 257 2262 numine
289 2225 426 2275 aliquo
459 2226 621 2264 defensa
652 2231 782 2265 castra
813 2240 1046 2277 oppugnare
1070 2226 1215 2264 iterum
1239 2223 1382 2272 religio
1399 2223 1532 2261 fuerit.

99 2295 238 2335 Omnis
268 2297 328 2335 ira
358 2297 459 2335 belli
493 2297 542 2335 ad
573 2300 874 2348 populationem
907 2299 995 2350 agri
1025 2299 1160 2336 vertit.
1233 2296 1353 2334 Alter
1384 2295 1532 2339 consul,
1551 2295 1574 2332 3

99 2368 305 2414 AEmilius,
337 2369 375 2406 in
411 2369 571 2408 Sabinis
603 2371 754 2410 bellum
781 2373 917 2421 gessit.
960 2371 1013 2409 Et
1045 2370 1113 2417 ibi,
1136 2370 1232 2420 quia
1249 2368 1375 2406 hostis
1393 2368 1528 2405 moeni·

98 2439 172 2478 bus
203 2453 244 2478 se
275 2441 448 2487 tenebat,
479 2443 626 2480 vastati
656 2443 744 2492 agri
775 2449 877 2482 sunt.
937 2443 1142 2481 Incendiis
1173 2441 1318 2480 deinde
1349 2454 1426 2478 non
1458 2439 1528 2476 vil·
1547 2442 1570 2479 4

99 2511 226 2550 larum
259 2513 387 2560 modo,
411 2514 480 2552 sed
507 2515 626 2552 etiam
645 2515 834 2563 vicorum,
852 2517 998 2566 quibus
1014 2517 1243 2565 frequenter
1259 2511 1529 2550 habitabatur.

101 2581 243 2622 Sabini
275 2585 396 2623 exciti
427 2599 547 2636 quum
579 2587 874 2637 praedatoribus
902 2588 1180 2631 occurrissent,
1205 2583 1530 2634 ancipitiproelio

39 2651 41 2654 ’
101 2654 270 2704 digressi
300 2661 460 2708 postero
490 2658 554 2696 die
579 2660 770 2697 rettulere
795 2663 924 2698 castra
952 2661 992 2698 in
1024 2660 1175 2697 tutiora
1199 2658 1299 2695 loca.
1360 2655 1407 2694 Id
1438 2658 1532 2696 satis
1552 2657 1574 2695 5
