1821 2928
603 189 692 215 Liber
712 189 797 214 vm.
835 189 884 218 (A.
905 189 956 215 cn.
976 190 1048 217 340.)
1421 177 1499 214 107

110 316 326 353 perrupere
358 316 517 350 cuneos,
548 306 593 341 ut
614 303 684 341 vix
702 307 887 353 quartam
904 307 1058 354 partem
1075 303 1353 352 relinquerent
1370 301 1557 339 hostium.

110 370 309 409 Samnites
340 385 511 421 quoque,
541 372 613 409 sub
645 371 851 409 radicibus
882 371 1029 410 montis
1060 371 1201 420 procul
1226 369 1424 415 instructi,
1455 381 1554 418 prae-
1575 369 1599 405 7

109 439 229 477 buere
261 444 456 477 terrorem
487 439 661 477 Latinis.
723 440 909 478 Ceterum
940 440 1046 477 inter
1073 453 1208 476 omnes
1226 439 1332 476 cives
1349 437 1557 486 sociosque

109 508 314 558 praecipua
359 508 446 546 laus
492 508 577 545 eius
616 508 715 546 belli
753 522 874 558 penes
906 508 1087 546 consules
1118 507 1206 554 fuit,
1253 519 1423 556 quorum
1455 505 1558 543 alter

109 589 243 614 omnes
274 576 403 615 minas
434 576 696 626 periculaque
727 576 778 614 ab
805 576 892 613 deis
909 576 1065 625 superis
1082 575 1302 624 inferisque
1321 575 1362 611 in
1379 587 1418 611 se
1435 586 1557 610 unum

108 645 242 691 vertit,
273 645 375 681 alter
407 658 451 682 ea
482 645 632 682 virtute
663 658 789 694 eoque
821 644 990 682 consilio
1024 644 1064 681 in
1096 643 1241 693 proelio
1259 643 1347 688 fuit,
1379 645 1423 679 ut
1440 641 1598 679 facile&

109 712 342 750 convenerit
372 713 477 751 inter
507 713 712 751 Romanos
729 713 988 762 Latinosque,
1019 713 1088 762 qui
1120 712 1205 749 eius
1236 723 1380 760 pugnae
1412 722 1557 747 memo-

108 781 210 818 riam
242 781 415 830 posteris
445 782 716 828 tradiderunt,
748 782 879 819 utrius
896 781 1024 831 partis
1041 780 1086 817 T.
1102 779 1282 817 Manlius
1307 780 1388 816 dux
1404 778 1558 822 fuisset,

110 848 195 885 eius
226 850 402 886 futuram
433 850 541 887 haud
574 851 696 888 dubie
727 850 850 887 fuisse
881 850 1107 887 victoriam.
1182 848 1323 886 Latini
1368 861 1416 884 ex
1461 846 1555 894 fuga
1576 847 1598 882 9

109 930 148 953 se
180 916 412 955 Minturnas
444 919 712 955 contulerunt.
788 918 926 955 Castra
972 918 1190 955 secundum
1220 915 1409 966 proelium
1440 917 1557 963 capta

109 984 306 1034 multique
337 986 525 1023 mortales
556 986 614 1023 ibi
646 986 731 1023 vivi
756 986 948 1036 oppressi,
979 986 1151 1022 maxime
1169 984 1375 1034 Campani.
1435 982 1557 1020 Decii
1579 984 1628 1019 10

109 1065 252 1101 corpus
283 1066 331 1090 ne
363 1066 408 1090 eo
434 1053 499 1090 die
524 1054 784 1100 inveniretur,
815 1068 894 1091 nox
911 1058 1132 1104 quaerentes
1149 1053 1366 1103 oppressit3
1396 1054 1557 1101 postero

109 1119 175 1158 die
208 1121 415 1158 inventum
439 1121 544 1159 inter
568 1122 781 1159 maximam
798 1122 975 1160 hostium
991 1127 1175 1170 stragem,
1207 1124 1439 1171 coopertum
1454 1118 1559 1163 telis,

107 1189 305 1238 funusque
337 1189 373 1226 ei
404 1203 477 1239 par
507 1190 638 1236 mort-i,
671 1190 899 1228 celebrante
931 1190 1105 1238 collega,
1135 1191 1285 1226 factum
1317 1193 1386 1226 est.
1445 1185 1557 1224 Illud
1579 1188 1625 1224 11

111 1257 385 1294 adiiciendum
414 1259 589 1306 videtur,
635 1259 756 1297 licere
799 1259 956 1296 consuli
1003 1258 1274 1307 dictatorique
1314 1260 1353 1293 et
1382 1254 1560 1306 praetori,

67 1361 70 1364 .
109 1338 231 1375 quum
277 1326 456 1375 legiones
497 1327 672 1365 hostium
711 1328 915 1374 devoveat,
961 1340 1040 1364 non
1069 1327 1211 1376 utique
1244 1339 1295 1372 se,
1340 1324 1409 1362 sed
1441 1336 1558 1373 quem

107 1394 205 1432 velit
236 1408 283 1431 ex
316 1395 474 1443 legione
490 1396 675 1433 Romana
706 1396 858 1445 scripta
890 1395 1028 1441 civem,
1059 1394 1276 1440 devovere,
1307 1394 1341 1431 si
1366 1393 1400 1430 is
1426 1392 1557 1436 homo,
1579 1393 1627 1430 12

108 1463 178 1511 qui
209 1462 378 1500 devotus
408 1467 479 1510 est,
509 1464 691 1511 moritur,
735 1463 862 1514 probe
907 1464 1058 1501 factum
1088 1463 1242 1509 videri3
1287 1462 1330 1499 ni
1374 1460 1555 1504 moritur,

108 1535 193 1568 tum
225 1531 382 1580 signum
415 1536 564 1581 septem
596 1533 718 1582 pedes
748 1532 873 1570 altum
904 1535 975 1569 aut
1006 1532 1134 1569 maius
1165 1532 1207 1568 in
1237 1534 1386 1568 terram
1417 1527 1554 1566 defodi

110 1603 149 1636 et
178 1599 383 1649 piaculum
414 1601 588 1638 hostiam
619 1601 737 1647 caedi3
777 1600 850 1638 ubi
892 1600 995 1637 illud
1038 1600 1197 1648 signum
1239 1598 1439 1636 defossum
1470 1596 1557 1641 erit,

111 1681 155 1705 eo
189 1669 469 1717 magistratum
487 1669 712 1707 Romanum
744 1669 954 1706 escendere
985 1669 1044 1705 fas
1076 1682 1155 1706 non
1179 1681 1274 1705 esse.
1335 1665 1555 1704 sinautem
1579 1667 1627 1704 13

110 1749 193 1773 sese
226 1737 421 1775 devovere
451 1738 570 1785 volet,
601 1738 721 1776 sicuti
751 1737 906 1775 Decius
939 1737 1112 1784 devovit,
1144 1736 1186 1773 ni
1218 1735 1400 1781 moritur,
1431 1746 1559 1783 neque

110 1818 224 1842 suum
256 1819 384 1855 neque
414 1807 623 1855 publicum
655 1806 837 1844 divinum
868 1819 968 1855 pure
999 1805 1136 1852 faciet,
1182 1804 1266 1842 sive
1304 1803 1436 1841 hostia
1476 1802 1560 1839 sive

111 1887 190 1922 quo
223 1874 302 1912 alio
334 1875 452 1913 volet.
527 1875 609 1922 Qui
640 1888 724 1912 sese
757 1874 982 1920 devoverit,
1015 1872 1200 1910 Vulcano
1240 1886 1350 1910 arma
1381 1872 1463 1909 sive
1497 1869 1561 1907 cui

114 1942 186 1980 alii
219 1942 312 1980 divo
343 1956 486 1981 vovere
516 1943 636 1990 volet,
668 1943 728 1980 ius
761 1947 837 1989 est3
868 1943 961 1989 telo,
993 1955 1112 1991 super
1143 1941 1252 1991 quod
1282 1945 1391 1978 stans
1422 1938 1561 1976 consul
1581 1939 1633 1977 14

112 2015 297 2061 precatus
330 2015 400 2058 est,
444 2012 598 2049 hostem
637 2012 760 2061 potiri
801 2012 860 2049 fas
899 2024 977 2048 non
1009 2014 1085 2055 est3
1132 2010 1167 2046 si
1202 2010 1394 2059 potiatur,
1437 2007 1564 2045 Marti

112 2080 451 2118 suovetaurilibus
482 2080 685 2130 piaculum
717 2080 815 2117 fieri.
875 2080 986 2126 Haee,
1019 2079 1092 2116 etsi
1124 2079 1252 2115 omnis
1280 2077 1410 2116 divini
1425 2077 1562 2114 huma·
1640 2072 1690 2117 ll

113 2148 235 2198 nique
266 2150 389 2186 moris
421 2150 611 2187 memoria
636 2148 815 2186 abolevit
840 2161 943 2184 nova
960 2148 1254 2197 peregrinaque
1271 2146 1405 2184 omnia
1421 2144 1565 2195 priscis

113 2230 159 2254 ac
190 2218 335 2266 patriis
368 2217 631 2267 praeferendo,
663 2217 769 2254 haud
803 2217 852 2253 ab
885 2230 927 2253 re
959 2216 1056 2252 duxi
1088 2216 1225 2254 verbis
1256 2228 1416 2265 quoque
1456 2213 1566 2263 ipsis,

114 2289 158 2322 ut
188 2286 339 2323 tradita
373 2290 682 2336 nuncupataque
713 2289 817 2331 sunt,
848 2286 1008 2322 referre.
1038 2307 1094 2312 —-
1126 2284 1321 2322 Romanis
1354 2287 1442 2333 post
1462 2295 1564 2332 proe-
1583 2282 1605 2317 2

115 2354 212 2392 lium
259 2354 418 2392 demum
463 2355 611 2391 factum
644 2353 845 2391 Samnites
890 2353 1046 2390 venisse
1092 2353 1288 2399 subsidio,
1335 2354 1565 2401 exspectato

116 2428 260 2461 eventu
291 2436 447 2473 pugnae,
479 2422 586 2473 apud
618 2422 811 2472 quosdam
843 2426 1026 2459 auctores
1058 2421 1229 2459 invenio.
1290 2420 1452 2458 Latinis
1469 2432 1566 2469 quo·
1586 2420 1608 2453 3

118 2504 194 2539 que
226 2492 276 2529 ab
307 2491 494 2529 Lanuvio
527 2492 735 2537 auxilium,
783 2490 878 2527 dum
917 2490 1183 2528 deliberando
1224 2493 1361 2526 terunt
1401 2493 1569 2536 tempus

120 2559 237 2597 victis
270 2561 427 2597 demum
459 2560 556 2597 ferri
588 2563 780 2610 coeptum3
813 2563 862 2605 et,
894 2552 1015 2608 quum
1048 2559 1128 2596 iam
1152 2558 1280 2607 portis
1297 2557 1427 2606 prima
1452 2555 1567 2604 signa
1587 2555 1611 2591 4

124 2633 162 2665 et
192 2643 282 2678 pars
315 2629 489 2678 agminis
522 2633 622 2665 esset
655 2640 825 2676 egressa,
857 2627 998 2664 nuntio
1031 2627 1153 2665 allato
1187 2627 1234 2664 de
1267 2625 1380 2662 clade
1406 2623 1570 2661 Latino-
