1821 2928
206 1038 256 1085 14

206 2546 252 2591 15

329 124 409 161 210
764 118 878 154 Liber
903 119 971 154 IV.
1019 120 1080 162 (A.
1106 131 1140 154 u.
1167 130 1196 154 c.
1222 119 1316 164 315.)

328 249 438 299 Opus
469 261 553 286 esse
585 259 663 285 non
697 247 791 284 forti
822 247 949 284 solum
979 247 1080 298 viro,
1114 248 1183 285 sed
1208 247 1327 285 etiam
1351 247 1477 284 libero
1496 247 1758 297 exsolutoque

266 322 311 357 12
329 322 462 370 legum
492 319 648 358 vinclis.
707 318 850 368 Itaque
881 332 922 356 se
953 318 1187 356 dictatorem
1212 318 1257 356 L.
1275 318 1507 366 Quinctium
1538 318 1759 365 dicturum;

329 393 384 429 ibi
416 392 591 429 animum
608 403 744 441 parem
761 394 881 428 tantae
897 391 1086 440 potestati
1103 404 1198 428 esse.
1242 390 1575 441 Approbantibus
1593 391 1759 439 cunctis,

327 464 458 514 primo
477 463 690 510 Quinctius
722 463 894 500 abnuere
927 465 976 508 et,
1009 462 1104 512 quid
1129 462 1207 500 sibi
1222 462 1384 509 vellent,
1413 462 1601 511 rogitare,
1634 463 1703 513 qui
1719 476 1760 501 se

266 536 313 572 13
333 538 449 574 aetate
476 538 617 573 exacta
632 537 753 572 tantae
771 534 1020 571 dimicationi
1039 534 1267 572 obiicerent.
1307 533 1414 572 Dein
1432 546 1553 584 quum
1569 534 1760 585 undique,

328 608 418 658 plus
450 607 491 644 in
522 607 594 644 illo
625 606 742 644 senili
775 606 904 643 animo
932 619 1010 644 non
1038 606 1196 643 consilii
1211 606 1341 653 modo,
1373 605 1443 644 sed
1460 605 1580 644 etiam
1596 606 1760 644 virtutis

331 692 415 717 esse
446 692 564 729 quam
595 679 636 716 in
668 678 851 716 omnibus
884 678 989 725 aliis,
1021 678 1201 716 dicerent
1216 677 1484 728 laudibusque
1499 677 1608 716 haud
1625 678 1758 716 imme-

265 751 315 787 14
331 751 423 788 ritis
451 754 671 797 onerarent,
703 754 741 788 et
759 750 896 788 consul
912 749 1013 787 nihil
1029 750 1261 797 remitteret,
1289 752 1474 800 precatus
1490 749 1650 788 tandem
1667 749 1760 788 deos

328 823 573 861 immortales
592 822 865 869 Cincinnatus,
895 835 944 858 ne
975 824 1155 859 senectus
1187 835 1258 859 sua
1288 822 1328 859 in
1353 824 1434 859 tam
1457 821 1626 871 trepidis
1643 822 1762 859 rebus

331 896 473 933 damno
505 894 740 932 dedecorive
766 894 827 931 rei
852 893 1023 944 publicae
1041 897 1154 942 esset,
1186 894 1360 932 dictator
1383 907 1406 931 a
1423 894 1583 932 consule
1601 893 1761 932 dicitur.

329 967 422 1017 Ipse
454 966 598 1004 deinde
631 966 673 1004 O.
705 965 919 1004 Servilium
949 965 1124 1004 Ahalam
1164 966 1398 1015 magistrum
1439 965 1618 1016 equitum
1649 965 1761 1003 dicit.

331 1039 499 1077 Postero
531 1038 607 1086 die,
639 1038 844 1088 dispositis
874 1037 1086 1088 praesidiis,
1118 1051 1239 1088 quum
1270 1038 1310 1075 in
1341 1038 1471 1076 forum
1494 1037 1763 1075 descendisset

330 1124 598 1161 conversaque
628 1111 671 1148 in
703 1124 791 1148 eum
821 1110 937 1160 plebs
967 1110 1143 1148 novitate
1175 1110 1234 1148 rei
1265 1124 1311 1148 ac
1341 1110 1536 1147 miraculo
1569 1112 1682 1157 esset,
1723 1113 1763 1147 et

330 1183 512 1221 Maeliani
543 1186 662 1232 atque
694 1182 779 1232 ipse
811 1182 893 1220 dux
925 1195 1060 1220 eorum
1091 1182 1131 1219 in
1163 1196 1204 1220 se
1235 1183 1430 1220 intentam
1459 1182 1541 1220 vim
1569 1182 1673 1220 tanti
1689 1181 1760 1219 im-

290 1259 313 1293 2
331 1256 435 1306 perii
452 1258 669 1301 cernerent,
702 1257 884 1304 expertes
902 1254 1156 1291 consiliorum
1172 1254 1299 1304 regni,
1331 1254 1401 1304 qui
1424 1253 1629 1301 tumultus,
1656 1253 1762 1303 quod

331 1327 481 1365 bellum
511 1339 656 1377 repens
687 1329 755 1364 aut
786 1326 1039 1364 dictatoriam
1066 1326 1312 1364 maiestatem
1338 1330 1406 1364 aut
1422 1325 1655 1374 Quinctium
1673 1329 1764 1376 post

333 1399 616 1448 octogesimum
644 1412 789 1437 annum
804 1401 999 1436 rectorem
1016 1397 1262 1448 reipublicae
1280 1397 1497 1447 quaesisset,
1527 1398 1763 1446 rogitarent,

293 1472 476 1510 3missus
516 1471 565 1509 ab
607 1470 803 1508 dictatore
837 1468 1032 1508 Servilius
1070 1469 1259 1519 magister
1297 1470 1474 1520 equitum
1505 1470 1556 1508 ad
1585 1469 1764 1507 Maelium

336 1543 490 1589 „Vocat
513 1545 576 1580 te“
598 1542 731 1592 inquit
750 1541 987 1589 „dIctator“.
1036 1542 1167 1590 Quum
1198 1541 1367 1592 pavidus
1398 1541 1480 1589 ille,
1511 1541 1607 1591 quid
1629 1541 1764 1588 vellet,

333 1618 540 1664 quaereret,
573 1613 848 1663 Serviliusque
880 1627 1037 1651 causam
1070 1613 1277 1651 dicendam
1309 1627 1394 1651 esse
1422 1616 1665 1664 proponeret
1688 1613 1762 1651 cri-

293 1689 318 1725 4
336 1699 502 1736 menque
529 1699 551 1723 a
567 1686 748 1723 Minucio
766 1686 943 1723 delatum
960 1685 1010 1722 ad
1026 1687 1205 1723 senatum
1223 1685 1467 1731 diluendum,
1493 1687 1588 1722 tunc
1604 1685 1765 1723 Maelius

332 1759 512 1808 recipere
553 1771 593 1795 se
633 1758 672 1794 in
713 1761 912 1795 catervam
943 1770 1115 1803 suorum,
1162 1759 1201 1794 et
1230 1756 1401 1806 primum
1434 1756 1764 1806 circumspectans

332 1830 601 1880 tergiversari,
635 1832 845 1880 postremo,
879 1842 1000 1879 quum
1027 1829 1236 1878 apparitor
1261 1828 1372 1866 iussu
1389 1828 1571 1877 magistri
1587 1828 1764 1878 equitum

333 1904 507 1948 duceret,
555 1904 714 1952 ereptus
760 1915 782 1938 a
822 1900 1170 1938 circumstantibus
1210 1900 1449 1951 fugiensque
1488 1899 1605 1937 fidem
1636 1899 1765 1950 plebis

296 1974 528 2012 5Romanae
575 1973 787 2023 implorare
834 1976 872 2011 et
917 1972 1089 2023 opprimi
1130 1986 1170 2010 se
1211 1986 1403 2010 consensu
1433 1974 1590 2022 patrum
1620 1971 1765 2019 dicere,

335 2045 442 2096 quod
472 2045 582 2096 plebi
614 2045 788 2094 benigne
819 2045 994 2091 fecisset3
1043 2058 1168 2092 orare,
1215 2048 1259 2081 ut
1299 2057 1411 2094 opem
1442 2043 1520 2081 sibi
1549 2043 1692 2081 ultimo
1723 2044 1764 2080 in

334 2118 564 2156 discrimine
611 2117 761 2154 ferrent
806 2129 904 2155 neve
943 2120 1034 2154 ante
1066 2117 1203 2154 oculos
1234 2130 1324 2154 suos
1353 2115 1547 2153 trucidari
1578 2115 1763 2153 sinerent.

296 2189 434 2227 6Hae0
467 2202 553 2226 eum
584 2188 870 2226 vociferantem
912 2192 1112 2226 assecutus
1144 2187 1280 2226 Ahala
1310 2186 1504 2225 Servilius
1535 2186 1765 2233 obtruncat;

335 2273 618 2310 respersusque
650 2273 789 2298 cruore
820 2260 1060 2307 obtruncati,
1102 2260 1272 2310 stipatus
1310 2262 1468 2297 caterva
1503 2258 1764 2308 patriciorum

336 2334 536 2378 iuvenum,
567 2331 756 2368 dictatori
773 2333 986 2379 renuntiat,
1009 2335 1193 2370 vocatum
1219 2332 1270 2369 ad
1287 2344 1375 2368 eum
1391 2330 1580 2377 Maelium,
1603 2330 1764 2380 repulso

336 2404 564 2454 apparitore
597 2403 858 2441 concitantem
885 2403 1195 2450 multitudinem,
1225 2416 1383 2453 poenam
1409 2401 1589 2439 meritam
1605 2401 1762 2439 habere.

298 2478 319 2513 7
338 2475 440 2512 Tum
468 2474 639 2512 dictator
659 2473 817 2521 „Macte
834 2474 1004 2512 virtute“
1040 2474 1183 2524 inquit,
1218 2473 1285 2522 ,‚O.
1303 2472 1465 2519 Servili,
1495 2475 1578 2510 esto
1594 2472 1765 2510 liberata

336 2560 378 2584 re
394 2547 594 2597 publica.“
642 2544 968 2583 Tumultuantem
988 2546 1129 2583 deinde
1146 2545 1441 2582 multitudinem
1457 2543 1609 2581 incerta
1625 2543 1761 2581 existi-

336 2619 509 2655 matione
526 2617 622 2655 facti
639 2616 689 2654 ad
706 2616 931 2654 contionem
948 2616 1081 2655 vocari
1109 2617 1239 2663 iussit,
1265 2618 1304 2653 et
1319 2614 1497 2652 Maelium
1514 2613 1602 2652 iure
1619 2627 1762 2652 caesum

336 2689 626 2738 pronuntiavit,
659 2688 815 2726 etiamsi
846 2688 961 2737 regni
992 2687 1159 2726 crimine
1190 2687 1324 2725 insons
1349 2686 1481 2732 fuerit,
1513 2684 1582 2735 qui
1599 2687 1762 2724 vocatus
