1821 2928
485 117 601 152 Liber
628 116 671 151 v.
719 118 780 162 (A.
806 115 872 151 ch.
898 118 1108 160 396-395.)
1432 122 1511 159 281

75 250 156 285 tem
185 246 378 296 populum
411 245 589 294 subegit3
621 258 700 296 pax
725 245 954 295 petentibus
980 245 1090 292 data;
1121 246 1161 282 in
1178 244 1350 283 Faliscis
1367 245 1516 283 bellum

76 318 264 357 restabat.
311 317 450 355 Romae
473 317 632 354 interim
657 317 870 367 multiplex
894 317 1040 355 seditio
1060 321 1156 363 erat,
1187 317 1299 354 cuius
1316 317 1511 355 leniendae
1529 320 1553 354 4

77 403 196 428 causa
227 389 424 427 coloniam
458 389 498 426 in
520 388 696 435 Volscos,
728 402 806 439 quo
832 389 914 426 tria
930 389 1061 426 millia
1078 389 1225 426 civium
1244 389 1515 427 Romanorum

77 462 361 507 scriberentur,
387 461 659 499 deducendam
685 466 932 508 censuerant,
955 461 1240 510 triumvirique
1267 461 1317 499 ad
1335 461 1375 498 id
1394 462 1516 499 creati

76 537 191 572 terna
223 534 362 582 iugera
387 537 425 570 et
449 536 657 583 septunces
673 533 826 570 viritim
845 534 1073 571 diviserant.
1119 533 1178 570 Ea
1195 534 1361 582 largitio
1380 534 1513 583 sperni
1534 534 1558 570 5

79 609 218 655 coepta,
251 605 344 655 quia
375 606 459 655 spei
491 605 653 642 maioris
685 605 928 643 avertendae.
947 605 1134 642 solatium
1160 605 1358 642 obiectum
1386 619 1517 643 cense-

77 678 192 715 bant:
226 691 295 715 cur
326 677 431 714 enim
458 677 631 726 relegari
655 678 811 727 plebem
840 678 879 714 in
899 677 1080 724 Volscos,
1112 690 1233 727 quum
1251 678 1519 727 pulcherrima

78 749 173 787 urbs
191 748 286 786 Veii
319 763 492 799 agerque
512 748 759 786 Veientanus
791 750 830 786 in
858 754 1072 799 conspectu
1097 750 1159 795 sit,
1190 750 1354 787 uberior
1381 750 1517 799 ampli-

79 835 202 871 orque
218 821 399 858 Romano
431 820 556 870 agro?
602 821 757 859 Urbem
790 835 946 871 quoque
978 822 1067 859 urbi
1084 822 1222 859 Romae
1256 822 1317 859 vel
1349 822 1428 858 situ
1455 822 1515 858 vel
1537 824 1559 857 6

80 893 378 942 magnificentia
410 893 662 943 publicorum
695 895 1023 944 privatorumque
1053 898 1248 932 tectorum
1275 908 1319 931 ac
1344 894 1517 931 locorum

80 965 379 1016 praeponebant.
440 965 546 1012 Quin
587 966 656 1003 illa
696 979 852 1016 quoque
884 967 987 1004 actio
1020 967 1263 1013 movebatur,
1311 979 1398 1016 quae
1429 970 1519 1016 post
1541 966 1561 999 7

81 1042 236 1088 captam
268 1038 407 1088 utique
425 1038 591 1075 Romam
623 1036 793 1076 aGallis
826 1039 1067 1076 celebratior
1090 1040 1177 1085 fuit,
1207 1037 1519 1086 transmigrandi

81 1110 215 1149 Veios.
263 1110 447 1148 Ceterum
473 1112 617 1160 partim
643 1110 763 1160 plebi,
796 1110 941 1160 partim
960 1111 1117 1148 senatui
1134 1110 1392 1149 destinabant
1408 1110 1518 1147 habi·
1538 1109 1562 1144 8

80 1183 224 1220 tandos
257 1182 390 1229 Veios,
431 1183 608 1232 duasque
646 1183 765 1220 urbes
805 1184 1025 1220 communis
1056 1183 1113 1219 rei
1145 1183 1317 1232 publicae
1350 1182 1472 1220 incoli
1503 1196 1522 1219 a

80 1255 230 1304 populo
262 1254 442 1292 Romano
488 1269 615 1304 posse.
677 1255 886 1292 Adversus
925 1268 1013 1304 quae
1051 1268 1172 1305 quum
1211 1255 1423 1304 optimates
1463 1254 1563 1292 ita9

81 1326 302 1371 tenderent,
332 1331 378 1363 ut
408 1327 623 1365 morituros
656 1341 695 1364 se
729 1327 848 1364 citius
881 1327 1061 1364 dicerent
1084 1328 1124 1364 in
1150 1331 1366 1377 conspectu
1383 1326 1523 1376 populi

80 1398 255 1436 Romani
272 1412 390 1448 quam
409 1399 622 1449 quicquam
641 1412 774 1436 earum
792 1412 924 1436 rerum
942 1404 1167 1447 rogaretur:
1192 1399 1340 1449 quippe
1360 1412 1463 1436 nunc
1480 1399 1521 1436 in
1544 1397 1595 1433 lO

81 1483 161 1508 una
177 1472 276 1508 urbe
294 1474 449 1508 tantum
469 1471 756 1509 dissensionum
776 1485 878 1517 esse;
896 1471 992 1520 quid
1011 1471 1050 1508 in
1065 1471 1217 1508 duabus
1230 1471 1399 1508 urbibus
1411 1470 1525 1508 fore?

82 1543 280 1580 victamne
328 1547 374 1580 ut
412 1543 621 1593 quisquam
660 1543 817 1580 vict-rici
860 1544 1001 1593 patriae
1042 1544 1249 1593 praeferret
1285 1543 1526 1592 sineretque,

83 1615 275 1652 maiorem
302 1616 502 1652 fortunam
527 1616 653 1665 captis
678 1629 762 1652 esse
786 1615 914 1661 Veiis,
940 1629 1058 1666 quam
1085 1615 1352 1653 incolumibus
1376 1614 1526 1652 fuerit?

83 1691 284 1738 postremo
316 1700 356 1724 se
387 1687 563 1737 relinqui
594 1701 617 1725 a
649 1687 802 1724 civibus
834 1688 873 1724 in
905 1688 1037 1738 patria
1059 1701 1192 1737 posse;
1225 1692 1270 1725 ut
1293 1688 1525 1737 relinquant
1544 1685 1585 1722 ll

83 1759 257 1810 patriam
289 1762 410 1809 atque
443 1759 560 1805 cives,
600 1759 752 1797 nullam
793 1760 873 1797 vim
904 1773 1080 1809 unquam
1112 1761 1378 1806 subacturam,
1411 1764 1450 1797 et
1479 1759 1525 1796 T.

84 1829 279 1868 Sicinium
299 1831 351 1879 (is
382 1832 487 1868 enim
519 1845 567 1868 ex
597 1831 775 1869 tribunis
801 1831 932 1881 plebis
957 1833 1182 1881 rogationis
1200 1833 1285 1870 eius
1302 1832 1407 1869 lator
1423 1833 1524 1879 erat)

85 1903 331 1941 conditorem
364 1902 488 1940 Veios
534 1907 763 1953 sequantur,
807 1904 950 1941 relicto
990 1904 1062 1941 deo
1094 1904 1280 1950 Romulo,
1327 1904 1391 1941 dei
1429 1902 1526 1949 filio,

84 1979 250 2025 parente
268 1978 307 2011 et
323 1979 484 2012 auctore
500 1975 612 2012 urbis
627 1974 777 2021 Romae,
799 1999 848 2003 -
863 1976 947 2013 haec
965 1989 1086 2026 quum
1103 1976 1222 2013 foedis
1240 1971 1524 2013 certa'minibus
1605 1968 1661 2015 25

86 2051 302 2096 agerent-ur
333 2047 439 2092 (nam
471 2050 625 2096 partem
656 2047 910 2085 tribunorum
940 2048 1051 2098 plebi
1079 2052 1212 2097 patres
1238 2048 1278 2085 in
1304 2062 1414 2086 suam
1439 2061 1525 2085 sen-

85 2119 252 2156 tentiam
282 2120 520 2168 traxerant),
550 2119 663 2157 nulla
693 2133 755 2156 res
786 2119 866 2156 alia
896 2120 1080 2157 manibus
1110 2124 1335 2170 temperare
1364 2119 1523 2170 plebem
1542 2117 1564 2152 ‘2

86 2190 253 2240 cogebat
285 2203 401 2240 quam
429 2190 548 2240 quod,
579 2191 648 2228 ubi
672 2191 768 2228 rixae
793 2191 1088 2229 committendae
1115 2205 1233 2230 causa
1250 2193 1399 2230 clamor
1416 2195 1526 2230 ortus

85 2267 199 2309 esset,
229 2262 432 2312 principes
458 2267 618 2300 senatus
641 2263 762 2313 primi
785 2264 914 2301 turbae
938 2263 1146 2301 offerentes
1171 2278 1212 2302 se
1237 2265 1319 2315 peti
1335 2264 1527 2313 feririque

86 2337 206 2383 atque
238 2333 369 2371 occidi
401 2334 604 2372 iubebant.
649 2335 716 2372 Ab
748 2335 887 2373 horum
912 2336 1098 2374 aetatibus
1126 2336 1470 2386 dignitatibusque
1487 2339 1526 2372 et
1545 2334 1567 2367 3

86 2406 310 2443 honoribus
341 2406 544 2444 violandis
577 2407 670 2444 dum
702 2407 988 2455 abstinebatur,
1020 2411 1059 2445 et
1089 2409 1139 2445 ad
1171 2409 1349 2459 reliquos
1380 2407 1527 2445 similes

87 2483 251 2516 conatus
275 2478 517 2516 verecundia
542 2478 609 2515 irae
634 2479 831 2518 obstabat.
879 2478 1072 2517 Camillus
1100 2480 1315 2518 identidem
1343 2479 1525 2516 omnibus
1542 2476 1567 2512 4
1600 2469 1603 2471 ’

89 2550 188 2588 locis
215 2550 577 2588 contionabundus:
609 2550 731 2587 Haud
758 2551 898 2588 mirum
919 2552 961 2588 id
979 2552 1139 2602 quidem
1159 2565 1254 2597 esse,
1280 2552 1412 2588 furere
1430 2549 1526 2587 civi-

88 2625 222 2668 tatem,
248 2635 349 2671 quae,
378 2621 565 2660 damnata
580 2623 676 2667 voti,
701 2623 876 2660 omnium
893 2637 1024 2660 rerum
1042 2624 1237 2673 potiorem
1257 2636 1392 2660 curam
1410 2635 1527 2672 quam

86 2693 286 2742 religione
303 2707 343 2731 se
361 2693 593 2732 exsolvendi
611 2693 766 2732 habeat.
811 2694 928 2733 Nihil
946 2695 994 2732 de
1012 2695 1224 2732 collatione
1242 2694 1386 2739 dicere,
1410 2694 1526 2744 stipis
1545 2694 1568 2730 5
